1916 3126
90 186 147 226 ss,

559 188 603 216 DE
623 175 719 217 δύω).
740 186 880 215 ssvano
901 175 1068 216 minabat
1088 187 1308 218 Tr.STlMONIA.
1719 192 1753 220 94

95 247 215 283 quodque
227 247 300 276 inter
316 246 491 281 hujusmodi
503 246 631 273 homines
641 250 722 280 caput
734 248 788 278 est,
803 233 904 271 medio-
919 241 944 275 Ᾱ
958 244 1084 271 credatur
1097 245 1146 272 toti
1159 250 1260 273 sancta:
1274 245 1552 281 Maioris-Mo-uamerii
1569 246 1753 282 multitudini,

97 293 199 321 uitatis
222 294 326 321 virtute
350 289 530 327 conspicuus
543 313 552 325 .
567 299 628 320 cum
644 291 679 319 ad
698 291 792 319 viriles
813 290 910 318 mediae

101 339 185 368 astatis
200 339 372 367 excrevisset
393 346 487 369 annos
501 359 508 371 ,
526 344 556 366 ut
572 339 612 366 vir
625 338 743 374 prudens
755 358 763 372 ,
779 336 908 365 mundum

104 388 131 416 iu
144 388 258 422 maligno
273 386 401 421 positum
416 393 485 415 esse
500 385 673 421 perpendens
688 405 696 417 ,
718 390 744 413 et
758 384 907 413 secundum

109 433 310 462 carnemvivere
322 431 370 460 vel
378 439 483 468 sapere
496 425 613 460 mortem
626 435 654 460 et
667 431 811 460 stultitiam
823 431 907 466 depu-

114 488 170 510 tas
182 503 189 515 ,
204 473 293 509 relicta
307 472 396 509 domo
410 486 441 510 et
451 481 627 517 cognatione,
641 475 775 515 rebusque
790 480 907 516 propriis

118 530 146 556 in
157 535 227 555 usum
242 534 392 562 pauperum
413 527 547 561 expensis
560 547 569 561 ,
583 526 618 555 ad
637 526 746 555 beatum
758 526 905 555 Manilium

122 573 277 606 secontulit;
289 582 303 600 a
319 581 376 609 quo
387 573 515 602 ofﬁciose
530 576 558 602 et
575 571 653 610 grite
669 571 811 609 tbScept'us
824 594 831 606 ,
846 573 908 610 ejus

125 620 322 656 sediscipulatui
343 621 538 650 incunctanter
556 617 678 649 subdidit
692 641 700 655 ,
715 625 817 655 etcum
832 628 865 648 eo
878 621 905 648 in

130 666 244 701 praedicto
251 666 541 703 Maiori-Honestum,
551 668 638 696 donee
652 664 735 696 carul
748 667 905 702 exuet-elui,

132 715 169 740 vir
180 719 275 741 sanctus
289 710 508 742 familiarissime
523 709 703 742 conitersittus
716 718 768 742 est.
783 712 905 749 Recepto

135 760 235 795 denique
247 761 312 789 inter
322 761 384 789 celi
395 767 502 789 secreta
517 761 678 789 beatissimo
691 760 809 789 Mat-tino
819 781 826 793 ,
842 760 905 788 Sul-

136 807 208 840 picius
220 807 263 834 iste
271 806 397 839 Severus,
406 807 452 842 qui
461 807 521 841 ejus
532 806 704 842 discipulatui
716 800 789 834 totus
797 803 905 841 semper

138 850 370 892 ithaseragcellam
386 851 475 880 Patris
487 860 535 888 per
548 847 775 892 quinquennium,
790 851 906 879 haeredi-

136 902 183 930 tate
191 889 311 935 videlicet,
328 899 459 941 praeclare
470 896 533 941 plus
549 888 637 941 [iteres
649 890 677 926 ei
691 890 825 927 habitatur
835 898 905 926 obti—

959 297 1021 325 qua:
1041 297 1127 318 sacra:
1150 288 1329 326 depasitionis
1343 293 1402 328 ejus
1418 293 1550 322 solemnia
1569 294 1666 323 festivo
1677 300 1757 332 quot-

958 336 1039 364 annis
1077 337 1254 366 concelebrat
1278 338 1386 368 ofticio:
1411 340 1491 375 cujus
1516 341 1669 369 celebritati
1695 342 1754 376 ipse

959 389 1068 418 quoque
1082 383 1152 419 apud
1162 390 1210 412 eos
1224 384 1327 421 degens
1341 390 1368 413 et
1382 387 1466 414 semel
1480 388 1614 415 etiterum
1627 387 1754 422 interfui,

957 434 985 458 et
993 425 1064 460 hanc
1072 438 1132 459 cum
1145 432 1254 461 caeteris
1262 431 1459 466 fratribuscum
1469 434 1599 462 nonnulla
1610 435 1754 472 devotione

958 476 984 503 i'v'
997 476 1108 504 kil'éii'd.
1122 476 1266 505 Februarii
1282 498 1291 511 ,
1306 485 1335 505 ut
1348 484 1454 514 agttur,
1467 480 1599 515 percolui.
1616 478 1755 509 Habeatur

958 528 1037 557 ergo,
1055 528 1085 549 ιιι
1096 522 1206 557 dignum
1222 528 1264 550 est
1282 531 1331 558 pro
1345 525 1519 558 auctoritate,
1535 530 1615 554 tanta:
1630 527 1697 555 fides
1710 534 1756 558 ec-

957 568 1048 595 clesiae
1062 587 1069 601 ,
1091 571 1118 596 et
1131 567 1276 597 contrahat
1289 569 1316 597 et
1336 569 1440 606 tippllet
1455 578 1486 599 os
1506 579 1587 600 suum
1601 572 1730 608 iniquitas
1743 594 1752 607 ,

958 622 1018 650 quae
1042 614 1241 651 confessionem
1267 620 1295 643 et
1319 616 1568 652 pulchritudinem,
1585 626 1666 654 quam
1677 620 1754 648 dedit

959 660 1199 701 Dominussanctu
1212 664 1262 689 suo
1275 665 1303 690 et
1316 663 1424 691 excelso
1438 663 1464 691 in
1477 664 1560 691 verbo
1572 664 1677 700 εισι-ιω,
1694 673 1756 701 prq-

956 699 1058 736 cacilel'
1082 697 1120 735 iili
1137 702 1234 735 nitiiur
1251 707 1396 744 obrogare.
1412 708 1520 737 Gratias
1539 697 1585 738 tibi
1601 718 1651 745 ago
1667 731 1675 745 ,
1690 697 1757 739 doc-

958 753 1010 780 trix
1022 754 1123 780 viarum
1152 754 1197 781 Dei
1224 755 1396 791 otnnipotens
1415 757 1548 791 sapientia
1564 777 1572 790 ,
1596 764 1656 792 quat
1679 758 1705 785 in
1720 766 1756 792 eo

957 797 1045 826 vicisti
1061 799 1189 826 malitiam
1203 810 1210 833 -,
1226 800 1425 836 delapsumque
1446 802 1473 829 in
1493 802 1598 830 foveam
1613 803 1679 831 etin
1695 804 1754 832 vin-

957 846 1026 874 culis
1037 846 1140 880 peccati
1154 846 1271 881 positum
1287 855 1341 875 non
1355 848 1542 884 dereliquisti;
1557 849 1605 878 sed
1620 850 1646 878 in
1658 843 1754 879 fraude

956 891 1232 920 elrcumvenientitttn
1249 893 1287 921 illi
1304 896 1447 928 assistens,
1463 904 1477 923 a
1495 897 1683 931 peccatoribus
1695 906 1755 934 gra-

136 944 195 970 nuit.
209 944 284 978 Quem
298 965 305 976 ,
318 944 423 972 scilicet
436 936 605 979 sulpicium,
619 939 744 980 quamvis
758 943 903 973 admodum

993 940 1002 965 ὲ
1026 940 1079 965 ιιιὼ
1101 936 1265 970 adiersai’iis
1285 940 1405 969 liberasti
1420 950 1482 969 eum
1499 964 1506 976 ,
1524 949 1650 979 tantaque
1671 939 1771 972 sttbliJ

135 990 284 1022 renitentem,
295 990 473 1019 Bituricensis
483 989 643 1018 clerusinde
653 990 812 1024 extrahens,
821 997 903 1033 sanc-

134 1037 199 1064 titate
212 1040 237 1064 et
248 1037 356 1064 scientia
371 1037 435 1070 viri,
447 1037 602 1072 pariterque
614 1045 707 1065 amore
722 1037 818 1065 ductus
832 1037 904 1065 beati

115 1115 120 1119 _
132 1081 227 1110 liaitini
241 1082 354 1117 magistri
367 1083 427 1118 ejus
437 1103 445 1116 ,
461 1083 697 1118 archiepiscopum
712 1083 764 1111 sibi
775 1083 906 1112 sublima-

133 1129 176 1156 rit.
193 1130 261 1161 Quod
274 1136 289 1156 a
303 1128 455 1165 Pelagianis
474 1129 604 1158 seductus
627 1130 653 1157 in
676 1130 767 1166 aliquo
784 1137 799 1158 a
813 1129 906 1165 regula

126 1174 271 1208 orthodoxa:
284 1175 346 1204 fidei
360 1175 566 1208 exorbitaverit,
583 1184 715 1212 nusquam
730 1174 840 1205 omnino
852 1167 905 1203 hi'si

124 1223 150 1249 in
162 1223 221 1251 solo
232 1223 281 1258 legi
292 1222 450 1257 Gennadio,
467 1223 514 1259 qui
525 1225 617 1252 nescio
632 1229 722 1252 utrum
739 1225 791 1252 hoc
806 1223 904 1251 alicubi

121 1275 148 1296 et
159 1270 216 1304 ipse
229 1270 326 1304 legerit,
341 1278 374 1296 an
392 1277 423 1298 ex
440 1269 498 1297 sola
511 1270 591 1303 fama,
606 1277 666 1305 quae
682 1269 753 1297 facta
765 1275 792 1297 et
805 1269 904 1298 infecta

120 1315 245 1350 loquitur,
257 1317 390 1349 didicerit,
407 1315 473 1344 illud
491 1321 583 1345 tamen
600 1314 717 1344 fideliter
730 1315 904 1352 credo,hunc

119 1361 177 1395 ejus
189 1369 303 1389 errarent
316 1362 385 1396 apud
400 1362 472 1397 pium
485 1361 605 1397 judicent
620 1360 775 1396 Christum,
789 1364 834 1398 qui
846 1370 904 1398 pos-

117 1409 142 1435 :.'
160 1400 263 1436 statibus
284 1409 429 1437 clementer
453 1408 594 1444 ignoscit,
619 1408 704 1444 ipsius
728 1410 824 1438 merita
849 1418 903 1438 non

117 1456 274 1486 minui-asse,
285 1456 352 1483 sicut
365 1457 390 1483 in
406 1456 527 1484 Ecclesia
541 1455 666 1485 videmus
676 1456 788 1491 gloriam
803 1453 904 1488 sancti;

118 1504 177 1528 ulla
200 1502 255 1536 ejus
277 1509 327 1530 non
353 1503 533 1536 obscurasse;
555 1511 616 1531 cum
642 1509 739 1531 auctor
760 1504 831 1531 idem
857 1504 902 1539 qui

117 1548 197 1575 refert
219 1548 378 1583 deceptum,
401 1552 517 1577 testetur
539 1554 567 1577 et
590 1555 743 1584 correctum
757 1567 766 1583 ,
785 1549 880 1578 dicens
893 1570 902 1583 ,

116 1593 188 1632 illaut
210 1594 392 1628 ptenitentiutn
414 1594 467 1623 sibi
481 1594 533 1630 ipsi
549 1595 712 1631 imposuisse
725 1616 733 1628 ,
748 1601 779 1624 ut
797 1596 902 1624 scilicet

115 1641 246 1668 silentium
256 1648 339 1676 usque
348 1642 379 1669 ad
390 1647 505 1670 mortem
515 1646 631 1675 teneret.
640 1644 775 1678 quatenus
787 1642 903 1670 tacendo

119 1688 224 1720 penitus
239 1687 397 1715 emendaret
412 1688 485 1723 quod
502 1688 610 1715 incaute
624 1688 761 1723 loquendo
772 1688 904 1724 deliquis—

115 1737 166 1759 8η.
182 1732 214 1759 Et
229 1733 280 1760 hoc
295 1741 328 1760 eo
348 1734 433 1769 magis
455 1734 490 1761 sit
511 1735 610 1761 mitutn
627 1741 739 1763 necesse
756 1740 797 1762 est
809 1755 815 1766 ,
831 1734 903 1770 quod

114 1787 171 1806 cum
186 1785 258 1807 esset
272 1779 359 1807 clarus
374 1788 487 1817 genere,
503 1780 627 1808 sublimis
638 1780 780 1816 dignitate,
799 1781 904 1817 episco-

116 1834 160 1859 pus
175 1826 274 1857 ιιειίιὶο.
289 1833 320 1853 ac
332 1834 380 1859 per
390 1829 443 1855 hoc
457 1827 582 1862 pluribus
592 1834 623 1855 se
637 1827 750 1860 debetis,
765 1828 903 1863 publicum

114 1872 258 1903 desereret,
275 1866 404 1900 secretum
421 1877 545 1908 peteret,
559 1878 641 1910 atque
655 1874 784 1901 carcerali
800 1873 903 1902 latebra

114 1924 139 1944 se
153 1919 351 1950 pradanmans,
367 1918 502 1953 simulque
514 1919 623 1953 vigiliis,
635 1920 705 1946 fame
719 1927 745 1947 et
758 1918 903 1955 frigoribus

113 1970 216 1990 carnem
239 1970 377 1991 maceratis
391 1985 399 1998 ,
422 1964 449 1991 in
468 1964 566 1999 spiritu
586 1964 748 1994 humilitatis
769 1972 795 1993 et
811 1967 902 1995 animo

112 2009 224 2036 coturno
238 2006 293 2035 beo
302 2007 481 2038 satislaeerei.
491 2008 609 2038 Pronide
618 2011 745 2046 quis,nisi
756 2010 790 2040 de
800 2012 902 2042 Christi

114 2057 208 2091 pietate
221 2055 349 2084 difﬁdens
361 2077 369 2091 ,
386 2064 440 2084 non
455 2057 529 2094 dico_
543 2058 577 2086 de
596 2060 655 2093 ejus
678 2060 766 2087 salute
777 2080 785 2094 ,
803 2060 853 2088 sed
868 2060 903 2088 de

113 2103 222 2131 maxime
240 2102 300 2138 ejus
312 2103 457 2131 sanctitate
469 2104 595 2132 dubitare
607 2105 661 2140 jam
676 2103 792 2134 audeat?
803 2101 904 2135 Fideli!

111 2158 194 2178 sermo
209 2172 216 2182 ,
239 2156 267 2177 et
290 2150 364 2178 omni
387 2151 547 2186 acceptione
570 2152 676 2187 dignus.
694 2152 728 2180 Et
741 2152 837 2188 quidni
856 2153 903 2181 illa

110 2199 292 2226 taciturnitate
303 2197 427 2225 solitaria
445 2197 478 2225 ad
495 2198 663 2234 diligendum
686 2199 770 2227 Deum
788 2199 857 2227 intra
874 2207 904 2227 se

109 2244 309 2272 coalesceret
324 2251 372 2271 cur
394 2244 471 2279 ejus?
485 2244 578 2280 quidni
600 2245 627 2272 in
651 2245 829 2274 meditatione
844 2246 904 2281 ejus

109 2288 298 2320 “ardesceret
322 2290 391 2327 ignis
406 2287 624 2327 compunctionis
640 2288 758 2329 (quidni,
772 2291 837 2321 dum
849 2290 902 2321 non

107 2335 195 2368 nam
205 2338 261 2367 hoc
272 2333 361 2371 vacat,
370 2334 545 2367 revocaretur
558 2335 637 2367 dolor
649 2338 812 2368 oﬂcnsionis
823 2331 904 2377 suae)?
918 2332 931 2363 Ι

106 2378 160 2422 δυο
173 2380 281 2415 scilicet
296 2378 360 2421 igne
380 2376 407 2413 in
422 2382 532 2413 camino
544 2379 643 2413 divitiae
657 2385 825 2421 probationis
839 2376 905 2414 exa-

105 2429 223 2463 minatus
233 2423 249 2466 ξ
259 2438 288 2461 et
308 2432 384 2461 fonte
399 2425 595 2469 iacrytnarum,
612 2427 709 2468 quibus
723 2441 770 2469 per
785 2434 905 2471 singulas

106 2477 195 2509 sueta
207 2501 216 2514 ,
241 2476 269 2507 id
283 2481 326 2507 es:
351 2478 559 2507 recordationes
583 2473 705 2515 ejusdem
718 2479 879 2508 oﬂ‘ensionis
894 2502 902 2515 ,

92 2509 213 2556 Istratum
224 2522 405 2554 conscientia:
416 2524 534 2562 rigabat,
542 2533 603 2554 cum
617 2522 735 2562 lfySSOpo
747 2527 903 2563 purgatoria

100 2573 300 2604 huniliationis
314 2580 455 2609 aspersus,
473 2571 596 2609 profecto
610 2567 756 2602 mundatus
772 2577 814 2601 est
828 2581 842 2600 a
858 2564 903 2602 de.

100 2619 161 2647 ficto
169 2619 307 2652 maximo,
320 2625 346 2646 et
356 2623 441 2654 super
453 2619 542 2646 nivem
555 2617 709 2647 dealbatus.
728 2616 822 2653 Itaque
830 2623 903 2655 quo-

100 2666 244 2694 dammodo
262 2667 401 2693 transiens
410 2674 457 2700 per
471 2667 592 2701 ignemct
608 2666 823 2701 aquarii,optiiuo
836 2668 903 2695 tem-

100 2721 160 2750 pore
172 2714 289 2740 eductos
300 2719 339 2739 cSl
351 2713 378 2739 iu
390 2713 573 2747 refrigerium.
584 2711 701 2739 Proinde
713 2714 816 2746 lignum
827 2708 899 2740 istud

99 2760 277 2790 fructiferum,
286 2759 338 2786 etsi
351 2758 500 2793 aliquando
512 2760 680 2793 subripit-nte
692 2764 774 2786 vento
789 2758 904 2789 fallacias

99 2807 129 2835 ad
141 2807 308 2842 Aqtlilunettl
321 2805 442 2844 transiit,
456 2813 510 2831 non
525 2805 560 2831 ibi
577 2800 674 2833 cecidit
688 2814 738 2833 nec
751 2807 785 2833 ibi
798 2815 902 2835 reman-

94 2854 145 2883 sit;
162 2854 209 2880 sed
228 2860 327 2880 rursus
350 2851 437 2879 ﬂante
452 2851 509 2878 Deo
526 2857 678 2887 regyralum
700 2853 732 2880 ad
748 2854 877 2882 Austrum
895 2876 903 2889 ,

93 2900 131 2933 ibi
145 2909 171 2927 tu
188 2900 244 2927 hue
260 2898 362 2926 cecidit
377 2919 385 2931 ,
404 2898 498 2933 ibique
522 2897 581 2925 sine
603 2890 655 2926 fine
675 2901 858 2933 permanebit.
876 2897 906 2930 Si

100 2955 186 2977 autem
200 2947 356 2977 assertioui
371 2947 428 2975 mei
444 2946 534 2975 solius
548 2954 628 2982 super
642 2946 683 2975 liis
699 2955 750 2975 non
765 2949 885 2978 creditur
895 2970 903 2986 ,

958 985 1037 1011 masti
1048 984 1144 1020 gloria,
1164 991 1191 1012 ut
1207 986 1278 1013 inter
1292 987 1362 1015 filios
1373 988 1493 1022 ersdem
1507 990 1599 1023 pratia:
1615 995 1756 1025 computc-
1769 984 1771 987 ⁴

958 1028 1016 1064 iur,
1030 1028 1057 1059 et
1073 1028 1143 1059 inter
1158 1038 1269 1061 sanctos
1283 1041 1342 1062 sors
1356 1035 1428 1063 illius
1442 1036 1487 1063 sit.
1503 1035 1637 1064 theruut
1649 1046 1682 1065 tte
1694 1037 1755 1073 quis

955 1077 989 1105 de
1006 1078 1157 1113 ignorantia
1171 1079 1289 1112 fallatur,
1302 1085 1328 1108 ει
1343 1088 1387 1108 me
1401 1089 1509 1117 qucque
1523 1083 1666 1118 deceptum
1676 1091 1758 1116 sane-
1776 1098 1779 1105 ι

956 1124 1061 1152 titatem
1084 1126 1196 1154 alterius
1218 1126 1296 1155 alteri
1321 1135 1464 1164 arrogasse
1485 1134 1626 1163 causetur;
1649 1131 1754 1158 noverit

955 1170 1028 1199 hunc
1050 1168 1133 1199 alium
1149 1193 1156 1205 ,
1173 1178 1200 1200 et
1214 1173 1297 1201 alium
1312 1174 1386 1201 illum
1401 1182 1463 1203 csse
1484 1175 1656 1210 Sulpicium,
1674 1176 1753 1212 cujus

954 1216 1089 1245 festivitas
1099 1225 1146 1245 va
1160 1217 1270 1247 kalend.
1288 1221 1439 1256 praescripti
1455 1223 1557 1249 mensis
1572 1222 1713 1250 Februarii
1724 1225 1752 1251 in

955 1264 1095 1292 nonnullis
1116 1265 1239 1293 ecclesiis
1265 1267 1435 1299 celebtzatur:
1456 1269 1552 1297 ambos
1566 1275 1655 1298 tamen
1673 1271 1753 1300 unius

954 1312 1133 1347 ejusdemque
1146 1314 1265 1342 civitatis
1280 1315 1457 1344 Bituricensis
1472 1316 1555 1345 fuisse
1569 1317 1753 1353 archiepisco-

954 1365 1021 1393 pos;
1036 1362 1063 1385 et
1086 1358 1159 1387 hunc
1174 1360 1283 1394 quidem
1299 1360 1333 1389 ob
1344 1361 1547 1390 distinctionem
1563 1363 1675 1391 alterius
1691 1363 1754 1391 Sul-

954 1402 1053 1439 picium
1068 1404 1199 1433 Severum
1212 1426 1220 1440 ,
1235 1406 1310 1435 illum
1325 1415 1390 1436 vero
1405 1409 1553 1444 Sulpicium
1568 1409 1645 1437 Pium
1659 1410 1752 1445 appel-

952 1449 1012 1477 lari.
1028 1449 1150 1478 Inveniet
1164 1457 1254 1480 autem
1271 1459 1298 1481 et
1314 1454 1430 1489 diligens
1441 1462 1575 1483 annorum
1591 1461 1753 1492 supputator

954 1495 1026 1523 hunc
1048 1496 1097 1523 illo
1122 1498 1237 1525 multutn
1262 1501 1430 1534 superiorem
1455 1505 1579 1537 tempore
1595 1523 1603 1536 ,
1625 1510 1685 1530 cutn
1702 1503 1753 1531 ista

953 1542 1025 1570 beati
1036 1543 1202 1580 Martini,qui
1214 1546 1309 1574 tertius
1319 1546 1461 1575 Turonicaa
1476 1549 1603 1583 prarsedit
1617 1550 1751 1584 ecclesia,

955 1589 1000 1615 ilic
1015 1588 1157 1621 diebus,’S.
1172 1590 1297 1628 Gregorii
1308 1613 1316 1625 ,
1328 1593 1374 1629 qui
1390 1601 1478 1622 nonus
1496 1595 1618 1624 decimus
1630 1588 1754 1626 eamdem

916 1633 940 1665 C
957 1635 1027 1662 rexit
1051 1636 1196 1664 ecclesiam
1212 1658 1219 1670 ,
1244 1639 1393 1668 exstiterit.
1413 1640 1549 1676 Sulpicius
1566 1642 1648 1677 igitur
1662 1649 1754 1672 noster

957 1682 1009 1709 iste
1026 1682 1139 1718 insignis
1152 1688 1181 1711 et
1190 1684 1313 1720 elegans,
1324 1686 1476 1715 studiorum
1488 1692 1517 1716 et
1528 1697 1642 1724 operum
1652 1689 1755 1718 beatis-

957 1727 1018 1754 simi
1032 1727 1139 1756 Martini
1153 1732 1333 1766 conscriptor,
1351 1740 1404 1760 non
1417 1734 1639 1769 reprehensionis
1653 1736 1755 1772 elogio.

956 1773 1005 1801 sed
1019 1774 1125 1803 summo
1140 1776 1227 1807 laudis
1245 1777 1342 1814 dignus
1358 1781 1497 1814 prmconio
1516 1787 1662 1811 censeatur
1677 1802 1685 1817 .
1709 1784 1755 1819 qui

956 1820 1203 1855 splendidissimum
1218 1831 1353 1859 gemmam
1368 1833 1452 1855 aureo
1472 1827 1601 1856 luculenti
1617 1829 1753 1858 sermonis

956 1864 1135 1906 circtitndans
1144 1868 1262 1902 eloquio,
1274 1876 1327 1898 tam
1341 1873 1501 1907 praclarum
1517 1879 1627 1910 tamque
1640 1876 1753 1911 politum

956 1911 982 1939 in
1001 1912 1090 1941 medio
1116 1914 1245 1943 Ecclesia:
1270 1913 1412 1956 speculare
1435 1921 1585 1955 ponebat,
1605 1928 1635 1950 ut
1659 1931 1756 1953 omnes

956 1958 1021 1986 boni
1039 1961 1274 1997 mmulatores,qui
1289 1965 1330 1991 sui
1345 1965 1462 1993 sollicite
1476 1974 1570 1995 curam
1585 1975 1713 2004 gerentes
1726 1971 1754 1999 in

955 2005 1071 2034 veritate
1085 2006 1184 2034 satiari
1197 2009 1311 2042 cupiunt
1323 2031 1331 2044 ,
1347 2010 1374 2037 iii
1389 2010 1435 2038 illo
1445 2009 1509 2047 quid
1523 2009 1674 2048 viiandum,
1690 2008 1755 2050 quid

954 2051 1184 2086 appetendum,et
1196 2054 1267 2082 unde
1276 2055 1437 2090 placendum
1449 2058 1485 2086 sit
1495 2058 1755 2096 Deo,limpidissime

957 2099 1133 2135 perspictaiti.

956 2157 1053 2186 XXIX.
1069 2158 1111 2187 Ea;
1124 2158 1253 2188 Chronico
1268 2147 1413 2191 Turonemt'
1430 2185 1437 2198 ,
1449 2166 1519 2200 quod
1532 2167 1559 2193 in
1571 2175 1668 2195 annum
1685 2168 1755 2197 1292

992 2204 1098 2240 desinit,
1108 2206 1180 2242 apud
1196 2208 1317 2237 Martem
1329 2214 1390 2238 tom.
1406 2211 1427 2239 V
1444 2211 1564 2241 Veterum
1577 2213 1754 2250 Scriptorum,

992 2257 1040 2279 etc.
1058 2261 1120 2289 pag.
1137 2253 1204 2282 925:

993 2309 1024 2337 S.
1041 2310 1198 2340 Florentius
1216 2313 1301 2341 abbas
1315 2314 1402 2343 claret
1414 2330 1457 2343 υ..
1469 2315 1556 2344 claret
1567 2321 1595 2345 et
1608 2318 1638 2346 Β.
1655 2318 1756 2346 Mauri-

958 2355 1012 2383 lius
1025 2356 1235 2394 Andegztvensis
1247 2361 1397 2398 episcopus
1412 2381 1456 2392 ....
1472 2363 1607 2399 Sulpicius
1619 2367 1757 2395 maximus

959 2407 987 2430 et
998 2403 1090 2431 Gallus
1101 2420 1110 2438 ,
1128 2409 1155 2432 et
1176 2405 1367 2436 Postumianus
1379 2429 1386 2440 .
1406 2413 1434 2437 et
1447 2408 1545 2437 Clarus
1558 2428 1565 2444 .
1580 2410 1754 2446 etBrictius,

959 2450 1031 2480 beati
1046 2452 1156 2481 Martini
1171 2453 1339 2484 Turonensis
1355 2456 1491 2492 discipuli.

958 2518 1044 2547 XXX.
1060 2514 1212 2557 Ahariyntiti
1234 2523 1262 2551 in
1286 2515 1401 2561 Proldgo
1417 2520 1448 2553 S.
1471 2519 1578 2555 Paulini
1591 2549 1598 2561 ,
1614 2536 1647 2556 ex
1667 2527 1757 2557 codice

996 2566 1161 2597 Cftlnt'izcemi
1173 2565 1244 2607 'np'u'd
1261 2570 1293 2599 P.
1308 2563 1346 2601 Le
1356 2563 1483 2602 liminium
1495 2571 1523 2602 iri
1538 2574 1718 2604 Testimoniia:

992 2626 1122 2656 Paulinus
1135 2634 1246 2668 sanctus
1261 2630 1371 2672 Nolana:
1392 2633 1511 2662 civitatis
1529 2636 1674 2670 episcopus
1688 2658 1695 2669 ,
1709 2643 1757 2672 ge-

956 2680 1022 2700 nere
1036 2673 1188 2714 Aquitanus
1202 2697 1209 2710 ,
1224 2669 1355 2713 dignitate
1368 2686 1432 2707 vero
1446 2669 1559 2716 generis
1575 2669 1650 2709 urbis
1664 2681 1757 2710 Romtu

955 2723 1066 2747 senator
1072 2720 1251 2756 clarissimus,
1258 2725 1385 2761 exemplo
1394 2727 1514 2755 maxime
1522 2732 1551 2755 et
1563 2728 1757 2763 praedicatione

958 2766 1031 2793 beati
1048 2766 1155 2795 Martini
1170 2768 1338 2798 Turonensis
1353 2773 1491 2808 episcopi,
1507 2780 1532 2801 et
1549 2774 1675 2808 Delphini
1690 2774 1757 2803 nur-

956 2810 1110 2853 degalensis
1126 2833 1133 2846 ,
1155 2821 1208 2851 una
1222 2822 1283 2842 cum
1301 2817 1396 2845 Severo
1411 2818 1530 2853 Sulpicio
1543 2827 1620 2855 aque
1632 2819 1715 2848 nobili
1730 2826 1759 2849 et

957 2857 1078 2900 litterato
1094 2859 1164 2894 viro,
1180 2868 1213 2888 ex
1230 2861 1298 2889 loica
1312 2869 1337 2890 et
1350 2864 1486 2901 conjugali
1501 2865 1553 2892 vita
1568 2866 1600 2892 ad
1616 2865 1760 2901 perfectio-

957 2901 1000 2933 nis
1014 2905 1178 2934 Christianae
1193 2908 1353 2943 pauperiem
1368 2910 1532 2939 ditissitnam
1548 2912 1763 2945 animatus,om-

957 2959 1019 2981 nem
1035 2960 1165 2990 pompam
1178 2959 1206 2983 et
1222 2955 1315 2985 luxum
1333 2957 1427 2986 saeculi
1442 2958 1570 2997 calcans,
1586 2968 1762 2998 quacumque
