3832 6252
206 323 278 379 ιιι
1314 308 1659 393 HISTORIA
1697 311 1749 368 Si

1891 312 1948 369 Α.
1991 312 2123 370 LIB.
2173 303 2235 370 ιι.
2356 363 2360 368 .
3228 327 3237 336 ο
3308 281 3461 370 Ἷὲε
3529 295 3536 308 “

199 443 424 499 ambiendo
465 443 530 498 ab
582 441 948 508 imperatore
988 433 1160 505 cupita
1203 437 1616 501 extorquere-ut.
1672 429 1751 486 Ita
1777 431 1827 493 Α
1858 437 2048 502 scopo,
2080 429 2198 484 viro
2231 429 2392 499 plane
2423 429 2706 500 Apustclis
2733 429 3071 486 conferendo
3091 468 3107 497 ,
3153 427 3333 500 palam
3363 428 3463 485 ob-

198 544 400 604 corrupto
424 529 746 589 Macedonio
783 537 908 581 tum
931 525 1181 607 magistro
1201 522 1757 586 offlciorum,rescri-
1855 525 2068 593 jectare
2110 520 2340 578 haeresis
2393 522 2714 579 infamiam;
2765 533 3008 600 namque
3048 531 3161 577 tum
3207 520 3467 578 Martinus

202 642 311 700 ptum
329 627 548 687 eliciunt,
576 638 689 696 quo
718 622 962 678 calcatis
995 635 1112 690 quin
1139 617 1289 688 prius
1314 615 1534 673 decreta
1566 625 1745 681 erant,

198 720 622 782 restitaiEcclesiis
644 716 1017 788 jubebantur.
1064 713 1176 769 Hoc
1221 712 1343 768 freti
1372 709 1675 767 Instantius
1702 717 1758 765 et

199 816 501 873 Priscilliauus
522 811 846 882 rcpethere
885 809 1174 880 Hispanias
1193 809 1344 878 (nam
1372 805 1664 861 Salvianus
1698 803 1754 860 in

199 911 297 965 me
320 903 550 970 obierat).
582 919 651 960 ac
680 913 806 959 tum
838 899 1120 957 sine-ullo
1144 897 1454 957 certamine
1477 896 1774 954 Eccle-ias.

198 1000 350 1071 quibus
370 997 709 1066 praefuerant,
743 1009 1027 1064 recepere.
1383 1035 1388 1040 .

255 1090 407 1151 ιω.
430 1091 620 1147 Verum
646 1089 863 1152 [that-io
892 1088 960 1148 ad
986 1079 1352 1149 resistendum
1377 1098 1486 1142 nun
1515 1084 1752 1151 animus,

198 1184 477 1240 sedfacultas
495 1183 670 1238 defuit
697 1201 709 1234 ε
738 1182 868 1253 quia
893 1179 1136 1240 heretici
1163 1188 1428 1250 corrupto
1461 1175 1758 1254 volventio

199 1279 459 1345 praediuitis
480 1278 618 1333 vires
636 1279 768 1332 suas
783 1261 1265 1331 confirmaverant.
1281 1273 1424 1343 Quin
1435 1273 1598 1329 etiam
1608 1271 1757 1328 itha-

194 1374 436 1426 riusaMtis
455 1372 602 1440 quasi
625 1368 981 1440 perturbatur
1005 1367 1404 1431 Ecclesiarum.
1428 1379 1554 1422 reus
1570 1375 1758 1435 postu-

199 1467 316 1523 latus.
331 1480 598 1534 mss-usque
618 1479 719 1533 per
736 1454 978 1521 atrocem
996 1457 1632 1526 exsecutionemdeduci,
1650 1467 1758 1514 tre-

198 1562 314 1622 pidus
327 1561 538 1630 profugit
559 1558 626 1612 ad
651 1557 885 1614 Gallias.
911 1556 986 1611 lbi
1010 1553 1334 1626 Gregorium
1347 1552 1670 1626 'pt'mfectum
1685 1550 1754 1608 ad

197 1652 626 1722 nequicompertis
654 1666 777 1721 qua.
811 1658 1155 1722 gestaerant,
1185 1645 1379 1717 rapiad
1394 1660 1456 1702 se
1472 1645 1756 1702 turbarum

194 1756 396 1801 auctores
412 1746 578 1817 jubet,
605 1760 674 1800 ac
695 1746 763 1801 de
780 1744 1040 1808 munibus
1060 1743 1126 1798 ad
1155 1743 1541 1810 imperatorem
1564 1739 1753 1805 refert,

1862 614 2008 685 apud
2031 613 2308 688 Treveros
2338 616 2702 685 constitutus,
2734 631 2843 672 non
2871 614 3165 672 desinebat
3186 615 3469 685 increpare

1859 704 2157 769 lthacium,
2190 715 2246 760 ut
2289 705 2358 762 ab
2398 709 2743 763 accusatione
2786 707 3119 784 desisteret;
3170 705 3462 784 Maximum

1861 815 2053 868 orare,
2084 808 2142 856 ut
2186 801 2454 871 sanguine
2485 800 2787 857 infelicium
2821 803 3160 865 abstineret;
3203 802 3339 858 satis
3372 814 3466 856 su—
3496 789 3499 791 ί

1864 911 2066 965 perque
2106 894 2395 974 sufﬁcere,
2448 907 2506 949 ut
2546 896 2851 966 episcopali
2903 898 3173 952 sententia
3219 892 3466 952 hrcret'ici

1807 1041 1809 1043 ,
1855 988 2087 1059 judicati
2122 988 2379 1065 Ecclesiis
2414 988 2783 1055 pellerentur;
2815 1004 3014 1044 novum
3055 1005 3177 1046 esse
3216 1000 3273 1046 et
3301 988 3462 1044 inau-

1862 1083 2034 1137 ditum
2067 1081 2219 1137 nefas
2241 1124 2257 1149 ,
2287 1095 2507 1137 causam
2538 1081 2802 1138 Ecclesiae
2825 1082 2993 1152 judex
3015 1081 3208 1139 sazculi
3249 1081 3465 1153 judica-

1865 1184 1968 1230 ret.
2019 1173 2264 1245 Denique
2312 1173 2491 1244 quoad
2532 1188 2705 1244 usque
2743 1173 3014 1229 Martinus
3043 1171 3302 1231 Treveris
3332 1173 3462 1239 fuit,

1865 1271 2031 1327 dilata
2063 1271 2306 1341 cognitio
2333 1262 2447 1335 est;
2477 1275 2533 1324 et
2561 1283 2684 1323 mox
2717 1267 3073 1324 discessurus
3092 1267 3307 1338 egregia
3337 1263 3465 1323 auc-

1866 1365 2083 1421 toritate
2114 1380 2140 1415 a
2171 1360 2404 1417 Maximo
2431 1361 2622 1415 elicuit
2661 1360 3053 1431 sponsionem,
3088 1357 3226 1413 nihil
3265 1373 3464 1413 eruen-

1865 1467 1977 1513 tum
2022 1435 2077 1512 in
2127 1473 2250 1511 reos
2279 1455 2749 1511 constituendmri.
2781 1451 2890 1510 8a!
2924 1459 3114 1524 postea
3159 1452 3464 1523 imperator

1867 1569 1960 1624 per
2007 1551 2251 1620 Magnum
2283 1559 2337 1605 et
2378 1549 2578 1605 Rufum
2627 1548 2918 1619 episcopos
2948 1547 3308 1618 depravatus,
3342 1556 3398 1601 et
3427 1560 3460 1600 a

1863 1644 2170 1700 mitioribus
2198 1644 2442 1698 consiliis
2472 1642 2749 1708 deﬂexus,
2780 1655 2995 1696 causam
3031 1639 3290 1710 praefecto
3319 1637 3463 1693 Evo-

1846 1740 1952 1795 ~dio
1983 1737 2267 1810 permisit,
2301 1739 2417 1792 viro
2448 1737 2560 1792 acri
2589 1746 2645 1792 et
2671 1751 2899 1804 severo,
2926 1734 3018 1806 qui
3050 1734 3457 1791 Priscillianum

198 1846 238 1892 ut
275 1838 524 1897 heretici:
766 1836 1042 1893 ambiendi
1087 1835 1484 1905 ~praecluderet.
1547 1834 1655 1890 Sed
1703 1833 1755 1890 id
1789 1837 1833 1897 Β
1862 1833 2083 1906 gemino
2109 1831 2317 1902 judicio
2342 1830 2613 1890 auditum
2637 1820 2671 1897 ,’
2697 1829 3115 1899 convictumque
3159 1828 3408 1883 maleficii
3437 1869 3453 1893 ,

195 1927 356 1986 rma:
379 1930 657 2003 fuigcquia
679 1947 778 2002 per
818 1929 1100 1989 libidinem
1131 1940 1187 1986 et
1215 1929 1514 2000 potentiam
1543 1943 1748 2000 pauco-

194 2037 286 2076 rttut
307 2034 482 2084 cuncta
534 2024 609 2079 ibi
662 2025 882 2080 venatia
930 2035 1107 2079 erant.
1143 2023 1311 2093 igitur
1341 2021 1587 2077 hmretici
1635 2023 1752 2077 suis

192 2114 373 2176 artibus.
396 2117 580 2188 grandi
607 2120 843 2184 pecunia
873 2113 1196 2172 Macedonio
1226 2117 1374 2177 data.
1403 2116 1658 2172 obtinent
1693 2125 1752 2172 ut

193 2207 410 2267 imperiali
439 2211 767 2266 auctoritate
794 2210 1059 2280 praefecto
1079 2219 1263 2280 erepta
1281 2210 1523 2282 cognitio
1556 2209 1750 2280 Hispa-

192 2301 366 2361 niam
403 2301 604 2359 vicario
637 2305 793 2374 (nam
815 2305 926 2374 jam
982 2307 1365 2375 proconsulem
1416 2305 1616 2360 habere
1655 2306 1750 2360 de-

192 2391 484 2465 tierent)..."
515 2396 784 2467 missique
811 2414 839 2452 τι
873 2400 1139 2468 magistro
1168 2397 1458 2464 officiales,
1489 2397 1579 2465 qui
1606 2395 1750 2451 Itba-

188 2487 302 2543 ciatu
320 2500 418 2545 tum
438 2489 693 2570 Treveris
707 2501 958 2562 agentem
980 2492 1044 2545 ad
1067 2491 1351 2562 Hispanias
1366 2494 1745 2558 retraherent;

190 2595 297 2648 quos
321 2581 404 2638 ille
430 2583 626 2640 callide
646 2583 958 2639 frustratur
991 2601 1005 2637 :
1046 2599 1329 2654 acposwa
1386 2600 1484 2654 per
1533 2583 1749 2639 Pritan-

192 2673 307 2728 nium
351 2676 662 2750 episc0pum
711 2679 976 2735 defensus
1029 2680 1220 2735 illusit.
1274 2679 1390 2736 Jam
1423 2691 1532 2734 tum
1565 2669 1752 2736 rumor

190 2769 464 2837 incesserat,
513 2773 860 2829 Clementem
903 2773 1200 2828 Maximum
1258 2775 1395 2828 intra
1445 2773 1749 2832 Britannias

190 2860 443 2928 sumpsisse
464 2862 779 2929 imperium,
804 2879 868 2918 ac
896 2863 1045 2919 brevi
1084 2863 1136 2917 in
1178 2861 1383 2919 Gallias
1405 2873 1745 2932 erupturum.

192 2950 248 3005 Ιξι
275 2961 368 3006 tum
395 2952 469 3008 illi
489 2955 626 3012 scius
650 2958 863 3023 Statuit,
895 2958 1019 3012 licet
1055 2959 1218 3012 rebus
1249 2959 1452 3024 dubiis,
1504 2959 1626 3012 novi
1654 2961 1752 3012 im-

191 3048 726 3110 peratorisadventum
759 3062 1082 3121 exsltectare
1127 3067 1141 3104 :
1195 3051 1409 3106 interim
1465 3052 1568 3107 sibi
1620 3052 1750 3106 inhit

189 3134 473 3202 agitandum;
504 3139 670 3213 Igitur
692 3136 1082 3198 uhi'Maxiinns
1107 3127 1364 3212 oppidum
1390 3138 1748 3198 Treverorum

1856 1941 1956 1980 nec
2006 1922 2332 1978 difiitentem
2382 1922 2662 1978 obscoenis
2713 1936 2773 1977 se
2821 1919 3100 1976 studuisse
3150 1918 3457 1987 doctrinis,

1856 2026 2158 2075 nocturnos
2185 2019 2350 2072 etiam
2384 2020 2622 2086 turpium
2657 2015 2982 2072 feminarum
3015 2014 3192 2084 egisse
3224 2027 3463 2069 conven-

1857 2123 1943 2169 tus
1968 2154 1984 2180 ,
2037 2110 2354 2182 nudumque
2399 2127 2559 2168 orare
2590 2111 2810 2167 solitum
2837 2152 2852 2178 ,
2884 2118 3173 2165 nocentem
3217 2122 3462 2179 pronun-

1855 2208 2007 2264 tiavit
2025 2197 2392 2278 ,redegitque
2412 2208 2463 2262 in
2488 2205 2792 2262 custodiam
2813 2247 2829 2271 ,
2853 2205 3029 2259 donec
3057 2202 3124 2257 ad
3157 2202 3457 2273 principem

1854 2303 2105 2359 referret.
2146 2301 2329 2358 Gestis
2358 2300 2423 2356 ad
2475 2300 2737 2371 palatium
2771 2298 3000 2364 delatis,
3032 2296 3248 2353 censuit
3288 2297 3460 2365 impe-

1853 2410 2004 2454 rator
2050 2397 2453 2453 Priscillianum
2499 2395 2791 2466 sociosque
2831 2395 2949 2465 ejus
2979 2393 3174 2464 capitis
3205 2389 3489 2468 damnari

1853 2501 2134 2562 Oportere.
2977 2536 2984 2540 .

1925 2583 2014 2641 Ll.
2066 2583 2336 2639 Caeterum
2387 2569 2625 2638 itltacius
2676 2571 2866 2638 videns
2915 2595 3075 2653 quam
3128 2578 3455 2634 invidiosum

1855 2679 1956 2733 sibi
1981 2678 2124 2750 apud
2151 2678 2442 2750 episcopos
2467 2676 2637 2743 foret,
2668 2677 2711 2731 si
2741 2685 3032 2731 accusator
3054 2675 3214 2729 etiam
3245 2682 3457 2745 postre-

1855 2771 1959 2828 mis
1989 2788 2170 2828 rerum
2203 2771 2520 2842 capitalium
2549 2768 2774 2839 iudiciis
2799 2769 3067 2844 astitisset
3095 2767 3322 2842 (etenim
3353 2766 3456 2823 ite-

1857 2865 1965 2920 rari
1983 2865 2244 2935 judicium
2278 2879 2504 2921 necesse
2534 2875 2647 2919 erat
2670 2862 2711 2936 ),
2743 2849 3013 2918 subtrahit
3036 2877 3096 2916 se
3118 2861 3415 2932 cognitioni
3439 2877 3479 2919 ε,

1858 2959 2100 3024 frustra,
2130 2959 2329 3013 callido
2369 2960 2478 3029 jam
2512 2952 2722 3014 scelere
2769 2957 3038 3027 perfecto.
3082 2957 3152 3012 At
3199 2966 3308 3012 tum
3357 2971 3458 3029 per

1859 3051 2154 3106 Maximum
2202 3059 2486 3106 accusator
2529 3050 2824 3122 apponitur
2869 3049 3406 3127 Pat‘riciuqunidam
3435 3091 3451 3116 ,

1860 3142 1976 3196 fisci
2010 3153 2267 3212 patronus
2294 3159 2307 3196 ι
2345 3144 2417 3197 ita
2448 3158 2513 3196 eo
2547 3143 2832 3198 insistente
2861 3139 3238 3212 Priscillianus
3259 3142 3455 3212 capitis

193 3233 328 3290 rietor
352 3235 623 3306 ingressus
645 3243 730 3290 est
757 3277 771 3303 ,
806 3237 1002 3307 ingerit
1025 3251 1214 3307 preces
1245 3235 1428 3307 plenas
1457 3228 1510 3291 in
1538 3229 1753 3292 Priseil-
1781 3237 1824 3296 C
1861 3237 2154 3291 damnatus
2199 3246 2282 3290 est
2310 3278 2323 3301 ,
2365 3252 2581 3302 unaque
2610 3251 2732 3290 cum
2763 3251 2830 3291 eo
2862 3233 3239 3291 Felicissimtts
3267 3245 3323 3290 ct
3353 3240 3454 3290 Ar-

191 3327 352 3382 liauum
376 3328 644 3385 ac'socios
674 3329 798 3400 ejus
830 3325 1045 3385 invidit?
1077 3340 1241 3400 atque
1269 3331 1583 3407 criminum.
1619 3330 1751 3410 Qui-

188 3416 265 3485 bus
286 3416 544 3494 permotus
575 3424 898 3493 imperator.
931 3423 1070 3479 datis
1104 3422 1168 3479 ad
1204 3416 1520 3495 praefectum
1545 3417 1748 3481 Gallia-

189 3529 281 3568 rum
306 3524 453 3586 atque
481 3517 546 3571 ad
580 3516 848 3572 vicarium
885 3517 1262 3588 Hispaniarum
1297 3515 1533 3596 litteris-,3.
1558 3525 1751 3572 (milies

186 3609 372 3678 ostiario
397 3626 532 3684 quos
570 3611 729 3669 labes
763 3610 852 3667 illa
888 3611 1217 3682 involverat,
1250 3610 1446 3667 deduci
1477 3611 1543 3666 ad
1584 3618 1752 3683 syno-

187 3699 288 3755 iltun
314 3702 773 3776 Bordcgalensern
798 3702 976 3775 jubet.
1010 3702 1085 3758 ita
1119 3703 1336 3764 deducti
1374 3701 1666 3759 Instantius
1695 3713 1750 3758 et

185 3791 541 3854 Priscillianus:
567 3814 805 3869 quorum
833 3798 1129 3853 Instantius
1156 3789 1306 3868 prior
1324 3798 1504 3872 jussus
1525 3793 1745 3852 causam

184 3884 368 3952 dicere,
410 3892 705 3959 postquam
749 3903 810 3944 se
855 3904 1044 3958 parum
1090 3879 1456 3959 expurgat-at,
1490 3881 1746 3958 indignus

185 3979 603 4051 csseepiscopatu
637 3982 1019 4053 pronuntiatus
1047 3984 1149 4036 est.
1186 3979 1558 4037 Priscillianus
1589 3995 1739 4050 vero,

185 4070 317 4128 acab
338 4074 605 4146 episcopis
635 4075 940 4137 audiretur,
971 4073 1035 4129 ad
1067 4075 1364 4145 principem
1397 4073 1742 4143 provocavit;

186 4165 577 4235 missumque
623 4166 677 4222 id
718 4178 1032 4222 nostrorum
1077 4166 1470 4232 inconstantia,
1517 4166 1611 4238 qui
1653 4174 1747 4221 aut

183 4260 462 4316 sententiam
506 4262 564 4316 in
595 4259 966 4332 refragantem
999 4259 1144 4318 ferre
1173 4259 1513 4324 debuerant,
1561 4268 1657 4314 aut
1700 4258 1746 4314 si

183 4349 262 4417 ipsi
289 4354 517 4422 suspecti
555 4352 928 4428 habebantur,
959 4352 1082 4408 aliis
1108 4353 1382 4425 episcopis
1406 4350 1745 4409 audientiam

180 4455 446 4511 reservare.
478 4461 594 4502 ιιοιι
624 4460 844 4502 causam
877 4445 1192 4516 imperatori
1218 4445 1287 4502 de
1310 4457 1415 4500 tam
1446 4433 1746 4502 manifestis

180 4533 457 4594 criminibus
487 4539 834 4610 permittere.
869 4538 948 4594 ita
982 4554 1174 4596 omnes
1203 4554 1342 4612 quos
1370 4556 1534 4597 causa
1575 4540 1747 4594 invol-

179 4637 330 4696 vent,
357 4629 420 4687 ad
448 4647 639 4706 regem
669 4631 928 4689 deducti.‘

233 4719 491 4802 L-Secuti
543 4726 707 4784 etiam
753 4735 1107 4784 accusatores
1147 4725 1360 4782 ldacius
1407 4735 1466 4782 et
1513 4728 1751 4784 lthacius

179 4814 421 4891 epist-pi:
449 4832 688 4893 quorum
715 4823 960 4878 studium
989 4822 1042 4877 in
1075 4821 1451 4894 expugnandis
1477 4823 1752 4880 hrrreticis

182 4920 270 4964 In
309 4899 800 4981 reprehenderim,
847 4914 894 4971 si
944 4930 1052 4970 non
1101 4899 1286 4970 studio
1329 4915 1581 4972 vincendi
1630 4914 1751 4985 plus

178 5013 312 5069 σιω
333 5006 580 5076 oportuit
623 5016 957 5063 certassent.
1017 5013 1095 5063 Ac
1127 5023 1246 5064 mea
1275 5009 1497 5080 quidem
1527 5019 1754 5064 senten-

179 5091 365 5162 tiaeat,
392 5099 532 5154 mihi
561 5108 668 5154 tam
699 5115 827 5156 reos
856 5114 1019 5170 quam
1048 5111 1393 5156 accusatores
1427 5100 1747 5170 displicere.

152 5178 318 5282 fele
358 5189 623 5248 lthacium
672 5184 805 5247 nihil
850 5193 1037 5263 pensi,
1086 5191 1220 5247 nihil
1268 5193 1442 5248 sancti
1492 5193 1748 5250 habuisse

177 5273 386 5340 Iehio:
411 5283 522 5342 fuit
550 5287 692 5344 enim
721 5287 902 5342 audax
927 5328 941 5354 ,
975 5286 1196 5356 loquax,
1218 5286 1543 5356 impudens,
1566 5285 1761 5358 sump-’

177 5373 374 5442 Imus,
421 5376 604 5434 ventri
641 5386 700 5433 et
737 5378 883 5449 gula
917 5376 1216 5449 plurimum
1264 5378 1600 5448 impertiens.
1652 5378 1747 5434 Hic

435 5481 508 5526 eo
555 5483 731 5541 usque
785 5481 1173 5540 processerat,
1227 5479 1285 5523 ut
1328 5484 1521 5524 omnes
1579 5471 1744 5526 etiam

175 5561 578 5630 σπασθῆναι,
603 5560 804 5634 quibus
829 5572 926 5617 aut
970 5561 1210 5637 studium
1243 5561 1418 5615 inerat
1450 5561 1700 5617 lectionis
1723 5603 1738 5628 ,

171 5643 602 5734 mminit:
625 5664 746 5713 erat
773 5667 992 5712 certare
1017 5654 1276 5723 ieiuniis,
1309 5666 1584 5722 tulitquam
1626 5655 1743 5712 Pri-

403 5747 581 5818 ποίας
601 5759 700 5808 aut
723 5749 1060 5823 discipulos,
1089 5749 1139 5804 in
1158 5751 1332 5805 ‘t’l'itttc
1351 5773 1378 5803 tl
1409 5764 1738 5810 arcesseret.

173 5835 724 5924 ιιιίιθι·
753 5859 840 5910 αι
878 5865 946 5905 ea
988 5859 1311 5919 lctupcduit‘
1345 5848 1572 5904 .lizu'ttuu
1623 5848 1738 5928 epi-

1832 3319 2103 3403 ‘inenius,
2137 3329 2229 3400 qui
2260 3346 2433 3400 nuper
2465 3348 2492 3384 ιι
2525 3329 2812 3386 catholicis
2833 3371 2848 3397 ,
2876 3326 3000 3386 cum
3030 3340 3216 3386 essent
3244 3329 3476 3396 clerici,

1861 3423 2260 3480 l'riscillianum
2296 3428 2467 3480 secuti
2519 3425 2886 3480 desciverant.
2918 3423 3284 3480 Latronianus
3317 3439 3451 3496 quo-

1856 3535 1962 3589 que
1992 3529 2049 3575 et
2077 3517 2374 3576 Euchrotia
2409 3518 2590 3591 gladio
2636 3534 2923 3590 perempti.
2961 3517 3256 3573 Instantius
3286 3533 3446 3585 quem

1855 3611 2110 3682 superius
2149 3611 2218 3664 ab
2249 3610 2520 3680 episc0pis
2550 3608 2868 3664 damnatum
2902 3600 3138 3664 diximus
3163 3652 3178 3677 ,
3217 3609 3268 3664 in
3302 3608 3449 3681 Syli-

1857 3708 1980 3756 nam
2015 3702 2244 3756 insulam
2269 3743 2282 3767 ,
2315 3717 2439 3772 qua:
2469 3703 2607 3755 ultra
2636 3700 2948 3757 Britannias
2975 3703 3076 3755 sita
3111 3707 3226 3767 est,
3252 3694 3454 3771 deporo

1852 3785 2017 3849 tatus.
2052 3791 2188 3849 Ιιυιιι
2220 3792 2420 3849 deinde
2461 3795 2512 3847 in
2541 3789 2782 3866 reliquos
2812 3791 3408 3865 sequentibusjuiliciis
3433 3834 3450 3858 ,

1849 3887 2209 3960 damnatique
2246 3888 2512 3944 Asarinus
2552 3898 2606 3944 et
2637 3889 2891 3945 Aurelius
2934 3891 3204 3944 diaconos
3245 3888 3448 3957 gladio.

1845 3965 2203 4052 Tiberianus,
2256 3979 2530 4049 ademptis
2579 3982 2769 4045 bonis,
2821 3985 2872 4036 in
2917 3981 3160 4054 Sylinaiii
3207 3981 3447 4036 insulam

1849 4072 2028 4127 datus.
2081 4066 2392 4139 Tertullus,
2444 4073 2720 4128 Potantins
2761 4086 2816 4129 et
2863 4074 3123 4141 Joannes,
3170 4087 3443 4146 tamquam

1853 4165 2074 4242 vitians
2121 4179 2371 4235 personze
2416 4179 2469 4220 et
2517 4166 2666 4236 digni
2715 4167 3121 4234 misericordia,
3156 4169 3278 4238 quia
3325 4178 3449 4223 ante

1851 4257 2211 4332 quastipnem
2251 4273 2313 4312 se
2356 4273 2421 4311 ac
2451 4260 2633 4312 socios
2676 4258 3080 4330 prodidissent,
3118 4261 3451 4328 temporaria

1850 4349 2052 4406 exsilio
2079 4351 2226 4408 intra
2254 4348 2466 4406 Gallias
2494 4351 2740 4422 relegati.
2776 4351 2887 4407 Hoc
2919 4353 3029 4408 fere
3068 4353 3228 4408 modo
3273 4353 3448 4408 homi-

1852 4436 1949 4500 nes
1978 4430 2103 4500 luce
2135 4427 2534 4516 indignissimi,
2565 4448 2803 4516 pessimo
2832 4450 3086 4518 exemplo
3107 4489 3121 4512 ,
3153 4449 3328 4504 necati
3359 4461 3482 4505 aut.

1852 4540 2063 4595 exsiliis
2121 4541 2364 4596 mulctati
2416 4559 2427 4594 :
2480 4539 2624 4610 quod
2656 4541 2812 4596 initio
2855 4543 2981 4612 jure
3025 4543 3350 4612 iudiciorum
3398 4556 3453 4601 et

1773 4634 1829 4694 Ι)
1853 4636 2075 4706 egregio
2107 4635 2328 4706 publico
2352 4635 2637 4691 defensum
2660 4677 2674 4702 ,
2701 4645 2889 4706 postea
2915 4636 3151 4694 ltliacius
3177 4638 3229 4693 in
3253 4640 3449 4710 jurgiis

1855 4730 2050 4786 solitus
2077 4771 2092 4796 ,
2141 4731 2208 4791 ad
2239 4738 2576 4798 postremum
2607 4731 2924 4799 conuictus,
2957 4732 3009 4786 in
3041 4745 3136 4787 eos
3167 4744 3455 4803 retorque-

1854 4825 1943 4880 bat
1965 4867 1978 4892 ,
2013 4840 2242 4897 quorum
2270 4826 2323 4881 id
2349 4826 2606 4881 mandato
2627 4837 2681 4883 et
2705 4826 2953 4883 consiliis
2975 4825 3262 4894 effecerat,
3293 4829 3446 4887 solus

1857 4929 2037 4974 tamen
2073 4920 2318 4972 omnium
2353 4919 2670 4988 episcOpatu
2711 4918 3002 4974 detrusus:
3038 4934 3158 4974 nam
3196 4918 3442 4989 ldacius,

1857 5012 1986 5066 licet
2023 5011 2202 5065 minus
2255 5026 2492 5078 nocens,
2545 5021 2744 5081 sponte
2772 5027 2832 5065 se
2861 5012 3176 5079 episcopatu
3224 5011 3449 5068 abdica-

1858 5114 2007 5157 verat
2036 5121 2048 5155 :
2092 5104 2367 5171 sapienter
2397 5103 2446 5157 id
2479 5113 2533 5157 et
2563 5101 2896 5177 verecunde,
2931 5104 3034 5157 nisi
3064 5113 3252 5174 postea
3282 5106 3450 5162 amis-

1851 5209 1972 5250 sum
2001 5195 2176 5250 locum
2206 5204 2456 5264 repetere
2486 5192 2769 5255 tentasst-t.
2798 5194 3072 5252 Cit-terum
3104 5199 3448 5257 i'riscilliano

1852 5289 2032 5344 occiso
2081 5304 2187 5342 non
2221 5289 2397 5343 solum
2450 5303 2555 5341 ιιοιι
2606 5302 2849 5358 repressa
2885 5300 2967 5343 eat
3015 5289 3267 5356 ita‘rcsis,
3318 5307 3442 5360 qua}

1848 5380 1942 5435 illo
1969 5389 2191 5434 auctore
2220 5387 2582 5448 proruperat,
2613 5378 2708 5434 sed
2741 5379 3090 5445 confirmata,
3125 5383 3290 5438 latius
3318 5397 3442 5452 pro-

1853 5481 2041 5544 pagata
2069 5481 2190 5528 est:
2226 5488 2460 5543 namque
2491 5480 2799 5527 sectatores
2825 5474 2976 5542 ejus;
3004 5476 3093 5545 Qui
3123 5473 3246 5530 cum
3295 5477 3443 5546 prius

1851 5573 1910 5621 tit
1927 5570 2175 5621 sanctum
2199 5563 2626 5630 honorat-erant,
2653 5575 2838 5634 postea
2865 5577 2922 5620 ut
2943 5580 3233 5636 martyrem
3259 5570 3446 5627 cnlcre

1851 5667 2152 5729 cmperunt.
2201 5657 2616 5727 Pereinptorum
2650 5671 2885 5726 corpora
2913 5658 2980 5714 ad
3027 5658 3318 5730 iiispanias
3357 5678 3443 5720 re.

1851 5754 1956 5811 lata
1991 5798 2006 5822 ,
2038 5755 2359 5827 magnisque
2389 5735 2668 5824 obsequiis
2707 5753 2979 5809 celebrata
3012 5770 3199 5812 eorum
3234 5757 3444 5817 funera.

1855 5850 2000 5932 Quin
2025 5859 2081 5914 et
2121 5851 2310 5925 jurat'e
2339 5868 2433 5926 per
2465 5848 2869 5910 Priscilliauutu
2895 5863 3106 5908 summa
3134 5851 3332 5928 religio
3359 5867 3456 5942 pit:
