3832 6252
362 327 386 336 -σ
423 327 477 340 ...ο

314 360 417 428 163

1665 342 1963 417 subruit!
2003 356 2258 418 sevum

3542 345 3657 420 tot

305 501 415 543 non
443 481 724 555 religionis
747 482 924 554 gratia
946 478 1262 538 detrectare
1281 477 1553 546 militiam.
1572 475 1922 535 AtMartinus
1947 476 2007 541 Α
2029 491 2190 543 reus;
2219 489 2457 548 cumque
2483 471 2536 532 id
2561 488 2590 528 a
2619 473 2858 532 Martiae
2886 473 3135 544 responsi
3171 474 3526 556 accepisset,
3543 492 3612 534 se
3633 519 3651 543 ,

303 577 641 651 intrepidus,
677 575 851 633 immo
874 565 1034 632 illato
1073 573 1179 629 sibi
1215 584 1428 629 terrore
1466 572 1840 630 constantior:
1864 568 1923 627 Si

308 671 416 730 boc
442 715 456 737 ,
491 670 679 740 inquit
705 711 721 736 ,
771 670 1004 742 ignavia:
1039 665 1338 722 ascribitnr
1366 681 1474 722 non
1503 666 1652 734 ﬂdei,
1683 665 1920 722 crastina

313 762 400 824 die
426 777 556 824 ante
585 766 760 822 aciem
796 763 1022 818 inermis
1051 762 1247 819 astabo
1268 771 1354 818 :et
1375 761 1428 816 in
1455 760 1675 818 nomine
1703 757 1922 817 Domini
1967 746 1973 754 ’

309 862 439 920 Iesu
467 904 480 924 ,
515 848 671 932 signo
701 858 880 915 cruris
925 871 1050 917 non
1081 858 1274 930 clypeo
1298 867 1584 926 protectus
1613 864 1708 911 aut
1735 856 1918 927 galea,

309 957 545 1013 hostium
576 969 783 1013 cuneos
813 953 1120 1026 penetralia
1153 967 1401 1009 securus.
1452 949 1682 1007 Retrudi
1711 965 1842 1021 ergo
1868 949 1921 1004 in

301 1049 607 1116 custodiam
631 1049 883 1120 jubetur,
921 1048 1164 1104 facturus
1195 1045 1359 1103 [idem
1389 1045 1575 1113 dictis,
1605 1052 1666 1099 ut
1693 1043 1925 1101 inermis

304 1145 556 1204 barbaris
602 1145 960 1218 obiiceretur.
989 1141 1220 1198 Postera
1260 1140 1351 1198 die
1392 1140 1579 1195 hostes
1608 1140 1824 1210 legatos
1854 1135 1925 1192 de

308 1253 444 1311 pace
473 1239 767 1302 miserunt,
800 1251 897 1292 sua
944 1235 1130 1312 omnia
1167 1247 1407 1302 seseque
1431 1231 1722 1290 dedentes.
1763 1227 1925 1287 Unde

308 1333 431 1404 quis
475 1331 688 1387 dubitet
720 1329 861 1386 hanc
889 1343 1021 1384 vere
1051 1326 1203 1383 beati
1247 1324 1349 1382 viri
1392 1323 1575 1406 fuisse.
1605 1323 1920 1390 victoriam,

309 1427 396 1482 cui
430 1423 740 1495 prestitum
780 1424 854 1477 sit
877 1462 893 1488 ,
925 1435 993 1476 ne
1027 1419 1255 1478 inermis
1285 1416 1352 1474 ad
1382 1415 1632 1489 prtelium
1682 1417 1928 1470 mittere-

312 1520 434 1576 tur?
461 1518 787 1588 etquamvis
812 1499 934 1587 pius
959 1513 1221 1570 Dominus
1243 1527 1468 1570 servare
1485 1509 1714 1567 militem
1741 1524 1922 1572 suum.

309 1611 440 1668 licet
471 1611 614 1667 inter
645 1608 888 1665 hostium
918 1606 1136 1678 gladios
1165 1615 1222 1661 et
1247 1605 1380 1672 tela,
1409 1604 1711 1673 potuisset;
1745 1611 1933 1666 tamen,

310 1719 380 1761 ne
408 1704 492 1760 vel
517 1705 749 1760 aliorum
779 1711 954 1759 morte
983 1701 1172 1758 Sancti
1203 1698 1508 1766 violaretur
1525 1697 1776 1762 obtutus,
1802 1709 1930 1752 exe-

309 1802 412 1857 mit
461 1814 656 1875 pugna:
703 1798 1092 1854 necessitatem
1142 1812 1155 1851 :
1195 1808 1375 1866 neque
1421 1792 1568 1850 enim
1618 1790 1780 1847 aliam
1827 1805 1928 1862 pro

2028 586 2139 640 qtto
2167 547 2432 626 Dominus
2460 576 2686 627 vocaret
2705 611 2720 636 ,
2749 547 3256 642 intenderehait'ad
3283 581 3411 624 eum
3436 587 3455 622 ς
3483 553 3652 637 Quo-

2026 677 2266 735 cumque
2309 662 2475 732 ieris,
2507 663 2594 721 vel
2623 677 2984 736 quiscumque
3026 662 3350 730 mutaveris,
3383 661 3654 718 diabolus

2027 757 2126 816 tibi
2157 756 2563 815 adversabitur.
2592 755 2747 814 Tune
2782 758 2834 813 ei
2867 757 3186 831 prophetica
3230 770 3364 814 voce
3408 771 3654 828 respon-

2027 849 2110 907 dit
2144 869 2159 906 :
2201 850 2468 906 Dominus
2514 849 2647 908 milii
2691 851 2914 935 adiutor
2954 859 3066 918 est;
3101 866 3208 908 non
3257 849 3465 908 timebo
3505 835 3654 922 quid

2027 943 2193 1001 faciat
2223 943 2356 1004 mihi
2398 945 2587 1000 homo.
2637 943 2951 1017 Statimque
2977 960 3008 1002 e
3035 952 3339 1015 conspectu
3371 943 3494 1017 eius
3533 943 3654 1001 ini-

2028 1038 2202 1094 micus
2248 1035 2489 1094 evanuit.
2537 1035 2727 1108 Itaque
2757 1044 2818 1095 ut
2842 1039 3026 1094 animo
3055 1053 3119 1094 ac
3153 1045 3336 1096 incute
3363 1052 3656 1109 concepe-

2029 1139 2153 1195 rat,
2187 1141 2421 1187 matrem
2465 1130 2792 1202 gentilitatis
2835 1132 3071 1189 absolvit
3114 1146 3346 1197 errore.
3393 1141 3563 1205 patre
3593 1131 3651 1188 in

2029 1224 2188 1280 malis
2246 1233 2639 1296 perseverante
2677 1242 2702 1278 ς
2749 1221 2933 1290 plures
2993 1234 3174 1284 tamen
3241 1241 3341 1283 suo
3404 1223 3656 1283 salvavit

2028 1317 2304 1390 exemplo.
2337 1316 2547 1374 Deinde
2593 1323 2739 1382 (cum
2788 1317 3016 1374 hmresis
3063 1319 3264 1375 Ariona
3312 1336 3410 1392 per
3462 1329 3653 1378 totum

2028 1414 2224 1474 orbem
2256 1424 2313 1471 et
2356 1403 2594 1469 maxime
2639 1412 2783 1469 intra
2818 1407 3093 1484 lllyrieum
3126 1414 3479 1486 pullulasset)
3513 1431 3651 1472 cum

2028 1505 2293 1563 adversus
2325 1504 2608 1578 perﬁdiam
2641 1503 2985 1562 sacerdotum
3016 1506 3170 1563 solus
3200 1521 3342 1576 pene
3369 1510 3654 1566 acerrime

2032 1607 2322 1672 pugnaret,
2366 1598 2662 1669 multisque
2706 1597 2994 1668 suppliciis
3037 1596 3456 1654 essetedoctus
3486 1598 3653 1671 (nam

2029 1703 2084 1751 et
2110 1693 2326 1766 publice
2354 1693 2524 1766 virgis
2547 1707 2725 1750 caesus
2748 1703 2831 1751 est
2852 1733 2867 1759 ,
2890 1699 2948 1749 et
2976 1690 3042 1746 ad
3070 1700 3376 1748 extremum
3409 1692 3480 1749 de
3509 1693 3658 1751 civi-
3701 1693 3709 1697 ’

2017 1796 2144 1854 tate
2187 1788 2341 1850 exire
2379 1785 2753 1860 compulsus),
2788 1787 2993 1845 italiam
3025 1794 3303 1857 repetens,
3344 1801 3468 1842 cum
3498 1787 3695 1848 intra.

309 1893 489 1953 milite
512 1907 614 1949 suo
643 1890 895 1947 Christus
917 1888 1104 1946 debuit
1137 1896 1400 1960 praestare
1421 1881 1733 1953 victoriam,
1756 1899 1922 1956 quam
1954 1878 2002 1944 Β
2028 1880 2229 1946 Gallias
2257 1895 2476 1953 quoque
2496 1878 2746 1942 discessu
2769 1880 2945 1938 sancti
2974 1879 3186 1945 llilarii.
3213 1894 3376 1950 quem
3401 1878 3471 1936 ad
3493 1880 3656 1937 exsi-

311 1995 404 2050 ut,
462 1984 706 2040 subactis
753 1984 871 2039 sine
907 1980 1174 2053 sanguine
1204 1979 1477 2044 hostibus.
1510 1993 1678 2038 nemo
1736 1991 1924 2034 more-

313 2086 487 2133 retur.

390 2167 455 2223 ν.
500 2165 714 2222 Exinde
741 2164 927 2220 relicta
966 2165 1158 2218 militia
1185 2206 1200 2229 ,
1242 2170 1488 2219 sanctum
1534 2159 1802 2218 Hilarium
1835 2159 1923 2218 Pi-

308 2272 481 2320 ctava:
512 2259 831 2330 episcopum
861 2259 1100 2313 civitatis
1128 2297 1143 2325 ,
1193 2257 1350 2328 cujus
1385 2267 1514 2311 tunc
1541 2255 1596 2311 in
1625 2254 1724 2312 Dei
1761 2255 1926 2310 rebus

313 2361 562 2426 Spectata
605 2363 662 2408 et
700 2353 918 2424 cognita
969 2350 1104 2406 ﬁdes
1155 2350 1494 2415 habebatur,
1523 2347 1838 2419 expetivit;
1871 2358 1925 2406 et

312 2446 650 2519 aliquamdiu
702 2445 845 2517 apud
905 2461 1030 2501 eum
1091 2452 1464 2502 commoratus
1518 2453 1624 2500 est.
1667 2441 1928 2500 Tentavit

310 2552 493 2600 autem
539 2541 684 2597 idem
736 2540 972 2596 Hilarius
1022 2537 1280 2610 imposito
1319 2538 1557 2596 diaconii
1589 2535 1774 2593 oliicio
1820 2535 1925 2594 sibi

310 2650 436 2696 eum
461 2633 672 2690 arctius”
701 2632 1011 2705 implicare,
1038 2641 1094 2690 et
1127 2629 1690 2688 ιιιίιιίςιοῆοηνὶιωετθ
1719 2627 1923 2684 divino.

309 2728 421 2790 Sed
465 2730 589 2786 cum
638 2727 943 2798 saepis-sitne
991 2726 1310 2788 restitisset.
1354 2722 1640 2794 indignum
1690 2736 1753 2777 se
1802 2735 1926 2777 esse

312 2819 656 2889 vociferans;
698 2817 969 2881 intellexit
999 2817 1084 2873 vir
1111 2814 1326 2872 altioris
1373 2812 1614 2884 ingenii,
1649 2813 1752 2866 hoc
1797 2825 1922 2864 eum

313 2915 481 2975 modo
498 2896 672 2986 posse
700 2908 1025 2982 censtringi.
1050 2909 1096 2977 si
1128 2907 1181 2968 id
1222 2907 1271 2966 ei
1297 2904 1477 2965 .olticii
1507 2906 1839 2975 imponeret,
1870 2900 1924 2962 in

312 3025 424 3084 quo
453 3008 677 3082 quidam
703 3008 857 3063 locus
899 3004 1118 3076 iniuriae
1160 3001 1459 3062 videretur.
1495 3000 1679 3070 Itaque
1711 2997 1927 3056 exorci-

313 3111 456 3168 stam
478 3118 605 3166 eum
639 3112 764 3165 esse
787 3099 1066 3170 prmeepit,
1086 3111 1264 3170 .quam
1289 3095 1381 3152 ille
1406 3093 1834 3157 ordinationem,
1857 3107 1927 3148 ne

316 3193 641 3266 despexisse
666 3203 940 3263 tamquam
983 3189 1332 3250 humiliorem
1364 3187 1666 3252 videretur,
1699 3200 1805 3243 non
1841 3200 1934 3243 rem

2028 1973 2162 2030 lium
2192 1972 2581 2039 literaticoruni
2608 1971 2692 2031 vis
2728 1982 3002 2045 coegerat,
3035 1972 3308 2030 turbatam
3343 1973 3653 2030 ecclesiam

2026 2068 2410 2139 comperisset,
2447 2066 2735 2126 Ilediolani
2761 2065 2869 2124 sibi
2898 2067 3290 2124 monasterium
3319 2066 3534 2124 statuit.
3566 2066 3654 2123 lbi

2027 2179 2246 2238 quoque
2275 2178 2400 2222 cum
2431 2160 2735 2222 Auxentins
2755 2203 2771 2229 ,
2808 2170 3001 2219 auctor
3025 2151 3080 2218 et
3107 2162 3371 2233 princeps
3399 2160 3657 2218 'Ariano-
3757 2221 3762 2227 _

2027 2271 2174 2321 rum,
2206 2259 2532 2327 gravissime
2572 2253 2872 2311 insectatus
2900 2263 3017 2318 est;
3053 2252 3352 2324 multisque
3381 2251 3653 2309 affectum

2028 2350 2246 2421 injuriis
2290 2349 2364 2409 de
2405 2347 2656 2412 civitate
2689 2346 3024 2408 exturbavit.
3090 2345 3422 2407 Cedendum
3455 2347 3657 2415 itaque

2029 2445 2267 2516 tempori
2301 2443 2631 2506 arbitratus.
2660 2441 2728 2499 ad
2757 2442 2990 2504 insulam
3022 2441 3380 2499 Gallinariam
3415 2441 3656 2498 nomine

2028 2540 2301 2605 secessit,
2355 2533 2562 2595 comite
2619 2537 2854 2609 quodam
2903 2537 3267 2609 presbyte‘rp,
3317 2551 3655 2607 magnarum

2029 2636 2294 2688 virtutum
2343 2633 2486 2690 viro.
2522 2631 2620 2687 ilic
2648 2631 2983 2702 aliquamdiu
3027 2629 3300 2686 radicibus
3333 2630 3467 2684 vixit
3507 2622 3656 2686 ber-

2030 2725 2219 2781 barum
2263 2742 2277 2777 :
2321 2739 2431 2794 quo
2479 2733 2730 2795 tempore
2780 2716 3160 2790 hcl'leborum,
3199 2733 3552 2792 venenatum,
3589 2734 3655 2781 ut

2029 2815 2237 2885 lerunt,
2265 2831 2492 2888 gramen
2524 2817 2577 2879 iu
2607 2815 2792 2882 cibum
2817 2809 3092 2886 sumpsit;
3119 2815 3220 2874 sed
3245 2831 3370 2877 cum
3404 2814 3533 2873 vim
3553 2833 3658 2874 νει

2032 2913 2156 2975 ueni
2190 2914 2243 2968 in
2285 2927 2346 2974 se
2393 2915 2698 2984 grassantis
2745 2910 2924 2972 vicina
2970 2914 3087 2981 iam
3134 2922 3314 2970 morte
3352 2911 3657 2977 sensisset.

2030 3007 2329 3076 imminens
2382 3007 2692 3078 perieulum
2725 3007 2998 3069 ,oratioae
3048 3005 3290 3077 repulit,
3343 3005 3658 3077 statimque

2028 3102 2214 3162 omnis
2237 3100 2399 3165 dolor
2425 3100 2642 3172 fugatus
2664 3107 2772 3161 est.
2802 3098 2914 3160 Nec
2935 3099 3107 3157 multo
3130 3109 3277 3171 post,
3298 3115 3424 3156 cu
3449 3109 3658 3156 sancto

2030 3197 2242 3260 Hilario
2266 3195 2636 3268 comperisset
2672 3195 2822 3267 regis
2845 3195 3174 3266 pmnitentia
3204 3202 3535 3266 potestatem
3567 3194 3658 3249 itt-

316 3288 580 3361 pudiavit.
606 3285 722 3342 Nec
748 3289 920 3341 multo
967 3293 1089 3355 post
1115 3281 1430 3342 admonitus
1461 3293 1560 3352 per
1584 3292 1829 3348 soporem

2142 3301 2239 3346 tam
2272 3291 2440 3349 fuisse
2459 3289 2750 3357 redeundi,
2779 3289 2970 3347 Romae
2995 3291 3046 3346 ei
3070 3289 3295 3346 tentavit
3319 3303 3655 3355 orcurrere,

317 3383 553 3456 patriam
600 3387 988 3452 parentesque,
1032 3391 1169 3447 quos
1199 3375 1379 3432 adhuc
1406 3375 1685 3456 gentilitas
1714 3373 1929 3428 detine-

317 3474 450 3546 bat,
481 3475 739 3546 religiosa
791 3472 1168 3529 Sollicitudine
1218 3472 1506 3537 visitaret,
1536 3485 1604 3535 ex
1650 3467 1929 3528 voluntate

317 3568 497 3626 sancti
546 3566 736 3624 Hilarii
785 3565 1066 3638 profectus
1095 3575 1214 3629 est,
1244 3562 1433 3619 multis
1463 3562 1533 3618 ab
1565 3575 1632 3618 eo
1669 3561 1930 3617 astrictus

318 3663 576 3735 precibus
607 3671 664 3718 et
692 3663 948 3734 lacrymls
995 3668 1055 3716 ut
1099 3658 1322 3715 rediret.
1363 3657 1609 3732 Mmstus,
1639 3665 1700 3717 ut
1727 3656 1929 3733 lerunt,

317 3755 824 3832 peregrinationem
884 3753 1032 3808 illam
1081 3767 1373 3824 aggressus
1421 3760 1540 3818 est,
1591 3757 1932 3809 contestatus

317 3846 558 3913 fratres,
593 3847 761 3901 multa
809 3861 868 3900 se
911 3845 1141 3899 adversa
1191 3859 1512 3912 paSsurum;
1543 3843 1690 3911 quod
1744 3851 1932 3912 postea

319 3938 569 4011 probavit
611 3945 860 3994 eventus.
898 3937 977 3992 Ac
1002 3936 1248 4006 .pritunm
1289 3937 1433 3990 inter
1460 3932 1628 4004 Alpes
1658 3932 1812 3990 devia
1840 3947 1929 3990 se-

319 4042 480 4089 cutus
508 4030 693 4087 incidit
719 4031 772 4086 in
801 4034 1069 4096 latrones,
1089 4043 1326 4099 eumque
1349 4043 1489 4090 unus
1511 4028 1690 4085 securi
1718 4027 1932 4087 elevata

319 4129 376 4182 in
427 4134 590 4194 caput
634 4125 752 4193 ejus
804 4123 1061 4188 librasset
1108 4122 1310 4185 ictum,
1352 4119 1599 4186 ferientis
1648 4119 1930 4179 dexteram

321 4215 581 4273 susunuit
631 4217 771 4270 alter
787 4232 807 4283 ;_
836 4214 1028 4268 vinetis
1071 4223 1253 4269 tamen
1287 4223 1409 4284 post
1439 4224 1647 4284 tergum
1681 4213 1934 4271 manibus

325 4313 418 4369 uni
453 4306 757 4368 servandus
786 4322 838 4366 et
867 4309 1187 4381 Spoliandus
1231 4309 1482 4366 traditur.
1520 4309 1621 4376 Qui
1650 4323 1773 4363 cum
1805 4308 1933 4365 eum

318 4405 388 4464 ad
420 4406 714 4466 remotiora
743 4405 1013 4468 dnxiSset,
1049 4403 1369 4476 percontari
1390 4401 1457 4457 ab
1486 4416 1551 4465 eo
1577 4402 1747 4474 cmpit
1781 4403 1932 4472 quis-

307 4514 446 4558 ‘nam
479 4508 659 4566 esset;
694 4499 1005 4568 respondit,
1037 4480 1407 4562 Christianum
1439 4510 1500 4556 se
1529 4509 1675 4551 esse.
1705 4496 1931 4562 Quaere-

253 4593 266 4606 '
291 4634 301 4649 .
328 4591 428 4648 bat
470 4595 633 4648 etiam
665 4591 734 4653 ab
759 4605 826 4646 eo
853 4634 865 4655 ,
896 4607 962 4643 an
996 4589 1234 4646 timeret.
1269 4588 1405 4646 Tum
1437 4588 1932 4645 verd‘eonstantis-

2035 3378 2424 3465 profectusque
2448 3383 2516 3441 ad
2549 3382 2740 3448 urbem
2762 3390 2869 3438 est.

2108 3475 2221 3535 VII.
2257 3474 2396 3538 Cum
2443 3476 2560 3545 iam
2605 3473 2850 3534 Hilarius
2896 3474 3269 3546 praeterisset,
3298 3475 3376 3530 ita
3402 3488 3534 3529 cum
3565 3481 3661 3531 est
3741 3536 3744 3538 γ

2034 3569 2282 3641 vestigiis
2303 3578 2628 3641 prosccutus
2647 3585 2664 3633 ;
2683 3583 2918 3639 eumque
2937 3568 3009 3627 ab
3027 3581 3098 3624 eo
3111 3582 3209 3639 gra
3219 3567 3430 3624 tissime
3453 3566 3665 3623 fuisset

2035 3670 2350 3734 susceptus,
2379 3661 2524 3722 haud
2567 3660 2730 3733 longe
2757 3659 2863 3719 sibi
2893 3659 2966 3717 ab
2999 3660 3208 3730 oppido
3250 3660 3659 3716 monasterium

2034 3755 2348 3835 collocavit.
2379 3753 2498 3822 Quo
2524 3763 2776 3823 temnere
2801 3767 2862 3808 se
2881 3751 2934 3808 ei
2962 3751 3182 3827 quidam
3214 3754 3662 3811 catecliumenus

2031 3847 2236 3918 iunxit,
2263 3847 2496 3916 cupiens
2526 3845 2860 3903 sanctissimi
2899 3846 3003 3902 viri
3049 3845 3261 3910 institui
3308 3844 3660 3916 disciplinis:

2035 3940 2333 4012 paucisque
2365 3941 2710 4010 interpositis
2751 3939 2949 3997 diebus
2978 3939 3240 4012 languore
3277 3948 3573 4011 correptus
3606 3941 3662 3995 vi

2035 4033 2267 4092 febrium
2299 4033 2606 4091 laborabat.
2646 4033 2867 4090 Actum
2915 4034 3180 4089 Martinus
3213 4033 3353 4090 forte
3380 4033 3667 4092 discesse-

2036 4139 2150 4196 rat;
2177 4137 2233 4189 et
2259 4143 2382 4184 cum
2408 4143 2508 4200 per
2535 4126 2778 4184 triduum
2806 4127 3094 4194 defuisset,
3119 4140 3666 4207 regressugcorpus

2036 4222 2288 4278 exanime
2318 4221 2531 4278 invenit
2559 4238 2572 4275 :
2599 4221 2672 4276 ita
2703 4219 2884 4276 subita
2926 4234 3080 4276 mors
3110 4217 3318 4285 fuerat,
3352 4227 3418 4275 ut
3441 4223 3665 4289 absque

2036 4312 2366 4385 baptismate
2418 4313 2678 4376 humanis
2737 4314 2905 4368 rebus
2961 4312 3274 4370 excederet.
3327 4313 3550 4384 Corpus
3604 4316 3663 4370 in

2036 4407 2219 4464 medio
2256 4409 2495 4479 positum
2529 4406 2670 4463 tristi
2703 4405 3050 4463 maerentium
3085 4404 3310 4462 fratrum
3340 4405 3670 4477 frequenta-

2037 4500 2199 4563 batur
2221 4499 2425 4570 officio,
2456 4516 2581 4556 cum
2608 4500 2873 4562 Martinus
2900 4498 3038 4558 ﬂens
3062 4508 3122 4556 et
3145 4499 3360 4571 ejulans
3381 4485 3665 4559 accurrit.

2037 4593 2175 4650 Tum
2208 4609 2340 4650 vero
2371 4603 2624 4652 sanctum
2655 4593 2919 4665 Spiritum
2954 4605 3066 4649 tota
3098 4604 3286 4652 mente
3310 4594 3667 4678 concipiens,

308 4679 464 4747 Isime
506 4685 828 4756 proﬁtetur,
878 4699 1171 4754 numquam
1201 4698 1261 4740 se
1292 4683 1458 4740 fuisse
1484 4692 1597 4788 tam
1639 4698 1890 4741 securum
1912 4723 1929 4751 ,
1959 4665 2015 4728 Β
2041 4689 2228 4760 egredi
2260 4689 2537 4758 cellulam,
2570 4689 2623 4745 in
2668 4705 2774 4762 qua
2805 4703 3009 4760 corpus
3033 4689 3276 4760 iacebat,
3308 4665 3669 4760 ceteros'ju-

317 4781 485 4856 Quia.
525 4782 692 4836 sciret
765 4779 1202 4839 misericordiam
1284 4779 1531 4836 Domini‘
1571 4780 1808 4836 maxime
1876 4781 1933 4834 in

325 4866 724 4929 tentationibus
764 4870 1077 4928 adfuturam
1107 4891 1119 4927 :
1144 4887 1204 4928 se
1263 4873 1434 4943 magis
1467 4872 1545 4927 illi
1589 4872 1809 4936 dolere,
1839 4872 1931 4942 qui

312 4964 531 5024 .Cbristi
583 4966 994 5031 misericordia,
1045 4975 1233 5036 utpote
1285 4967 1572 5022 latrocinia
1622 4979 1931 5032 exercens,

312 5070 476 5120 esset
521 5060 807 5130 indignus;
841 5060 1234 5131 ingressusque
1279 5059 1654 5131 evangelicatn
1683 5062 1930 5128 diSputa-

327 5153 554 5233 tionem,
584 5155 813 5208 verbum
837 5152 932 5208 Dei
959 5153 1158 5208 latroni
1179 5150 1531 5222 prwdicabat.
1552 5152 1691 5222 Quid
1716 5153 1936 5224 longius

325 5247 548 5303 morer?
583 5248 721 5317 latro
748 5247 1013 5310 credidit,
1048 5257 1482 5318 prosecutusque
1510 5245 1802 5304 Martinum
1835 5246 1938 5304 vim

319 5339 608 5414 reddidit.
644 5355 806 5415 orans
856 5347 952 5394 ut.
971 5354 1073 5415 pro
1130 5354 1189 5393 se
1250 5338 1537 5404 Dominum
1593 5347 1935 5413 precaretur.

300 5430 587 5519 eidemque
629 5413 816 5508 postea
863 5413 1171 5515 religiosam
1215 5448 1384 5502 agens
1405 5435 1581 5488 vitam
1625 5431 1774 5490 visus
1796 5443 1936 5490 est:

331 5527 468 5583 adeo
501 5537 560 5583 ut
591 5527 738 5595 haec,
785 5544 903 5599 quae
949 5542 1110 5601 supra
1161 5527 1472 5594 retulimus,
1505 5527 1574 5584 ab
1606 5528 1726 5598 ipso
1757 5527 1949 5585 audita-

329 5623 604 5677 dicatttttr.
982 5668 985 5671 .
1053 5605 1058 5615 Δ
1491 5642 1494 5644 τ

401 5712 485 5767 Vl.
534 5714 702 5784 Igitur
733 5715 996 5768 Martinus
1050 5713 1177 5769 inde
1222 5726 1546 5784 progressus
1579 5730 1700 5769 cum
1734 5713 1941 5774 Μςαάξυο

334 5806 508 5858 Ianum
547 5821 888 5875 prastat-isset
953 5808 1202 5862 diabolus
1238 5809 1289 5861 in
1324 5809 1516 5862 ttinere
1543 5808 1774 5862 h-‘z...-.:...-i
1811 5822 1934 5874 spe-

337 5911 412 5947 c':
448 5912 722 5960 assumpta
759 5919 798 5950 με
846 5906 888 5953 et
923 5911 1119 5954 ubi...»
1179 5913 1289 5953 'tti.t
1344 5915 1446 5964 ῖξτεπ·
1503 5907 1642 5954 ists,"-

2039 4783 2164 4849 bet;
2192 4798 2258 4840 ac
2288 4782 2500 4840 foribus
2535 4783 2809 4840 obseratis
2840 4799 3013 4853 super
3057 4784 3368 4840 exanimata
3409 4781 3668 4841 defuncti
3718 4808 3725 4818 ·

2038 4878 2226 4933 fratris
2281 4876 2532 4934 membra
2590 4877 2961 4947 prosternitur
3009 4896 3021 4928 :
3063 4887 3118 4935 et
3160 4883 3294 4933 cum
3336 4875 3668 4945 aliquandiu

2039 4969 2281 5029 orationi
2293 4971 3154 5041 lneubuisset,sensissetqueper
3165 4970 3421 5040 spiritum
3438 4966 3667 5052 Domini

2038 5065 2235 5123 adesse
2281 5067 2543 5124 virtutem
2569 5106 2586 5132 ,
2612 5073 2836 5123 erectus
2882 5063 3166 5134 paululum
3191 5104 3206 5128 ,
3224 5071 3291 5122 .et
3316 5060 3372 5116 in
3400 5057 3660 5132 defuncti

2041 5175 2136 5214 ora
2163 5158 2398 5226 deﬁxus,
2433 5158 2703 5220 orationis
2738 5172 2858 5212 sua:
2900 5171 2969 5213 ac
3011 5153 3403 5214 misericordiae
3429 5153 3665 5212 Domini

2040 5249 2346 5320 intrepidus
2361 5250 2718 5321 exspectabat
2742 5257 2996 5305 eventum
3027 5267 3038 5301 :
3062 5247 3264 5320 vixque
3283 5246 3516 5304 duarum
3543 5247 3668 5306 fere

2041 5342 2305 5401 horarum
2360 5344 2598 5413 spatium
2659 5343 3093 5402 intercesserat,
3144 5339 3281 5396 vidit
3332 5337 3665 5397 defunctum

2043 5435 2305 5508 paulatim
2337 5433 2893 5509 ntembrispmnibus
2921 5433 3278 5504 commoveri,
3305 5441 3362 5489 et
3383 5433 3584 5490 laxotis
3606 5432 3666 5492 in

2045 5547 2202 5588 usum
2231 5529 2456 5586 videndi
2482 5529 2752 5600 palpitare
2779 5527 3098 5587 luminibus.
3131 5526 3272 5583 Tum
3301 5542 3434 5584 vero
3464 5542 3668 5599 magna

2048 5621 2114 5679 ad
2149 5621 2438 5680 Dominum
2465 5636 2597 5678 voce
2619 5635 2918 5677 conversus
2942 5624 3145 5693 gratias
3177 5635 3368 5692 agens.
3402 5619 3668 5680 cellulam

2048 5715 2292 5773 clamore
2339 5711 2881 5786 compleverat:quo
2928 5715 3116 5770 audito
3159 5715 3254 5786 qni
3303 5729 3401 5782 pro
3449 5713 3668 5774 foribus

2049 5808 2361 5871 astiterant,
2393 5806 2577 5864 s.atim
2595 5806 2836 5864 irruunt.
2864 5808 3063 5864 Mirum
3087 5808 3484 5879 speetaculutn.
3512 5795 3667 5879 quod

2053 5898 2307 5961 sitiebant
2362 5898 2541 5960 slvere
2592 5913 2752 5968 quem
2805 5909 3085 5954 mortuam
3140 5897 3542 5986 reliqni'ssentl
3581 5895 3665 5954 Ita
