3832 6252
261 385 353 446 ίεῖ

1695 385 2042 449 putastis
2079 374 2123 446 ι.

3437 337 3559 376 κοςλ.

3461 381 3568 443 188

257 501 436 575 petacti
463 544 480 570 ,
534 502 780 560 invicem
813 503 1018 562 flentes
1052 502 1250 578 gaudio
1290 502 1805 561 deambulassemus
1832 545 1847 572 ,
1879 514 1930 575 Α
1953 504 2290 576 asperiorem
2320 505 2478 562 nobis
2503 504 2672 564 fuisse
2695 520 2860 577 quam
2884 503 3095 562 debuit.
3123 502 3236 562 Nec
3253 518 3387 561 vero
3407 500 3569 573 quid-

249 596 399 669 jactis
427 598 483 653 in
503 605 720 654 terram
746 596 944 655 ciliciis
969 599 1341 656 consedimus.
1364 595 1502 654 Tum
1536 597 1688 670 prior
1708 598 1848 654 Poso

256 692 514 748 temianus
533 709 629 749 me
657 693 919 761 intuens,
968 692 1104 751 Cum
1134 709 1316 752 essem
1343 737 1360 762 ,
1403 693 1614 766 inquit,
1663 695 1717 751 in
1760 709 1850 751 re-

256 789 405 846 motis
432 789 663 864 Egypti
683 835 699 860 ,
729 791 894 849 libuit
918 802 978 848 ut
1002 793 1071 848 ad
1101 807 1252 849 mare
1269 807 1441 864 usque
1465 792 1847 865 procederem.

255 883 433 964 Navim
458 883 942 964 illicpnerariatn‘
973 884 1216 954 aliendi,
1249 902 1373 960 quae
1417 902 1542 944 cum
1573 887 1853 945 mercibus

255 963 568 1035 Narbonem?
585 963 812 1050 rpetens
865 979 1085 1038 solvere
1127 979 1373 1052 parabat.
1429 978 1635 1038 Eadem
1690 988 1853 1038 nocte

255 1081 422 1126 astare
445 1068 502 1127 in
523 1073 744 1130 somnis
760 1071 898 1131 mihi
924 1076 1074 1131 visus
1091 1088 1184 1143 es,
1227 1083 1286 1132 et
1336 1073 1534 1146 injecta
1567 1085 1670 1132 me
1687 1090 1852 1132 manu

258 1165 498 1235 trahere,
553 1177 621 1225 ut
648 1169 835 1226 navim
881 1169 1030 1227 illam
1059 1169 1512 1227 conscenderem.
1548 1170 1670 1228 Mox
1696 1183 1853 1228 tene-

255 1262 370 1318 bras
395 1273 700 1336 rumpente
755 1264 1029 1331 diluculo,
1071 1279 1199 1322 cum
1236 1264 1306 1322 de
1352 1279 1420 1321 eo
1471 1265 1591 1323 loco
1638 1262 1694 1320 in
1744 1280 1856 1336 quo

253 1358 558 1430 quieveram
585 1359 993 1424 surrexissent,
1039 1358 1314 1417 somnium
1344 1376 1526 1418 meum
1578 1360 1696 1430 ipse
1739 1375 1855 1417 me»

253 1463 366 1506 cuiu
397 1462 668 1523 reputans
710 1454 862 1510 tanto
903 1454 980 1510 tui
1023 1453 1313 1511 desiderio
1341 1456 1524 1512 subito
1567 1465 1853 1525 correptus

253 1559 362 1602 sum
390 1587 405 1611 ,
427 1555 486 1602 et
517 1543 659 1603 nihil
681 1556 968 1613 cunctatus
993 1547 1174 1603 navim
1207 1547 1662 1614 conscenderim;
1693 1549 1856 1605 trice-

253 1636 384 1694 simo
412 1639 503 1696 die
533 1639 842 1698 lassiliam
866 1633 1160 1714 appulsus,
1208 1641 1336 1699 inde
1361 1641 1466 1698 huc
1490 1641 1706 1699 decimo
1739 1657 1854 1714 per-

253 1729 488 1787 venerim
517 1730 704 1788 :adeo
735 1747 994 1804 prospera
1025 1734 1296 1805 navigatio
1336 1735 1442 1807 pia:
1462 1731 1640 1791 adfuit
1663 1735 1855 1792 volun-

253 1823 362 1881 tati.
399 1824 483 1881 Tu
506 1827 711 1894 modo,
742 1838 964 1900 propter
988 1845 1149 1900 quem
1172 1840 1251 1886 tot
1271 1828 1445 1886 maria
1472 1829 1850 1902 trahsunviga-

1954 614 2119 672 quam
2147 599 2203 656 in
2247 600 2399 656 illum
2431 597 2815 655 inclementius
2836 597 3016 655 dicam
3036 638 3054 666 ,
3083 597 3212 671 quia
3241 610 3297 654 et
3326 595 3564 653 amicum

1953 693 2124 755 colui.
2160 705 2214 752 et
2243 703 2369 750 tunc
2398 695 2563 751 etiam
2604 695 2779 750 amavi
2851 710 2978 751 cum
3033 693 3326 766 putabatur
3381 690 3567 750 inimi-

1953 803 2074 847 cus.
2099 790 2182 847 Me
2211 799 2390 847 autem
2415 793 2530 848 litec
2551 791 2727 847 tacitis
2751 789 3180 864 cogitationibus
3195 790 3565 846 resolventem

1953 881 2245 940 admodum
2273 883 2430 940 dolor
2460 883 2564 941 iste
2591 884 2908 956 compungit
2952 884 3127 956 (pene
3175 896 3278 939 nos
3297 878 3568 953 sapientis

1952 989 2010 1036 et
2028 978 2267 1052 religiosi
2296 980 2398 1036 viri
2423 978 2666 1036 amicitia
2693 976 3054 1051 destitutos),
3107 977 3263 1035 illum
3287 973 3565 1050 quondam

1957 1082 2066 1130 tam
2123 1075 2360 1132 anticum
2409 1075 2564 1132 nobis
2585 1117 2600 1144 ,
2653 1083 2762 1132 tam
2795 1089 3042 1131 amarum
3088 1073 3144 1129 iu
3176 1088 3278 1130 nos
3307 1087 3433 1129 esse
3462 1084 3565 1142 po-

1955 1175 2146 1232 tuisse.
2171 1171 2375 1245 verum
2404 1172 2553 1244 haec,
2582 1187 2704 1245 quae
2733 1172 2990 1231 mereris
3019 1174 3176 1244 plena
3214 1177 3374 1238 sunt,
3399 1168 3582 1226 relin-'

1955 1268 2184 1340 quamus
2210 1285 2223 1323 :
2249 1264 2302 1322 te
2332 1267 2511 1338 ponus
2534 1309 2549 1334 ,
2581 1275 2640 1322 ut
2667 1265 2871 1323 dudum
2917 1263 3300 1338 spoponderas
3322 1305 3337 1330 ,
3370 1261 3564 1319 audia-

1956 1376 2101 1416 us.
2130 1360 2207 1414 lla
2233 1402 2248 1429 ,
2275 1360 2483 1430 inquit,
2513 1360 2633 1424 iiat,
2667 1347 3090 1425 Postumianus;
3144 1357 3288 1428 quod
3331 1370 3457 1412 cum
3483 1354 3567 1411 di-

1956 1455 2157 1518 xisset,
2195 1455 2474 1526 paululum
2500 1469 2696 1510 omnes
2716 1452 3104 1510 conticuimus.
3159 1451 3296 1508 Dein
3323 1448 3564 1505 cilicium

1954 1551 2042 1605 cui
2075 1547 2383 1616 insederat,
2430 1547 2498 1604 ad
2551 1563 2639 1604 me
2688 1547 2912 1621 propius
2952 1544 3225 1615 admovit,
3272 1551 3438 1616 atque
3489 1540 3564 1598 ita

1956 1659 2185 1702 exorsus
2210 1652 2296 1700 est
2323 1660 2338 1698 Σ
2963 1689 2968 1694 .

2014 1741 2113 1799 ill.
2152 1739 2293 1798 Ante
2319 1739 2423 1797 hoc
2446 1739 2738 1798 triennium
2760 1784 2776 1807 ,
2815 1755 2926 1812 quo
2979 1749 3225 1811 tempore
3250 1737 3387 1806 tibi,
3419 1735 3550 1796 Sul-

1955 1835 2100 1906 pici,
2132 1833 2258 1890 hinc
2281 1833 2471 1890 abiens
2505 1820 2770 1899 valediiti,
2827 1833 2920 1890 ubi
2950 1831 3206 1890 Narbone
3233 1831 3416 1890 navim
3449 1831 3563 1889 sol-

253 1915 416 1974 vimus
435 1957 453 1986 ,
476 1927 698 1976 tantum
727 1930 884 1976 terra-
907 1921 1404 1978 transcucurrimus
1423 1963 1437 1988 ,
1486 1924 1838 2004 complectent

2015 1948 2132 1988 mus
2151 1973 2167 1999 ,
2193 1933 2383 2003 quinto
2405 1930 2496 1989 die
2532 1941 2752 2006 portum
2790 1931 2989 1989 Africae
3023 1931 3352 1988 intravimus
3377 1952 3392 1988 :
3421 1931 3564 1986 adeo

253 2006 368 2066 dum
395 2009 908 2087 perimendumque
939 2023 1024 2082 te,
1068 2015 1298 2074 remotis
1339 2016 1626 2083 omnibus,
1673 2015 1846 2072 trade.

252 2102 359 2176 Ego
378 2119 512 2164 vero
530 2147 550 2176 ,
584 2107 834 2180 inquam,
857 2109 1024 2166 etiam
1065 2125 1192 2167 cum
1221 2119 1277 2166 tu
1328 2111 1382 2166 in
1409 2109 1648 2186 Egypto
1674 2126 1853 2169 mora-

251 2196 381 2255 reris
401 2238 418 2265 ,
451 2209 603 2256 totus
628 2207 810 2256 tecum
832 2215 1050 2274 semper
1070 2201 1253 2259 animo
1282 2212 1340 2260 et
1363 2205 1700 2277 cogitatione
1729 2220 1853 2262 ver-

247 2291 426 2361 sabar,
448 2309 655 2368 meque
679 2293 752 2352 de
775 2302 828 2353 te
857 2298 977 2352 dies
1006 2311 1070 2353 ac
1091 2309 1280 2355 noetes
1302 2294 1634 2372 cogitantem
1678 2310 1851 2356 totum

253 2393 336 2442 tua
353 2385 599 2447 charitas
621 2390 931 2461 possidebat
952 2392 1193 2455 :‘nedum
1214 2392 1376 2448 modo
1391 2409 1476 2449 me
1500 2393 1594 2450 tibi
1612 2391 1852 2450 aestimes

252 2491 446 2553 puncto
494 2484 769 2555 temporis
814 2482 1158 2553 defuturum,
1189 2487 1485 2558 quominus
1526 2501 1714 2542 arnore
1747 2495 1844 2543 tuo

251 2573 489 2646 pendens
512 2582 570 2633 te
599 2577 840 2644 intuear,
876 2589 926 2632 te
954 2576 1168 2639 audiant
1191 2620 1207 2643 ,
1237 2589 1417 2634 tecum
1448 2578 1662 2649 loquar,
1696 2578 1851 2635 nullo

250 2671 460 2744 penitus
489 2673 548 2730 in
579 2684 853 2730 secretum
885 2673 1130 2730 nostrum
1151 2715 1167 2737 .
1187 2674 1330 2745 quod
1355 2674 1514 2730 nobis
1539 2676 1651 2730 hxc
1675 2690 1852 2730 rctno-

249 2762 350 2821 tier
373 2766 571 2822 cellula
603 2779 846 2836 prtestat,
877 2768 1121 2826 adnuisse
1151 2787 1166 2824 :
1193 2785 1316 2823 nam
1349 2767 1510 2841 hujus
1547 2772 1768 2836 nostri,
1794 2777 1852 2825 ut

248 2858 504 2926 arbitror,
536 2858 684 2916 Galli
707 2862 1056 2926 priest-talium
1087 2879 1194 2918 nat:
1249 2861 1478 2918 tools-ste
1527 2865 1673 2919 feres
1704 2908 1716 2918 .
1749 2866 1842 2937 qui

249 2950 348 3010 hoc
372 2955 622 3012 adventu
653 2964 747 3011 tuo
767 2999 782 3025 ,
832 2964 894 3012 ut
935 2949 1084 3012 viales
1114 2999 1129 3024 ,
1161 2956 1384 3027 perinde
1411 2967 1570 3028 atque
1586 2974 1687 3028 ego
1710 2961 1844 3030 ipse,

251 3045 554 3120 triumphat
577 3049 796 3120 gaudio.
833 3051 998 3107 Recte
1025 3050 1205 3121 plane,
1227 3050 1402 3120 inquit
1431 3050 1845 3119 Pestuiuintzus',

248 3138 302 3196 lu
322 3142 591 3200 societate
619 3153 805 3200 nostra
831 3142 1022 3201 Gallos
1071 3143 1174 3203 iate
1203 3143 1562 3201 retinebitur:
1595 3147 1720 3218 quia
1744 3146 1848 3203 etsi

246 3234 376 3292 mihi
398 3252 596 3310 parum
618 3238 871 3310 Cognitus
892 3250 1002 3309 est,
1033 3255 1133 3312 pro
1157 3257 1225 3296 eo
1254 3252 1434 3297 tamen
1463 3243 1605 3312 quod
1640 3240 1738 3298 tibi
1762 3251 1849 3297 est

1957 2041 2219 2100 prospera
2247 2028 2338 2084 Dei
2371 2037 2504 2084 uqu
2525 2028 2799 2099 navigatio
2824 2026 2947 2084 luit.
2969 2027 3154 2087 Libuit
3180 2028 3370 2084 animo
3409 2026 3566 2084 adire

1956 2121 2338 2193 Carthaginem
2362 2164 2378 2189 ,
2404 2121 2524 2180 loca
2555 2121 2777 2180 visitare
2798 2132 3146 2188 sanctorum,
3193 2133 3251 2179 et
3278 2122 3562 2195 przccipue

1957 2214 2023 2271 ad
2053 2218 2369 2289 sepulcrum
2395 2215 2652 2290 Cypriani
2680 2217 2939 2290 martyris
2962 2219 3215 2274 adorare.
3258 2215 3565 2288 Quiutode-

1956 2308 2102 2368 cimo
2127 2309 2215 2366 die
2238 2309 2303 2365 ad
2339 2320 2551 2382 portum
2582 2309 2853 2382 regressi,
2887 2310 3242 2384 provectique
3272 2310 3328 2367 in
3364 2310 3563 2380 altum,

1957 2402 2344 2461 Alexandriam
2401 2415 2673 2477 petentes,
2727 2405 3035 2462 reluctante
3088 2415 3278 2461 austro
3326 2420 3467 2477 pene
3505 2403 3562 2461 in

1954 2496 2154 2571 Syrtea
2178 2497 2312 2554 illati
2344 2514 2564 2555 sumus:
2597 2499 2743 2569 quod
2779 2497 2987 2567 providi
3035 2508 3214 2554 nautae
3257 2506 3549 2566 caventes,

1955 2593 2116 2663 jactis
2169 2607 2360 2648 navem
2418 2591 2675 2648 anchoris
2717 2592 2940 2649 sistunt.
3001 2591 3118 2649 Sub
3163 2592 3338 2649 oculis
3364 2601 3551 2649 autem

1959 2696 2099 2741 terra
2132 2686 2418 2742 continens
2440 2699 2558 2742 erat
2579 2728 2594 2752 ,
2630 2686 2682 2741 iu
2723 2702 2885 2757 quam
2916 2685 3137 2758 scaphis
3186 2687 3399 2759 egressi
3425 2702 3549 2742 cuin

1959 2794 2123 2834 vacua.
2148 2778 2215 2834 ab
2249 2783 2485 2835 liutuauo
2508 2778 2655 2836 cultu
2679 2781 2860 2836 omnia
2884 2795 3263 2845 cerneremus,
3291 2795 3394 2853 ego
3439 2779 3562 2837 stu-

1954 2868 2160 2925 (Ξὶοδὶυε
2184 2872 2648 2940 eXploraudorum
2676 2873 2921 2928 locorum
2967 2873 3137 2942 gratia
3168 2872 3388 2944 longius
3430 2888 3559 2943 pre-

1957 2964 2120 3021 cessi.
2155 2963 2355 3019 Tribus
2409 2963 2522 3019 fere
2552 2964 2792 3020 millibus
2842 2981 2872 3020 ιι
2924 2964 3107 3020 littore
3150 2980 3378 3035 parvum
3409 2976 3563 3036 tugu-

1959 3060 2096 3114 rium
2128 3058 2272 3114 inter
2304 3076 2497 3114 arenas
2525 3057 2809 3128 conSpicio
2836 3103 2849 3127 ,
2910 3061 3067 3131 cujus
3122 3070 3326 3116 tectum
3351 3103 3367 3128 ,
3421 3063 3562 3118 sicut

1955 3153 2249 3210 Sallustius
2270 3155 2379 3220 ait,
2411 3154 2568 3225 quasi
2613 3152 2798 3210 carina
2847 3142 3004 3210 navis
3033 3161 3194 3219 erat,
3241 3154 3561 3226 contiguum

1957 3259 2116 3308 terra:
2135 3289 2151 3314 ,
2182 3239 2317 3302 satis
2339 3246 2511 3304 ﬁrmis
2534 3246 2732 3303 tabulis
2761 3257 3119 3315 constratum,
3163 3261 3274 3302 non
3315 3247 3460 3320 quod
3484 3247 3561 3306 ibi

247 3329 605 3390 citatissimos
625 3375 640 3399 ,
668 3349 774 3388 non
795 3347 977 3408 potem
1007 3335 1137 3392 mihi
1170 3352 1276 3391 non
1306 3351 1428 3391 esse
1449 3336 1649 3391 cbarus
1673 3378 1690 3405 ,
1735 3352 1838 3391 tua!

2014 3359 2037 3396 s
2064 3342 2320 3399 imbrium
2339 3344 2442 3398 ulla
2474 3344 2734 3399 timeatur
2757 3342 2776 3417 (
2796 3343 2961 3399 fuisse
2985 3357 3169 3399 autem
3195 3344 3304 3399 illic
3320 3344 3559 3415 pluviam

249 3426 390 3483 xime
408 3441 540 3484 eum
561 3444 629 3484 ex
657 3427 872 3486 Ilartini
898 3430 970 3486 sit
993 3429 1301 3502 disciplina.
1349 3429 1536 3499 Neque
1575 3433 1852 3504 gravabor

244 3519 538 3593 quinilihet
565 3532 817 3578 conserte
847 3522 1166 3589 vobiscum,
1195 3532 1254 3578 ut
1288 3521 1532 3594 poscitis,
1567 3524 1796 3579 fabulari
1833 3541 1847 3580 :

245 3615 438 3686 quippe
457 3629 591 3672 cum
615 3616 724 3673 huc
742 3628 964 3689 propter
992 3617 1100 3673 hoc
1123 3616 1391 3685 venerim,
1450 3626 1509 3673 ut
1561 3633 1649 3673 me
1688 3617 1852 3690 hujus

243 3707 463 3784 Sulpicii
489 3713 599 3769 mei
624 3714 738 3784 (me
763 3725 945 3770 autem
969 3725 1199 3786 utraque
1244 3729 1406 3769 manu
1449 3714 1853 3783 complecteba-

247 3807 358 3876 tur)
388 3807 671 3865 desiderio
693 3809 857 3864 etiam
887 3809 1149 3865 verbosus
1183 3809 1256 3864 itu
1268 3809 1589 3878 penderem.

310 3905 372 3964 li.
412 3907 751 3974 Enimvero,
794 3908 1051 3982 inquam.
1080 3908 1216 3965 satis
1253 3909 1543 3981 probasti,
1579 3915 1848 3981 quantum

244 4001 360 4074 pius
386 4018 543 4060 amor
570 4003 786 4076 possit,
835 4003 927 4076 qui
977 4007 1150 4063 nostri
1199 4019 1363 4061 causa
1397 4015 1477 4062 tot
1523 4006 1692 4062 maria
1729 4016 1850 4062 tan-

245 4102 462 4170 tamque
485 4111 756 4156 terrarum
783 4114 1043 4156 emensus
1061 4142 1077 4170 ,
1108 4115 1140 4155 ιι
1168 4115 1386 4157 summo
1408 4145 1422 4166 ,
1449 4111 1506 4156 ut
1530 4102 1603 4157 ita
1625 4101 1804 4157 dicate
1830 4145 1844 4169 ,

245 4187 373 4247 solis
391 4208 623 4266 egressu
650 4193 891 4263 usquein
914 4194 1034 4264 ejus
1055 4195 1280 4251 occidua
1309 4196 1529 4252 venisti.
1555 4201 1670 4268 Age
1691 4205 1846 4269 ergo,

245 4283 362 4357 quia
385 4296 441 4344 et
483 4289 682 4344 secreti
712 4285 854 4344 inter
878 4304 979 4345 nos
1006 4305 1105 4345 nec
1129 4294 1380 4358 occupati
1403 4274 1625 4356 sumus,
1646 4301 1704 4349 et
1727 4307 1846 4348 ser-

247 4382 383 4437 moni
415 4394 514 4439 tuo
544 4398 741 4441 vacare
789 4385 1090 4451 debemus,
1140 4385 1420 4443 cdisseras
1476 4389 1635 4444 nobis
1681 4377 1841 4443 velim

247 4486 454 4532 omnem
512 4475 968 4548 peregrinationis
1006 4489 1112 4536 tua:
1144 4480 1462 4545 biswriam;
1510 4482 1746 4559 qualiter
1790 4482 1846 4538 in

245 4563 457 4625 Orien'e
483 4568 623 4625 lides
649 4565 854 4625 Christi
898 4568 1129 4641 ﬂoreat;
1152 4589 1274 4645 qua:
1304 4574 1374 4630 sit
1403 4573 1472 4631 ibi
1526 4588 1844 4632 sanctorum

249 4661 563 4732 quies,qu:e
586 4660 831 4718 instituta
857 4663 1250 4721 monachorum
1275 4682 1292 4732 ;
1313 4666 1646 4741 quantisque
1673 4669 1846 4742 signis

251 4764 308 4807 .lc
329 4752 624 4810 virtutibus
646 4755 700 4810 in
746 4755 924 4812 servis
963 4758 1077 4813 suis
1099 4757 1353 4816 Christus
1389 4769 1649 4833 operetur
1673 4780 1687 4819 :
1715 4778 1842 4818 nant
1875 4762 1921 4822 Β

253 4855 418 4917 .‘erte,
450 4849 578 4921 quia
621 4847 678 4906 la
725 4851 813 4907 bis
840 4844 1152 4924 regionibus
1177 4896 1194 4920 ,
1229 4856 1371 4911 inter
1402 4855 1504 4911 ista.
1545 4873 1664 4926 qua:
1704 4858 1845 4913 vivi-

251 4955 362 4999 mus
385 4985 402 5012 ,
433 4943 551 5016 ipsa
576 4943 735 5001 nobis
765 4943 871 5000 vita
894 4944 1114 5003 fastidio
1143 4958 1258 5016 est;
1281 4951 1530 5004 libi-uter
1566 4965 1639 5005 ex
1667 4961 1720 5007 te
1746 4965 1844 5006 au-

252 5035 454 5097 diemus
475 5081 494 5107 ,
516 5041 563 5098 si
589 5041 675 5098 vel
705 5038 760 5097 in
783 5055 972 5098 eremo
1004 5042 1185 5102 vivere
1205 5043 1539 5101 Christianis
1569 5047 1715 5103 licet.
1756 5038 1854 5104 Ad

252 5130 361 5191 hac
381 5133 768 5192 Postumianu‘s
787 5176 804 5202 ,
835 5133 1058 5193 Faciam
1079 5180 1096 5204 ,
1120 5138 1296 5210 inquit
1319 5179 1335 5207 ,
1361 5148 1421 5195 ut
1442 5139 1757 5197 desiderare
1790 5148 1840 5196 te

253 5227 436 5299 video;
460 5232 559 5288 sed
579 5246 776 5304 quaeso
795 5231 948 5303 prius
974 5249 1039 5288 ex
1071 5245 1124 5290 te
1144 5233 1384 5302 audiam,
1415 5251 1484 5290 an
1532 5235 1621 5291 isti
1649 5251 1840 5292 omnes

267 5339 376 5396 [nos
427 5326 519 5384 hic
555 5325 887 5400 reliqueram
911 5326 1261 5398 sacerdotes,
1303 5327 1436 5386 tales
1461 5327 1574 5384 sint
1599 5370 1613 5394 ,
1645 5330 1839 5400 quales

261 5431 339 5474 tos
357 5465 370 5486 ,
395 5431 690 5492 antequa
725 5418 1126 5491 proﬁciscerer,
1154 5435 1503 5478 noveramus.
1527 5420 1666 5477 Tum
1696 5404 1800 5494 ego
1824 5463 1840 5482 .

255 5512 482 5583 Aueiae,
507 5513 750 5583 inquam,
775 5511 877 5569 ista
908 5529 1178 5588 quast-ere,
1205 5530 1328 5587 quae
1353 5523 1447 5571 aut
1470 5530 1576 5572 una
1601 5531 1839 5582 mecum,

255 5615 484 5676 etputo,
509 5606 699 5673 nosti,
729 5615 825 5663 aut
859 5605 904 5662 si
943 5606 1192 5681 ignoras,
1234 5623 1345 5666 non
1381 5609 1573 5666 audire
1617 5609 1685 5666 sit
1722 5625 1839 5666 tne-

249 5697 368 5756 lius.
396 5698 536 5757 Illud
562 5698 796 5757 reticere
815 5713 922 5756 non
949 5716 1169 5773 possum
1193 5745 1210 5769 ,
1253 5718 1361 5760 non
1387 5703 1565 5760 solum
1593 5704 1718 5759 illos
1765 5705 1836 5760 de

251 5791 438 5866 quibus
466 5793 806 5866 interrogas,
835 5794 968 5851 nihil
1002 5797 1257 5854 meliores
1281 5814 1444 5871 quam
1478 5813 1708 5854 noveras
1757 5798 1836 5852 ia-

251 5898 390 5958 ctos;
413 5889 512 5948 sed
542 5903 714 5947 mium
735 5887 890 5945 illum
919 5891 1086 5947 nostri
1133 5891 1405 5964 quondam
1443 5909 1754 5963 amantem,
1783 5896 1835 5950 iu

251 5993 356 6056 quo
373 5983 656 6064 respirare
677 5982 751 6042 ab
777 5983 1006 6041 iStorum
1035 5986 1478 6046 insectationibus
1497 5984 1833 6057 solebamus,

1955 3436 2246 3510 nequando
2265 3436 2483 3509 quidem
2514 3437 2760 3493 auditum
2792 3439 2910 3511 est)
2933 3479 2950 3502 .
2981 3438 3078 3495 sed
3099 3439 3243 3507 quod
3275 3449 3560 3496 ventorum

1954 3544 2019 3586 ea
2051 3529 2131 3585 vis
2157 3541 2276 3600 est,
2306 3540 2366 3588 ut
2392 3532 2438 3587 si
2467 3531 2687 3603 quando
2721 3531 2806 3587 vel
2852 3530 3204 3588 clementiori
3260 3530 3410 3588 etelo
3457 3529 3561 3586 ali-

1953 3625 2251 3696 quantulos
2275 3627 2486 3703 spirare
2512 3624 2671 3681 ﬂatus
2693 3628 2926 3698 coeperit
2944 3667 2958 3692 ,
2982 3625 3158 3696 majus
3190 3625 3244 3680 in
3273 3623 3377 3680 illis
3401 3625 3563 3681 terris

1953 3734 2116 3791 quam
2140 3721 2191 3774 in
2218 3720 2334 3775 ullo
2361 3721 2493 3775 mari
2520 3705 2860 3792 naufragium
2886 3720 2976 3775 sit.
3002 3719 3164 3775 Nulla
3193 3718 3265 3775 ibi
3289 3718 3556 3792 germina,

1953 3822 2069 3868 sata
2100 3813 2249 3868 nulla
2281 3813 2636 3883 proveniunt,
2688 3813 2891 3884 quippe
2918 3811 3156 3868 instabili
3203 3812 3326 3869 loco
3351 3853 3368 3877 ,
3401 3827 3562 3868 areu-

1955 3907 2101 3965 tihus
2127 3909 2311 3965 arenis
2337 3909 2404 3964 ad
2426 3925 2644 3965 omnem
2667 3921 2872 3964 motum
2901 3919 3188 3991 ventorum
3214 3909 3560 3966 cedentibus.

1957 4001 2156 4061 Verum
2180 4005 2273 4061 ubi
2291 4011 2497 4062 eversa
2523 4003 2772 4079 quaedam
2797 4020 2826 4059 ιι
2851 4007 2989 4062 mari
3022 4005 3403 4077 promontoria
3421 4021 3560 4063 ven-

1956 4099 2026 4154 tis
2058 4100 2353 4165 resistunt,
2400 4109 2543 4155 terra
2596 4101 2995 4173 aliquantulum
3048 4100 3277 4157 solidior
3331 4099 3560 4158 herbam

1955 4207 2132 4248 raram
2157 4204 2322 4264 atque
2350 4194 2617 4263 hispidam
2639 4184 2834 4268 gignit.
2862 4196 2936 4252 Ea
2964 4195 3158 4252 ovibus
3189 4203 3274 4251 cst
3297 4195 3555 4268 pabulum

1952 4288 2086 4342 satis
2117 4287 2270 4341 utile.
2305 4288 2499 4343 Incolae
2524 4289 2666 4347 lacte
2688 4291 2905 4355 vivant;
2937 4289 3035 4358 qui
3068 4290 3386 4357 ettlertiores
3403 4298 3558 4353 sunt,

1952 4380 2070 4445 vel,
2104 4389 2158 4434 ut
2187 4382 2256 4433 ita
2279 4381 2543 4448 tli'teritn,
2569 4381 2798 4438 ditiores
2822 4426 2836 4444 .
2884 4382 3192 4440 hordeaceo
3225 4397 3365 4455 pane
3397 4391 3559 4439 utun-

1953 4482 2061 4526 tur.
2093 4472 2166 4526 Ea
2193 4472 2269 4528 ibi
2295 4473 2411 4527 sola
2466 4473 2656 4530 messis
2677 4483 2762 4530 est
2783 4517 2796 4542 ,
2828 4490 2950 4547 quae
3006 4474 3290 4530 celeritate
3319 4491 3558 4547 proven-

1952 4577 2038 4622 tus
2082 4583 2180 4640 per
2232 4577 2481 4624 naturam
2519 4568 2622 4624 soli
2644 4565 2767 4634 sive
2807 4568 2980 4636 aeris,
3041 4579 3332 4623 ventorum
3384 4582 3549 4622 casus

1951 4663 2184 4718 evadere
2211 4664 2354 4718 solet
2378 4679 2392 4715 :
2415 4663 2616 4733 quippe
2648 4661 2818 4717 fertur
2842 4676 2869 4714 a
2898 4660 2988 4716 die
3016 4659 3148 4731 jacti
3199 4659 3426 4716 seminis
3458 4659 3554 4716 tri-

1924 4751 2156 4812 cesimo
2180 4756 2270 4812 die
2294 4767 2683 4811 tuaturescere.
2711 4754 3026 4811 Consistere
3048 4762 3232 4809 autem
3259 4752 3336 4809 ibi
3368 4753 3551 4808 homi-

1948 4866 2178 4908 nesnon
2205 4849 2313 4905 alia
2343 4849 2481 4907 ratio
2520 4849 2680 4914 facit,
2720 4865 2882 4919 quam
2907 4848 3054 4920 quod
3100 4861 3294 4902 euntes
3345 4846 3556 4904 tributo

1943 4945 2104 5002 liberi
2131 4953 2290 5001 sunt:
2339 4955 2583 5002 extrema
2614 4945 2887 5015 siquidem
2937 4941 3278 5016 Gyruiorum
3300 4955 3394 4999 ora
3426 4953 3507 4999 est
3527 4985 3544 5010 ,

1943 5041 2169 5101 deserto
2193 5041 2270 5097 illi
2293 5043 2546 5115 contigua
2567 5084 2583 5108 ,
2615 5041 2759 5112 quod
2789 5041 2930 5095 inter
2956 5038 3254 5112 Egyptqu
3302 5047 3360 5093 et
3400 5037 3547 5092 Atrio

1942 5153 2062 5194 cam
2088 5137 2401 5210 interiacet,
2433 5135 2688 5210 perquod
2716 5138 2846 5192 olim
2876 5133 3014 5193 Cato
3038 5134 3312 5192 Caesarem
3335 5132 3550 5205 l'ugieus

1940 5231 2097 5289 duxit
2125 5233 2452 5291 exercitum.

2010 5325 2101 5382 ιγ.
2131 5326 2274 5398 Ergo
2294 5338 2350 5382 ut
2375 5329 2442 5382 ad
2469 5330 2740 5398 tugurium
2798 5325 2930 5381 illud
2963 5325 3108 5398 quod
3149 5323 3365 5380 eminus
3395 5337 3535 5381 con-

1941 5437 2261 5494 spexemm,
2286 5420 2539 5495 pcrtendi
2559 5465 2575 5488 ,
2601 5421 2822 5478 invenio
2851 5435 3036 5476 senem
3062 5419 3115 5473 in
3143 5425 3293 5474 veste
3322 5415 3550 5486 pellicea

1944 5517 2150 5572 molam
2181 5533 2342 5572 manu
2373 5527 2706 5582 vertentem;
2761 5519 3142 5571 consalutatus
3193 5509 3406 5582 accepit
3449 5524 3552 5566 nos

1942 5610 2197 5683 benigne.
2226 5611 2442 5682 Ejectos
2468 5626 2569 5667 nos
2594 5611 2648 5668 in
2671 5610 2804 5668 illud
2830 5610 2986 5666 littus
3009 5625 3078 5664 es
3091 5608 3375 5677 ponimus;
3400 5617 3549 5661 etne

1940 5708 2123 5763 statim
2153 5717 2400 5776 repetere
2427 5719 2648 5761 cursum
2669 5705 2942 5774 possimus
2964 5745 2979 5769 ,
3012 5701 3178 5758 maris
3198 5699 3432 5757 mollitie
3453 5701 3549 5754 de-

1941 5798 2098 5856 tineri
2131 5819 2144 5854 :
2172 5814 2423 5870 egressos
2449 5801 2498 5852 in
2525 5808 2726 5852 terram
2761 5796 2858 5870 (ut
2888 5808 2970 5852 est
2992 5813 3111 5852 nios
3141 5793 3364 5850 humani
3398 5793 3550 5864 inge-

1939 5895 2050 5967 nii)
2110 5904 2354 5949 naturam
2409 5891 2653 5948 locorum
2686 5899 3002 5963 cultumque
3049 5890 3414 5947 habitantium
3441 5901 3538 5944 vo-
3612 5934 3620 5943 .

1939 5991 2107 6049 luisse
2140 6003 2466 6064 .ognoscet'e
2493 6007 2501 6045 ;
2529 5986 2726 6046 Christi
2752 6001 2866 6044 tuos
2886 5998 2986 6044 nos
2999 5999 3119 6045 esse
3140 6002 3154 6043 :
3180 5984 3235 6043 id
3266 5983 3537 6058 praecipue
