3908 6232
124 321 224 376 773

1116 321 1190 373 IN
1225 319 1550 373 PSALMOS
1583 320 1792 372 LXXV
1824 321 2410 375 COMMENTARIUS.

3305 323 3410 378 774

119 436 242 522 ideo
271 447 406 522 mox
426 435 769 522 .adjunctum
791 436 984 517 estut?!
1000 436 1185 522 dicant
1206 452 1429 522 semper,
1446 437 1708 522 Magnifi-
1730 449 1784 522 Α
1807 443 2067 522 possunt.
2089 436 2312 522 ‘Sed‘alii
2328 436 2670 522 quinolunt,
2695 443 2750 489 et
2773 437 2903 488 ideo
2921 449 3039 522 non
3052 437 3404 522 intelligunt.

115 515 258 557 σείειν·
277 507 558 555 Dominus.
583 509 816 571 Semper
831 507 987 558 enim
1011 512 1233 572 oportet
1258 508 1420 559 illum
1442 508 1705 573 magniﬁ-

117 591 254 637 care,
294 583 350 628 et
374 577 622 638 laudare,
651 579 750 641 qui
784 583 1052 642 operatur
1082 580 1138 630 in
1163 580 1346 636 nobis,
1383 585 1440 630 et
1479 580 1623 632 velle
1648 586 1703 630 et

115 650 322 711 operari
347 661 446 712 pro
466 651 616 699 bona
633 649 928 700 voluntate
949 651 1171 713 (Philip.
1191 650 1281 711 2.).
1310 653 1482 701 Recte
1507 657 1700 702 autem

115 719 331 770 subdit:
358 720 460 776 Qui
479 719 856 783 voluntpacem
881 720 1164 782 serviejus.
1195 723 1390 784 Neque
1407 723 1560 772 enim
1581 723 1702 771 suf-

113 791 223 841 ficit
248 792 425 841 servis
449 792 548 842 Dei
566 792 1030 855 vellejustitiam,
1057 794 1167 842 nisi
1193 793 1464 844 studeant
1480 800 1535 844 et
1557 794 1700 846 velle

111 874 317 926 pacem.
347 863 506 913 Unde
524 876 656 913 cum
675 865 940 927 superius
959 864 1221 927 dixisset,
1243 865 1472 916 Declina
1493 877 1526 916 a
1549 865 1700 915 malo

111 939 161 985 et
183 934 266 984 fac
291 935 506 984 bonum
530 935 692 997 (1)εαί.
721 935 856 997 33.):
879 937 1145 999 protinus
1162 936 1252 999 adi
1266 937 1452 997 unxit,
1471 936 1700 999 Inquire

112 1019 299 1066 pacem
323 1011 380 1057 et
403 1019 747 1070 persequere
776 1020 921 1058 eam.
949 1009 1065 1058 Pax
1090 1015 1188 1068 est,
1223 1007 1455 1070 quando
1489 1019 1619 1058 caro
1643 1013 1702 1058 ct

113 1079 338 1142 spiritus
363 1077 714 1128 concordant
740 1079 799 1128 in
824 1080 959 1130 Deo.
985 1081 1051 1129 In
1087 1079 1194 1130 hac
1220 1090 1356 1142 pace
1381 1080 1702 1142 completur

107 1151 326 1212 justitia
371 1152 440 1200 Et
455 1149 592 1200 nihil
603 1151 724 1214 jam
745 1155 921 1201 restat
937 1149 1109 1212 aliud,
1129 1150 1241 1202 nisi
1254 1150 1698 1214 perseverantia.

114 1220 266 1272 Unde
289 1225 419 1285 apte
444 1233 580 1270 mox
607 1221 913 1272 subditur:

168 1290 250 1344 ‘29.
276 1292 338 1340 Et
364 1293 555 1354 lingua
581 1307 698 1340 mea
725 1292 1074 1341 meditabitur
1089 1292 1364 1357 justitiam
1392 1297 1564 1355 tuam,
1591 1298 1702 1341 tota

109 1361 187 1410 die
209 1362 606 1412 laudemluam.
628 1363 868 1414 Videtur
886 1364 1069 1428 magis
1082 1363 1154 1414 ad
1173 1377 1272 1415 cor
1289 1363 1571 1428 pertinere
1588 1377 1703 1414 me-

113 1435 318 1498 ditatio,
339 1447 513 1498 quam
526 1434 598 1484 ad
611 1433 888 1498 linguam.
911 1436 1018 1486 Sed
1041 1436 1178 1498 quia
1191 1436 1372 1487 sancti
1400 1436 1502 1487 viri
1526 1436 1617 1486 die
1634 1448 1700 1486 ac

112 1512 268 1557 nocte
295 1506 645 1558 meditantur
669 1506 728 1556 in
757 1505 879 1570 lege
912 1508 1144 1557 Domini
1171 1505 1335 1565 (Psal.
1367 1506 1454 1570 1.),
1481 1512 1538 1558 et
1565 1520 1700 1570 quae

114 1578 465 1636 meditantur,
484 1575 825 1639 loquuntur:
848 1577 972 1628 ideo
999 1576 1193 1641 lingua
1210 1590 1408 1629 eorum
1426 1579 1522 1629 Dei
1535 1580 1700 1642 justi-

117 1652 242 1700 tiam
265 1649 522 1700 meditari
539 1648 762 1699 dicitur.
781 1649 927 1699 Hinc
949 1653 1228 1712 scriptum
1245 1655 1350 1711 est,
1376 1651 1452 1701 Os
1475 1651 1702 1713 sapien-

117 1722 248 1772 tium
270 1721 327 1771 in
349 1720 519 1771 corde
542 1720 798 1783 ipsorum
827 1721 998 1783 (Prov.
1031 1721 1156 1783 16.).
1183 1721 1292 1772 Sed
1315 1724 1482 1784 cujus
1508 1722 1705 1784 lingua

118 1792 274 1843 durat
294 1792 557 1842 meditari
574 1792 792 1842 totadie
805 1791 1035 1842 laudem
1053 1792 1153 1842 Dei
1171 1795 1196 1841 ?
1215 1792 1324 1843 Sed
1340 1807 1510 1856 opera
1529 1795 1695 1848 bona.

121 1865 229 1916 vita
250 1865 396 1915 bona
409 1863 669 1927 linguam
692 1877 858 1914 suam
872 1864 1088 1915 habent
1107 1865 1259 1926 apud
1291 1865 1614 1916 Dominum.
1642 1867 1698 1918 Si

123 1940 231 1987 tota
250 1935 336 1986 die
360 1936 506 1986 bene
532 1935 760 1997 vixeris,
793 1939 911 1986 tota
935 1934 1024 1986 die
1051 1933 1310 1985 laudabis
1336 1937 1542 1986 Deum.

277 2056 420 2127 I59
463 2049 828 2114 TITULUS
878 2049 1204 2113 PSALMI
1247 2049 1534 2114 XXXV.

179 2171 221 2218 1.
237 2166 299 2215 In
319 2167 486 2228 finem
508 2180 674 2228 puero
693 2166 917 2214 Domini
933 2165 1128 2215 David.
1146 2168 1282 2214 Finis
1297 2174 1464 2214 noster
1480 2169 1702 2215 estChri-

123 2236 238 2290 stus,
267 2232 317 2276 in
338 2244 486 2290 quem
511 2244 601 2276 nos
627 2231 776 2276 mittit
800 2232 892 2276 iste
916 2231 1140 2288 psalmus
1163 2244 1174 2278 :
1202 2231 1292 2288 qui
1316 2232 1610 2277 attribuitur
1625 2232 1701 2278 ei-

122 2294 224 2340 dem
261 2295 464 2340 Domino
499 2294 617 2339 Jesu
663 2293 877 2353 Christo,
917 2293 1008 2350 qui
1048 2294 1211 2339 dictus
1262 2300 1335 2339 est
1377 2294 1555 2355 David,
1581 2296 1700 2352 quia

123 2356 265 2402 factus
287 2362 356 2401 est
379 2369 435 2401 ex
454 2355 646 2401 semine
670 2356 825 2400 David
845 2355 1122 2401 secundum
1141 2368 1359 2402 carnem.
1389 2357 1515 2403 Puer
1533 2363 1697 2403 autem

122 2432 147 2462 a
166 2419 365 2477 puritate
387 2419 553 2464 dictus
576 2422 666 2478 est,
691 2419 813 2476 quia
839 2417 946 2464 sine
975 2422 1175 2477 peccato
1202 2418 1323 2464 fuit:
1353 2421 1486 2477 quod
1527 2419 1580 2464 in
1607 2420 1701 2466 hoc

122 2482 296 2540 psalmo
320 2478 518 2538 liquido
541 2481 838 2528 decleratur.
872 2483 926 2526 In
951 2495 1052 2540 quo
1076 2481 1357 2527 ostenditur
1379 2487 1697 2539 peccatorum

121 2543 276 2589 omnia
295 2550 490 2602 peccata
514 2557 606 2590 sua
631 2557 730 2588 non
759 2545 869 2601 Deo,
897 2545 984 2589 sed
1009 2557 1038 2589 ει
1061 2557 1112 2590 se
1137 2544 1335 2590 habere.
1361 2545 1556 2591 Justum
1583 2558 1700 2591 vero

122 2606 239 2651 nihil
265 2607 440 2654 habere
458 2607 690 2666 justitize,
718 2607 817 2652 nisi
841 2620 900 2652 ex
924 2606 1083 2653 solius
1117 2607 1200 2652 Dei
1232 2607 1477 2665 largitate.
1504 2609 1700 2654 Materia

122 2671 187 2731 est
205 2669 384 2731 justus,
408 2675 456 2717 et
482 2669 779 2716 secundario
804 2669 1010 2727 impius.
1055 2670 1110 2714 In
1149 2670 1309 2726 prima
1355 2675 1494 2727 parte
1517 2670 1699 2730 psalmi

120 2729 336 2788 impium,
360 2729 475 2779 eum
507 2746 597 2778 sua
613 2733 928 2778 accusatione
951 2732 1204 2777 deseribit.
1233 2732 1291 2779 In
1313 2733 1534 2784 secunda
1563 2737 1699 2791 parte

122 2793 343 2840 describit
374 2797 571 2852 justum
597 2808 696 2841 non
722 2807 836 2841 cum
860 2809 953 2841 sua
978 2795 1142 2853 laude,
1170 2795 1252 2840 sed
1277 2808 1392 2840 cum
1419 2795 1565 2842 laude
1591 2797 1675 2841 Dei

123 2857 321 2919 intendit
340 2863 505 2904 autem
533 2870 622 2904 nos
636 2859 921 2914 admonere,
941 2863 993 2903 ut
1011 2858 1130 2903 vitia
1149 2863 1315 2903 nostra
1326 2871 1384 2903 ex
1403 2859 1548 2904 nobis
1571 2871 1698 2919 esse,

126 2918 242 2964 bona
263 2926 422 2966 autem
447 2936 478 2967 a
508 2922 602 2966 Deo
633 2932 1018 2978 cognoscamus:
1051 2934 1112 2966 ne
1137 2921 1305 2965 veniat
1329 2921 1476 2967 nobis
1494 2934 1582 2979 pes
1607 2918 1698 2967 su;

124 2982 292 3040 perbize
318 2989 362 3031 et
383 2984 624 3032 cedamus
647 2983 783 3045 (Osee
807 2984 922 3043 13.).
950 2985 1028 3030 Sic
1052 2997 1167 3042 ergo
1190 2983 1388 3042 incipit.

534 3097 936 3161 PSALMUS
982 3097 1266 3162 XXXV.

175 3199 221 3256 ΕΣ.
257 3204 402 3254 Dixit
432 3205 691 3268 injuslus,
722 3211 781 3254 ut
812 3205 1090 3268 delinquat
1125 3206 1186 3253 in
1217 3205 1506 3270 semetipso.
1534 3207 1698 3260 Multi

1730 1820 1785 1893 B

1806 508 1914 560 Sed
1953 509 2110 560 aliud
2142 513 2246 562 est.
2289 507 2520 571 quando
2546 510 2792 572 quisque
2822 512 3064 560 conatur
3086 509 3405 571 intelligere

1803 580 2038 643 aliquid,
2062 585 2117 631 et
2139 579 2644 644 perinfirmitatem
2667 581 2856 632 carnis
2877 593 2995 632 non
3026 584 3231 644 potest,
3258 583 3409 632 sicut

1804 655 2079 714 scriptum
2127 656 2234 711 est,
2267 651 2410 713 Quia
2443 664 2670 714 corpus,
2697 654 2851 715 quod
2879 654 3286 716 corrumpitur,
3317 667 3408 715 ag-

1803 724 2284 785 gravatanimam,
2299 722 2635 785 etdeprimit
2651 726 2871 774 terrena
2898 722 3044 792 |60
3066 724 3404 775 inhabitatio

1804 807 2040 845 sensum
2084 795 2264 844 multa
2308 794 2657 857 cogitantem
2696 793 2843 856 (Sap.
2873 795 2980 856 9.):
3017 800 3090 858 et,
3133 797 3284 846 sicut
3327 797 3407 847 ait

1801 863 2132 926 Apostolus,
2150 864 2414 915 animalis
2434 864 2607 914 homo
2625 876 2742 913 non
2761 864 2996 927 percipit
3011 877 3096 928 ea,
3115 879 3248 929 quae
3266 870 3405 917 sunt

1803 935 2038 998 spiritus
2053 937 2154 985 Dei
2184 935 2224 998 (il
2239 973 2249 983 .
2267 936 2387 985 Cor.
2410 933 2501 996 “2.).
2518 935 2687 986 Aliud
2702 940 2895 985 autem
2915 941 3004 986 est
3029 939 3260 999 quando
3281 953 3408 1002 per-

1801 1006 2076 1056 niciosius
2101 1007 2221 1070 agit
2244 1007 2550 1056 adversum
2572 1007 2833 1069 seipsum
2858 1019 2955 1057 cor
2981 1007 3317 1071 humanum,
3341 1017 3406 1061 ut

1801 1077 1954 1140 quod
1979 1083 2177 1140 posset
2202 1077 2535 1140 intelligere,
2556 1077 2603 1127 si
2628 1078 2778 1128 bona
2803 1077 3067 1128 voluntas
3091 1079 3387 1131 accederet

1801 1160 1920 1198 non
1937 1147 2243 1210 intelligat:
2273 1161 2391 1200 non
2403 1149 2534 1211 quia
2549 1148 2778 1199 difﬁcile
2791 1153 2897 1212 est,
2923 1149 3026 1199 sed
3043 1150 3176 1212 quia
3201 1150 3406 1201 volun-

1805 1224 1894 1272 tas
1920 1220 2168 1272 adversa
2191 1224 2298 1272 est.
2322 1220 2548 1272 Etillud
2565 1220 2798 1284 quidem
2825 1220 3130 1272 infirmitas
3154 1226 3270 1272 est:
3300 1221 3408 1273 Ιιοίε

1801 1296 1997 1342 autem
2013 1305 2242 1344 summa
2255 1292 2546 1356 iniquitas.
2567 1291 2712 1343 Illud
2725 1291 3058 1357 invalitudo,
3080 1293 3186 1343 hoc
3204 1292 3412 1344 delibe-

1801 1363 1963 1416 ratio.
1990 1363 2104 1415 Sed
2131 1363 2321 1416 adhuc
2345 1364 2416 1416 de
2432 1363 2526 1416 illo
2543 1363 2778 1429 injusto,
2797 1363 2937 1427 quid
2961 1364 3088 1428 subj
3099 1369 3294 1430 ungat,
3312 1377 3410 1417 au-

1802 1433 2054 1486 diamus.

1866 1503 1916 1557 5.
1943 1505 2291 1569 Iniquitatem
2322 1505 2612 1554 meditatus
2645 1509 2716 1554 est
2753 1505 2814 1554 in
2848 1505 3012 1554 cubili
3049 1521 3164 1556 suo.
3201 1507 3264 1558 1d
3298 1513 3405 1571 est,

1801 1574 1858 1626 in
1886 1577 2192 1628 secretario
2227 1573 2413 1628 cordis
2454 1577 2562 1639 sui,
2585 1577 2767 1624 Aslitit
2801 1578 2957 1625 omni
2982 1578 3074 1625 viae
3098 1594 3210 1628 non
3239 1579 3403 1631 bonas.

1801 1646 1865 1696 Id
1897 1653 1986 1699 est
2020 1648 2126 1707 (Ea:
2157 1648 2483 1711 Augustino,
2522 1647 2617 1698 loc.
2651 1647 2778 1710 cit.),
2817 1655 3248 1711 perseveranter
3274 1664 3408 1715 pec-

1807 1720 1974 1770 cavit.
1995 1720 2267 1768 Maliliam
2285 1725 2464 1768 autem
2482 1734 2596 1767 non
2621 1719 2806 1768 odivil.
2836 1719 2918 1768 lbi
2945 1725 3032 1770 est
3061 1720 3303 1785 fructus,
3331 1722 3408 1772 ibi

1808 1791 1955 1840 linis.
1973 1795 2087 1842 Non
2111 1798 2291 1855 potes,
2306 1805 2423 1842 non
2446 1791 2658 1841 habere
2676 1789 2996 1840 malitiam?
3021 1791 3109 1842 vel
3126 1792 3316 1843 oderis
3339 1792 3408 1843 il-

1806 1860 1937 1911 lam.
1969 1863 2108 1912 Cum
2134 1863 2284 1913 enim
2303 1861 2478 1913 odisti
2496 1862 2662 1923 illam,
2687 1861 2783 1911 vix
2805 1862 2901 1910 tibi
2919 1863 3193 1926 subrepit,
3219 1868 3282 1914 ut
3305 1866 3408 1916 ali-

1801 1932 1940 1994 quid
1967 1934 2100 1983 muli
2123 1934 2315 1984 facias.
2347 1936 2446 1984 Est
2461 1933 2614 1984 enim
2637 1937 2938 1996 peccatum
2956 1934 3015 1983 in
3039 1935 3264 1985 mortali
3282 1949 3406 1987 cor-

1800 2017 1952 2068 pore.
1969 2005 2074 2057 Sed
2089 2005 2228 2068 quid
2240 2003 2738 2068 dicitApostolus‘?
2755 2006 2877 2055 Non
2890 2011 3091 2068 regnet
3102 2011 3402 2070 peccatum

1799 2075 1860 2125 in
1879 2081 2072 2128 vestro
2088 2076 2310 2127 mortali
2328 2088 2582 2138 corpore,
2601 2075 2677 2126 ad
2698 2075 3085 2127 obediendum
3103 2077 3402 2130 desideriis

1801 2148 1927 2210 ejus
1942 2149 2110 2212 (Rom.
2130 2147 2218 2210 6.).
2241 2149 2306 2198 Et
2325 2146 2492 2210 paulo
2511 2152 2642 2210 post
2657 2146 2810 2198 idem
2829 2147 3041 2198 Paulus
3065 2150 3233 2199 :Cum
3249 2150 3398 2202 enim

1801 2219 1951 2270 servi
1963 2218 2170 2268 essetis
2185 2217 2419 2281 peccati,
2433 2217 2596 2267 liberi
2611 2217 2801 2266 fuistis
2812 2219 2830 2275 j
2843 2219 3025 2266 ustitire
3042 2218 3231 2282 (lbid.).
3245 2222 3396 2268 Aliud

1799 2294 1888 2341 est
1901 2302 2018 2341 non
2030 2300 2304 2353 pugnare,
2320 2292 2376 2339 et
2387 2299 2517 2338 esse
2533 2287 2595 2337 in
2613 2299 2751 2351 pace
2770 2300 2905 2338 vera
2919 2293 3092 2351 atque
3107 2295 3398 2355 perpetua.

1796 2360 1966 2412 Aliud
1989 2373 2265 2425 pugnare,
2301 2363 2357 2410 et
2386 2359 2632 2410 vincere.
2663 2358 2833 2408 Aliud
2855 2371 3116 2423 pugnare
3149 2365 3207 2412 et
3229 2362 3400 2414 vinci.

1797 2433 1966 2485 Aliud
2004 2446 2109 2484 nec
2141 2442 2416 2496 pugnare,
2444 2429 2546 2481 sed
2583 2429 2746 2481 trahi.
2779 2431 2926 2480 Sunt
2960 2432 3115 2482 enim
3139 2431 3401 2486 homines

1795 2517 2053 2568 prorsus,
2067 2504 2166 2566 qui
2181 2517 2296 2553 non
2310 2507 2591 2566 pugnant,
2607 2501 2794 2564 qualis
2807 2507 2898 2553 est
2918 2502 3028 2554 iste
3044 2505 3114 2555 de
3127 2520 3228 2565 quo
3245 2508 3404 2567 loqui-

1797 2581 1908 2627 tur.
1929 2576 2070 2625 Cum
2083 2575 2234 2625 enim
2248 2573 2412 2631 dixit,
2430 2572 2703 2621 Malitiam
2717 2578 2899 2622 autem
2911 2589 3021 2622 non
3041 2575 3165 2624 odio
3191 2577 3399 2638 habuit,

1797 2646 2086 2710 quomodo
2102 2649 2321 2708 pugnat
2333 2648 2532 2694 contra
2545 2656 2692 2702 eam,
2710 2655 2889 2706 quam
2905 2657 3023 2694 non
3040 2648 3181 2696 odit?
3193 2651 3288 2696 Iste
3303 2663 3400 2696 ma-

1794 2717 1914 2769 litia
1931 2717 2194 2776 trahitur,
2223 2728 2330 2766 nec
2348 2719 2646 2779 repugnat.
2663 2715 2807 2765 Sunt
2823 2720 3019 2766 autem
3031 2752 3044 2777 ,
3058 2717 3156 2778 qui
3175 2733 3398 2779 pugnare

1796 2789 2096 2852 incipiunt,
2126 2787 2227 2839 sed
2252 2787 2387 2850 quia
2412 2785 2484 2836 de
2510 2785 2728 2836 viribus
2755 2786 2876 2836 suis
2899 2795 3284 2852 praesumunt,
3313 2801 3398 2841 ca-

1797 2861 1961 2911 dunt.
1988 2861 2058 2910 Et
2083 2863 2238 2921 sunt,
2265 2858 2362 2921 qui
2376 2861 2656 2921 pugnant,
2688 2857 2745 2908 et
2761 2869 2877 2908 non
2903 2858 3236 2923 vincuntur,
3262 2862 3397 2924 quia

1796 2931 1868 2984 de
1886 2931 2092 2994 seipsis
2109 2943 2226 2980 non
2250 2933 2646 2993 praesumunt:
2670 2928 2772 2979 sed
2793 2933 2940 2980 totos
2963 2942 3023 2980 se
3049 2931 3264 2984 divinas
3289 2933 3396 2983 mi-

1796 3003 2117 3057 sericordiae
2130 3003 2516 3054 committunt.
2535 3003 2614 3053 De
2628 3001 2716 3052 his
2729 3006 2925 3053 autem
2941 3003 3397 3068 subjungit,con-

1798 3076 2074 3189 vertaendo
2093 3088 2154 3126 se
2170 3074 2243 3126 ad
2259 3073 2595 3125 familiarem
2611 3073 2842 3125 Domini
2858 3071 3226 3140 locutionem,
3244 3081 3302 3128 et
3319 3076 3397 3128 di-

1799 3153 1902 3189 cen
1948 3153 1980 3189 ο
1999 3155 2008 3186 :

1867 3153 2008 3189 nuo:

1833 3153 2008 3191 endo:

1799 3153 1829 3192 Ο
1861 3211 1910 3265 6.
1929 3210 2174 3269 Domine,
2196 3210 2255 3257 in
2271 3205 2395 3258 ccelo
2412 3206 2786 3256 misericordia
2812 3212 2924 3260 tua.
2943 3209 3181 3260 Duobus
3206 3212 3392 3262 modis

118 3272 216 3326 hoc
238 3277 456 3340 dicunt;
493 3246 623 3328 i\70n
669 3246 984 3341 possumusl
1019 3289 1146 3328 esse
1192 3277 1317 3328 sine
1349 3246 1582 3341 pgccato
1626 3279 1691 3344 (1.
1725 3246 2065 3345 Caecipitur
2081 3246 2470 3339 misericordia
2489 3279 2606 3330 Dei.
2627 3279 2753 3329 Una
2775 3283 2864 3329 est
2885 3291 3061 3342 quam
3078 3283 3394 3333 communi-

119 3345 264 3399 Joan.
299 3348 383 3411 1.).
413 3348 570 3400 Talis
608 3351 696 3400 est
732 3353 929 3398 nostra
963 3354 1184 3398 natura.
1225 3349 1390 3400 Tales
1423 3362 1529 3400 nos
1563 3350 1694 3404 fecit

119 3416 271 3469 Deus.
287 3419 339 3469 Si
357 3420 478 3484 ipse
493 3433 609 3471 non
627 3418 813 3479 vellet,
828 3431 945 3469 non
963 3431 1355 3482 peccaremus.
1375 3422 1556 3481 Quare
1582 3421 1692 3474 hoc

117 3486 540 3554 dicitinjustus?
561 3492 689 3541 Non
714 3497 784 3539 est
813 3491 975 3539 timor
1005 3491 1098 3539 Dei
1125 3496 1250 3539 ante
1269 3491 1446 3540 oculos
1478 3492 1606 3556 ejus.
1636 3497 1691 3547 Si

114 3559 279 3612 Deum
298 3562 542 3621 timeret,
569 3576 685 3614 non
707 3562 814 3613 hoc
835 3561 1065 3626 diceret,
1095 3563 1210 3613 imo
1226 3570 1523 3615 accusaret
1541 3568 1692 3632 seip-

118 3643 252 3696 sum,
276 3647 385 3685 non
421 3637 620 3686 Deum.
650 3635 752 3686 Ubi
781 3647 896 3685 non
921 3639 1008 3685 est
1032 3635 1217 3699 timor,
1235 3635 1314 3686 ibi
1339 3641 1430 3687 est
1452 3637 1692 3692 dissolu-

119 3701 184 3754 tio
199 3705 378 3756 animi.
395 3708 794 3758 Timorautem
818 3706 915 3756 Dei
933 3705 1179 3757 fraenum
1196 3711 1284 3757 est
1295 3709 1528 3770 peccati.
1549 3713 1692 3772 Quia

115 3784 236 3843 ergo
253 3775 417 3828 talem
433 3790 498 3828 se
523 3776 646 3828 vult
661 3776 1013 3828 abscondere
1031 3777 1166 3834 Deo,
1193 3776 1381 3840 qualis
1408 3784 1516 3843 est,
1534 3787 1688 3834 recte

115 3842 178 3894 de
201 3845 288 3896 illo
313 3849 690 3912 subjunctum
717 3853 807 3899 est
830 3861 843 3897 :

168 3913 213 3968 3.
235 3918 503 3975 Quoniam
537 3919 707 3968 dolose
737 3919 850 3981 agit
883 3919 942 3967 in
973 3924 1246 3984 conspectu
1269 3920 1417 3983 ejus:
1456 3928 1515 3973 ut
1541 3925 1689 3973 inva-

111 3986 288 4036 niatur
317 3990 587 4052 iniquitas
616 3990 729 4053 ejus
753 3991 827 4039 ad
849 3991 1053 4039 odium.
1085 3991 1294 4042 Dolose
1317 3993 1434 4056 agit
1466 3995 1524 4045 in
1551 4010 1688 4049 con—

114 4062 299 4119 spectu
325 4061 438 4124 Dei,
473 4061 738 4124 quisquis
773 4060 892 4113 vult
920 4061 971 4112 ei
1002 4061 1356 4114 abscondere
1391 4073 1688 4127 peccatum

113 4139 287 4198 suum.
314 4132 524 4184 Ethaac
547 4138 635 4184 est
654 4133 949 4198 iniquitas,
968 4145 1140 4196 quam
1166 4135 1323 4184 Deus
1352 4134 1488 4198 odlt,
1518 4146 1574 4189 et
1597 4153 1688 4191 ve—

109 4197 388 4255 hementer
420 4204 604 4268 punit.
642 4204 880 4266 Quando
921 4205 1093 4254 homo
1130 4210 1346 4268 peccat,
1387 4212 1443 4257 et
1478 4197 1687 4262 deinde

109 4273 347 4337 paenitet,
365 4280 421 4326 et
436 4276 795 4337 recognoscit
808 4287 868 4325 se
886 4276 1032 4326 male
1049 4276 1252 4336 egisse,
1271 4276 1494 4329 nullum
1511 4280 1686 4333 alium

109 4341 411 4409 increpans,
447 4346 541 4398 vel
564 4358 867 4405 accusans,
901 4345 1012 4396 nisi
1039 4346 1439 4410 semetipsum:
1471 4356 1528 4401 et
1553 4351 1686 4406 inde

113 4417 218 4464 toto
228 4417 409 4478 corde,
425 4422 546 4469 toto
557 4419 774 4481 gemitu
787 4420 1142 4469 convertitur
1153 4417 1224 4467 ad
1237 4418 1685 4475 misericordiam

113 4483 229 4536 Dei:
265 4487 387 4539 talis
415 4489 715 4552 iniquitate
747 4492 867 4540 Deo
899 4489 970 4540 ad
1001 4489 1198 4540 odium
1220 4503 1339 4542 non
1372 4491 1682 4547 invenitur.

108 4555 219 4606 Imo
236 4557 391 4611 facile
407 4561 454 4611 ei
479 4561 803 4612 remittitur.
824 4561 966 4621 Quia
979 4565 1172 4612 autem
1191 4575 1308 4612 non
1333 4564 1520 4616 solum
1532 4567 1682 4619 male

1794 3358 1877 3405 ter
1900 3353 1993 3404 hic
2018 3355 2255 3415 prmstat
2279 3351 2447 3401 bonis
2465 3353 2521 3401 et
2547 3349 2730 3413 malis,
2752 3349 2901 3401 sicut
2923 3355 3013 3400 est
3033 3351 3280 3403 facultas
3306 3367 3386 3404 re-

1790 3438 1935 3485 rum,
1965 3423 2186 3474 sanitas
2210 3421 2808 3486 corporum,scientia,
2838 3421 3118 3485 doctrina,
3144 3425 3390 3488 prophe-

1791 3497 1887 3558 tia,
1912 3500 1970 3546 et
1994 3495 2104 3545 alia
2122 3493 2471 3558 hujusmodi.
2503 3492 2611 3543 Sed
2629 3491 2764 3555 quia
2781 3492 2906 3544 hch
2927 3498 3066 3544 sunt
3083 3497 3390 3558 transitoria,

1791 3567 2119 3631 temporalis
2142 3571 2230 3616 est
2255 3563 2662 3616 misericordia.
2678 3565 2777 3614 Est
2801 3563 2931 3626 alia,
2959 3576 3131 3627 quam
3151 3571 3390 3628 prastat

1789 3642 1945 3691 Deus
1964 3637 2102 3688 solis
2122 3637 2284 3688 bonis
2296 3642 2354 3689 et
2371 3635 2590 3687 sanctis
2614 3651 2626 3686 :
2644 3635 2796 3686 sicut
2810 3640 2900 3686 est
2918 3635 3179 3686 remissio
3194 3649 3389 3700 pecca-

1791 3715 1999 3774 torum,
2022 3708 2219 3762 divina
2234 3708 2460 3767 caritas,
2473 3712 2690 3760 aeterna
2707 3707 2844 3759 vita.
2864 3709 3003 3759 Hinc
3020 3708 3254 3771 quidem
3270 3721 3385 3761 non

1791 3785 2033 3846 terrena,
2060 3780 2163 3832 sed
2196 3780 2484 3837 ccelestis:
2505 3791 2621 3830 non
2647 3780 2990 3842 transitoria,
3028 3779 3131 3831 sed
3169 3784 3388 3832 interna

1787 3859 1893 3906 est.
1921 3853 2030 3906 Sed
2055 3853 2345 3916 quomodo
2376 3852 2502 3904 haec
2526 3851 2871 3902 annuntiata
2893 3855 3021 3902 est?
3047 3852 3307 3915 sequitur
3331 3856 3389 3905 et

1787 3926 1943 3989 dicit,
1969 3925 2036 3973 Et
2060 3923 2254 3975 veritas
2288 3928 2382 3972 tua
2407 3937 2574 3986 usque
2613 3923 2688 3971 ad
2717 3921 2896 3973 nubes.
2916 3921 2978 3973 Id
3003 3926 3110 3987 est,
3137 3924 3389 3988 cognitio

1790 4001 1904 4048 tuas
1931 3995 2190 4047 veritatis
2226 3995 2388 4046 venit
2417 3993 2491 4044 ad
2526 3992 2948 4056 praedicatores.
2976 3993 3387 4046 Prsedicatores

1785 4068 1883 4118 isti
1894 4080 1992 4130 per
2008 4079 2154 4129 quos
2175 4065 2521 4128 praedicatur
2537 4063 2913 4127 Evangelium
2937 4065 3054 4126 Dei,
3076 4067 3262 4116 nubes
3285 4067 3386 4118 Dei

1788 4143 1938 4190 sunt.
1966 4139 2194 4188 Tonant
2216 4136 2408 4197 minis,
2427 4134 2633 4198 pluunt
2655 4135 2864 4193 verbis,
2891 4141 3200 4187 coruscant
3226 4139 3388 4188 mira-

1787 4209 1948 4260 culis.
1977 4210 2284 4272 Speremus
2302 4219 2436 4270 ergo
2452 4205 2918 4269 misericordiam,
2938 4207 3038 4258 sed
3055 4207 3230 4272 illam,
3255 4221 3383 4272 qua:

1785 4280 1846 4331 in
1869 4279 2014 4331 c0310
2041 4284 2149 4330 est.

1848 4351 1897 4405 7.
1921 4351 2146 4400 Justitia
2164 4355 2260 4399 tua
2280 4350 2417 4398 sicut
2441 4353 2644 4398 montes
2667 4349 2784 4399 Dei.
2810 4349 2968 4400 Sicut
2991 4350 3382 4404 misericordia

1787 4424 1886 4475 Dei
1915 4423 2043 4474 facit
2057 4421 2320 4473 homines
2339 4419 2534 4480 cmlos,
2561 4433 2694 4471 cum
2718 4433 2752 4471 a
2777 4421 3016 4472 terrenis
3039 4421 3112 4472 ad
3128 4423 3384 4476 caelestia

1787 4493 2075 4548 sublevat:
2101 4497 2160 4544 et
2194 4492 2344 4544 sicut
2369 4493 2580 4544 veritas
2605 4492 2704 4543 Dei
2729 4491 2864 4542 facit
2885 4492 3150 4544 homines
3174 4495 3380 4560 nubes,

1793 4579 1926 4618 cum
1953 4579 2053 4617 eos
2084 4577 2185 4630 per
2209 4563 2552 4629 sapientiam
2578 4575 2745 4614 suam
2769 4561 3051 4615 illustrat:
3078 4565 3160 4616 sic
3186 4565 3382 4618 divina

110 4625 258 4703 vivit,
276 4631 374 4680 sed
390 4632 565 4682 etiam
583 4631 791 4682 malam
810 4617 988 4684 vitam
1001 4635 1381 4695 superbiendo
1399 4617 1679 4691 defendit:
1707 4617 1764 4691 D
1785 4617 2012 4703 iustitia
2033 4617 2166 4690 facit
2188 4617 2452 4688 homines
2469 4635 2620 4686 sicut
2633 4639 2863 4686 montes
2885 4636 3004 4698 Dei,
3029 4617 3268 4700 quando
3281 4617 3382 4690 eos

107 4694 191 4748 hic
202 4704 303 4764 est,
321 4714 495 4766 quem
518 4703 670 4754 Deus
687 4703 819 4754 odit.
842 4694 1173 4754 Secundum
1196 4705 1468 4759 duritiam
1485 4714 1680 4762 autem

109 4769 412 4846 cordis_sui,
439 4777 495 4825 et
517 4775 714 4846 corim
723 4775 1008 4839 paenitens
1027 4775 1278 4828 thesauri
1290 4784 1381 4830 zat
1405 4781 1514 4832 sibi
1539 4781 1682 4833 iram

109 4840 161 4915 i_n
183 4840 268 4892 die
291 4843 389 4896 irae
412 4848 468 4896 et
484 4845 849 4898 revelationis
864 4846 1008 4910 justi
1029 4847 1232 4910 judicii
1247 4851 1348 4900 Dei
1374 4852 1556 4913 (Rom.
1581 4851 1676 4915 2.):

109 4907 173 4961 de
203 4924 312 4975 quo
336 4920 393 4966 et
423 4916 722 4968 subditur:

167 4982 212 5034 4.
259 4986 419 5036 Verba
449 4989 559 5036 oris
590 4991 702 5051 ejus
730 4989 999 5053 iniquitas
1029 4996 1076 5040 et
1107 4991 1274 5041 dolus.
1317 4995 1682 5060 Iniquitatem

107 5062 198 5131 per
220 5061 402 5131 partes
425 5061 748 5122 exequitur,
768 5061 1080 5114 ostendens
1106 5076 1230 5113 eam
1255 5064 1313 5114 in
1334 5069 1677 5130 cognitione,

105 5129 323 5203 inactu,
350 5129 407 5180 in
435 5131 630 5182 verbo.
659 5132 820 5183 Multi
841 5132 1038 5184 dolose
1067 5140 1264 5197 agunt,
1293 5141 1357 5187 ut
1379 5129 1680 5191 inveniant

105 5195 441 5260 iniquitatem
479 5215 666 5253 suam:
695 5203 751 5254 id
784 5209 891 5267 est,
921 5217 1036 5255 non
1069 5195 1140 5253 ei
1163 5209 1357 5256 animo
1386 5212 1584 5273 agunt,
1616 5214 1678 5260 ut

104 5277 216 5320 eam
234 5273 456 5334 possint
471 5273 725 5326 invenire
737 5276 1011 5326 etodisse.
1035 5277 1363 5327 Invenirent
1383 5281 1426 5328 si
1447 5279 1675 5332 vellent.

106 5339 306 5407 Nolunt
329 5350 542 5407 autem,
577 5351 638 5397 ut
662 5347 745 5397 sic
771 5361 833 5398 se
865 5347 1171 5398 defendere
1196 5353 1254 5399 et
1277 5361 1558 5401 excusare
1586 5365 1677 5402 va-

103 5404 245 5482 leant
285 5415 352 5465 Et
381 5404 712 5469 sicut'dolus
737 5418 1302 5482 estininquisitione,
1322 5421 1402 5470 sic
1426 5424 1676 5476 etiamin

103 5478 440 5552 defensione.
469 5490 608 5539 Nam
631 5491 678 5540 si
705 5490 798 5540 cui
821 5478 1019 5540 eorum
1041 5490 1200 5552 dicis,
1226 5478 1408 5550 Quare
1432 5493 1540 5544 hoc
1563 5508 1681 5545 ma-

102 5548 212 5624 lum
235 5554 408 5607 facis?
424 5561 734 5624 respondet
755 5562 892 5612 tibi?
910 5565 1093 5623 Quam
1118 5548 1280 5613 multi
1306 5562 1414 5613 hoc
1441 5564 1675 5618 faciunt.

103 5623 364 5700 Nunquid
377 5623 576 5684 omnes
597 5633 920 5698 perditurus
933 5637 1022 5685 est
1032 5635 1224 5684 Deus?
1235 5636 1322 5685 Sic
1336 5649 1470 5699 ergo
1480 5637 1682 5700 iniqui-

105 5698 270 5778 tatem
295 5699 554 5778 loquens,
594 5705 823 5778 etAmale
843 5718 906 5778 se
920 5710 1158 5778 tegens,
1182 5698 1474 5778 invenitur
1495 5708 1555 5759 in
1581 5698 1679 5760 ore

103 5771 222 5828 eius
251 5771 522 5836 iniquitas
555 5779 614 5827 et
649 5776 835 5829 dolus.
880 5775 1069 5826 Noluit
1102 5777 1408 5842 intelligere,
1454 5784 1514 5828 ut
1557 5779 1679 5829 bene

103 5847 283 5900 ageret.
309 5843 460 5897 Sunt
479 5845 759 5913 homines,
775 5848 872 5912 qui
902 5847 1105 5901 volunt
1128 5851 1464 5916 intelligere,
1483 5855 1540 5904 et
1561 5864 1678 5905 non

1784 4709 2090 4762 virtutibus
2112 4713 2171 4760 et
2185 4708 2454 4772 Operibus
2468 4707 2634 4758 bonis
2651 4705 2780 4758 exal
2791 4712 2873 4760 tat
2901 4712 2957 4759 et
2973 4707 3294 4761 conﬁrmat.
3315 4712 3382 4762 Et

1784 4780 2093 4845 quomodo,
2119 4779 2351 4844 quando
2375 4778 2554 4830 oritur
2578 4780 2680 4841 sol,
2707 4779 2866 4844 prius
2891 4779 3018 4831 luce
3042 4785 3269 4833 montes
3290 4795 3385 4834 ve-

1783 4855 1897 4915 stit,
1917 4857 1975 4905 et
1991 4852 2124 4904 inde
2145 4853 2249 4904 lux
2272 4851 2343 4902 ad
2367 4850 2691 4902 humillima
2711 4857 3021 4904 terrarum:
3045 4853 3126 4904 sic
3150 4855 3380 4918 quando

1780 4925 1936 4978 venit
1955 4925 2236 4977 Dominus
2250 4925 2280 4975 J
2285 4936 2423 4976 esus
2439 4922 2721 4989 Christus,
2748 4924 2907 4988 prius
2923 4924 3163 4977 radiavit
3175 4927 3236 4978 in
3253 4926 3382 4980 alti-

1782 4997 2044 5049 tudinem
2068 4995 2494 5060 Apostolorum,
2521 4997 2680 5061 prius
2705 4996 3016 5050 illustravit
3041 5001 3296 5051 montes:
3324 5004 3381 5051 et

1784 5070 1867 5120 sic
1887 5069 2188 5121 descendit
2206 5069 2307 5120 lux
2322 5069 2450 5132 ejus
2465 5068 2537 5120 ad
2557 5068 2875 5122 convallem
2895 5075 3193 5132 terrarum,
3217 5073 3286 5122 Et
3306 5084 3381 5122 ne

1777 5141 1986 5205 aliquis
2009 5144 2312 5204 quaararet,
2338 5152 2517 5203 quare
2541 5142 2736 5206 potius
2758 5142 2869 5194 hos
2888 5141 3060 5207 elegit
3083 5142 3271 5193 ethos
3295 5155 3379 5194 re-

1780 5213 2046 5276 probavit
2067 5227 2076 5258 :
2096 5213 2223 5264 ideo
2239 5213 2502 5276 protinus
2525 5213 2750 5266 addidit
2774 5214 3031 5266 :Jud-icia
3047 5220 3142 5262 tua
3158 5213 3377 5276 abyssus

1780 5283 1968 5332 multa.
1987 5285 2186 5336 Tantae
2204 5283 2606 5348 profunditatis
2625 5290 2782 5348 sunt,
2802 5286 2953 5347 quod
2968 5297 3001 5334 a
3017 5284 3174 5334 nullo
3189 5284 3381 5334 inves-

1779 5353 1947 5417 tigari
1982 5360 2228 5417 possunt
2266 5357 2434 5415 (Rom.
2466 5355 2490 5407 τι
2505 5354 2550 5407 1.
2592 5356 2747 5403 Prov.
2780 5354 2905 5417 18.).
2943 5354 3043 5404 Vel
3075 5367 3174 5417 per
3201 5355 3378 5418 abys—

1781 5437 1911 5474 sum
1934 5429 2122 5488 potest
2145 5425 2383 5489 intelligi
2407 5425 2624 5477 malitia
2655 5422 2776 5492 [6|
2802 5425 3189 5488 reproborum.
3211 5425 3373 5478 Unde

1780 5496 2056 5558 scriptum
2081 5498 2190 5554 est,
2230 5497 2514 5560 Peccator,
2541 5510 2674 5547 cum
2701 5497 2920 5547 venerit
2942 5496 3002 5546 in
3028 5496 3374 5560 profundum

1778 5566 2080 5625 malorum,
2128 5568 2445 5617 contemnit
2485 5569 2660 5632 (Prov.
2704 5566 2834 5628 '18.).
2883 5569 3195 5630 Postquam
3240 5582 3376 5634 ergo

1778 5637 1925 5688 dixit
1948 5636 2017 5687 de
2051 5635 2266 5698 electis,
2303 5638 2570 5689 continuo
2597 5639 2869 5700 adjunxit
2895 5638 2965 5689 de
2998 5640 3255 5703 reprobis
3290 5641 3377 5692 di-

1778 5721 1936 5770 cens,
1960 5705 2184 5755 Judicia
2201 5710 2294 5753 tua
2311 5706 2532 5770 abyssus
2548 5709 2740 5760 multa.
2767 5714 2848 5762 Ac
2873 5711 2923 5762 si
2947 5711 3188 5763 diceret:
3219 5713 3390 5765 Sicut-

1777 5775 2167 5832 misericordia
2190 5777 2485 5847 etiveritas
2509 5784 2564 5830 et
2591 5783 2823 5842 justitia
2850 5783 3044 5835 salvat
3061 5783 3274 5847 justos,
3296 5785 3377 5836 ita

1772 5851 1988 5917 judicia
2013 5853 2114 5902 tua
2129 5846 2513 5900 condemnant
2529 5851 2828 5914 reprobos:
2852 5855 2952 5918 qui
2981 5846 3106 5908 ideo
3121 5856 3376 5919 abyssus
