3908 6232
131 341 229 394 777

1115 331 1186 380 IN
1225 318 1547 380 PSALMOS
1581 329 1787 380 LXXV
1823 328 2410 381 COMMENTARIUS.

3297 341 3400 397 778

130 454 337 503 bonum
370 458 516 511 opus
556 449 646 497 est
668 426 900 516 aliquod
938 442 1063 492 sine
1092 423 1708 516 caritate._U_nde_mox
1735 440 1788 512 Α
1813 434 2107 516 discipulis
2134 440 2254 516 suis
2279 425 2557 516 Dominus
2581 446 2679 501 ait,
2697 433 2813 498 vos
2848 448 3005 507 estis,
3028 451 3123 513 qui
3148 466 3404 516 perman-

42 576 45 585 ,
130 522 402 577 subditur,
428 517 494 565 Et
528 515 774 564 inhabita
822 519 1041 585 terram,
1080 517 1125 560 et
1165 512 1393 575 pasceris
1415 513 1475 559 in
1506 512 1709 560 divitiis

42 582 45 605 ί
128 594 251 657 ejus.
265 592 435 641 Terra
444 587 671 638 Domini
685 591 772 636 est
783 582 1052 657 Ecclesia.
1066 585 1257 647 Ipsam
1270 586 1363 657 coli
1374 590 1403 643 t,
1414 586 1570 644 ipsam
1583 585 1622 631 ri
1629 588 1711 642 gat

125 655 364 728 agricola
378 663 538 723 pater
564 657 898 717 multorum,
918 655 1017 718 qui
1045 656 1486 728 exercentbona
1507 665 1707 728 opera:

42 746 45 749 λ
127 725 219 785 sed
245 731 343 795 qui
363 743 481 781 non
503 729 770 780 habitant
793 731 1025 789 terram,
1061 738 1168 776 nec
1193 726 1437 789 pertinet
1456 725 1529 776 ad
1558 725 1710 788 agri-

42 816 43 819 ‘
125 804 317 855 colam.
345 803 575 853 Terram
612 803 810 849 autem
847 797 1121 858 habitare,
1159 800 1248 847 est
1276 796 1425 846 intra
1450 799 1708 847 sanctam

125 872 429 924 Ecclesium
454 869 818 935 spiritualiter
844 872 900 918 et
932 866 1288 917 concorditer
1311 866 1519 917 vivere.
1548 865 1710 927 Quod

127 945 297 995 facere
318 955 435 993 non
467 940 637 1003 valet,
663 938 777 990 nisi
816 938 886 997 is,
911 938 1011 1001 qui
1044 938 1337 988 caritatem
1364 937 1551 987 habet.
1580 938 1710 999 Ipsa

122 1018 204 1065 est
218 1013 435 1064 divitiae
451 1011 626 1075 hujus
645 1015 826 1061 terrae.
846 1010 1000 1060 Deus
1021 1012 1111 1060 est
1128 1008 1333 1059 caritas
1347 1007 1414 1068 (1.
1433 1008 1596 1057 Joan.
1615 1007 1706 1069 4.).

120 1086 241 1135 Non
257 1082 465 1148 quaerit
490 1081 741 1133 Ecclesia
757 1079 986 1131 divitias
1009 1079 1167 1137 alias,
1187 1078 1301 1129 nisi
1325 1080 1507 1129 Deum
1524 1092 1671 1125 suum
1693 1094 1703 1125 :

120 1155 265 1206 unde
291 1158 348 1205 et
382 1153 612 1204 cecinit.
651 1153 786 1203 Pars
819 1163 950 1201 mea
975 1155 1035 1200 tu
1059 1162 1139 1200 es.
1171 1151 1317 1213 Ergo
1350 1149 1647 1209 delectare,
1674 1159 1708 1198 0

118 1224 322 1284 anima,
338 1223 399 1273 in
429 1222 648 1273 divitiis
670 1221 802 1271 tuis.
829 1219 919 1270 Ad
942 1220 1052 1270 hoc
1074 1219 1226 1269 enim
1248 1222 1519 1280 quierunt
1534 1216 1710 1267 homi-

119 1308 217 1345 nes
234 1293 482 1352 divitias,
499 1297 565 1344 ut
580 1291 1007 1343 delectanturin
1023 1290 1106 1341 eis
1132 1305 1145 1339 :
1172 1294 1229 1340 et
1252 1289 1379 1340 ideo
1404 1289 1670 1339 subditur
1691 1301 1703 1336 :

179 1365 226 1418 4.
254 1365 515 1414 Delectare
566 1364 629 1411 in
680 1363 933 1412 Domino.
981 1362 1101 1422 Quo
1130 1361 1319 1411 fructu
1347 1363 1374 1410 ?
1424 1359 1705 1422 Sequitur,

120 1441 171 1487 et
193 1435 372 1487 dicit:
423 1435 489 1484 Et
531 1434 677 1483 dabit
720 1434 813 1482 tibi
864 1433 1138 1498 petitiones
1185 1431 1361 1480 cordis
1405 1430 1503 1481 tui.
1567 1430 1708 1481 Α11εο

120 1512 252 1558 sunt
285 1507 588 1571 petitiones
626 1505 836 1569 carnis,
874 1504 1002 1555 alias
1029 1503 1234 1554 cordis.
1267 1501 1386 1554 Illze
1419 1505 1557 1552 sunt
1586 1513 1710 1551 cor-

118 1576 352 1641 porales,
400 1578 532 1629 istae
582 1574 926 1640 spirituales.
974 1573 1282 1625 Delectatio
1319 1573 1379 1624 in
1426 1574 1541 1623 Deo
1591 1584 1707 1622 non

116 1649 266 1711 petit,
293 1648 447 1713 quod
485 1661 615 1699 caro
654 1647 799 1709 vult,
827 1646 929 1697 sed
946 1646 1100 1709 quod
1120 1646 1243 1695 vult
1278 1644 1531 1709 spiritus.
1559 1642 1705 1705 Quid

116 1718 263 1770 aliud
278 1720 417 1784 petit
442 1717 888 1770 cordelectantis
905 1717 965 1766 in
987 1718 1124 1778 Deo,
1148 1715 1260 1766 nisi
1284 1716 1475 1779 ipsum
1505 1716 1702 1777 Deum,

1813 511 1938 583 sitis
1955 523 2180 560 mecum
2203 511 2269 583 in
2297 514 2707 566 mutationibus
2740 518 2881 579 (Luc.
2906 511 3181 583 22.).Quo
3205 531 3402 577 contra

1811 582 2089 644 scriptum
2115 585 2221 644 est,
2248 582 2351 633 Vas
2367 582 2475 645 his,
2494 586 2591 647 qui
2609 587 2975 649 perdiderunt
2992 582 3400 647 sustinentium

1809 652 2019 727 (arentes.
2050 651 2548 727 2.).Terraautem
2573 659 2924 711 estcaelestis
2954 663 3152 725 patria,
3189 665 3259 717 de
3290 678 3402 727 qua

1807 723 1940 773 alibi
1956 722 2180 786 dicitur,
2208 724 2386 774 Credo
2412 726 2604 777 videre
2624 728 2772 779 bona
2792 722 3021 783 Domini
3045 735 3101 784 in
3127 740 3274 787 terra
3306 722 3401 788 vi-

1810 793 2384 857 ventium(Psa.t.26.).
2403 796 2563 847 Hanc
2588 801 2796 848 terram
2829 803 3182 857 sustinentes
3204 807 3401 858 Domi—

1808 879 1886 940 nu
1896 877 1945 940 in
1974 865 2415 940 h_a3redi_tabunt,
2430 867 2484 917 id
2502 873 2617 940 est,
2634 869 2993 923 haereditario
3003 875 3022 937 j
3034 888 3133 927 ure
3151 878 3401 940 posside-

1810 938 1970 987 bunt.
1998 938 2066 986 Et
2086 950 2158 989 ne
2182 938 2330 989 hanc
2369 939 2772 991 sustinentiam
2804 938 3228 1007 longisssimam
3248 950 3399 1001 resti-

1808 1020 2014 1066 mares,
2042 1008 2301 1072 protinus
2334 1008 2614 1073 adjunxit.

1871 1077 1956 1132 10.
1984 1079 2050 1127 Et
2070 1081 2252 1129 adhuc
2278 1081 2558 1144 pusitlum,
2590 1087 2636 1131 et
2674 1099 2785 1133 non
2808 1085 2907 1133 erit
2924 1093 3183 1151 peccator.
3211 1090 3271 1140 Id
3293 1093 3400 1147 est,

1806 1161 1923 1199 non
1953 1152 2263 1214 apparebit.
2291 1152 2488 1203 Brevis
2512 1157 2601 1204 est
2623 1166 2930 1219 pravorom
2944 1157 3061 1208 vita
3081 1161 3399 1212 etfmlicitas.

1807 1222 1876 1270 Et
1893 1219 1941 1269 si
1957 1221 2193 1285 longum
2220 1224 2469 1286 spatium
2483 1223 2727 1290 videtur,
2746 1239 2877 1277 cum
2898 1228 3121 1287 vivunt,
3139 1231 3313 1283 breve
3324 1232 3405 1282 vi—

1807 1290 1991 1353 detur,
2010 1292 2625 1364 cumimoriuntur.Cito
2644 1300 2945 1349 transeunt
2958 1303 3239 1364 tempora:
3255 1305 3404 1351 breve

1806 1365 1914 1418 est,
1935 1363 2094 1435 quod
2124 1363 2328 1435 durare
2360 1376 2478 1415 non
2503 1368 2707 1428 potest.
2736 1368 2882 1417 Hinc
2906 1363 3233 1433 Apostolus,
3261 1375 3404 1435 Qua)

1806 1436 1914 1494 est,
1934 1432 2138 1508 inquit,
2163 1434 2282 1508 vita
2305 1439 2533 1508 vestra?
2556 1437 2748 1508 _Vapor
2763 1437 2991 1493 fumiad
3009 1432 3403 1508 010010οῐ000-

1804 1515 1938 1553 rens
1959 1504 2150 1567 (Jacob.
2180 1505 2211 1558 4
2237 1506 2272 1565 ).
2302 1506 2411 1556 Sed
2444 1505 2608 1556 valde
2624 1508 2940 1561 notandum
2965 1515 3245 1575 est,quod
3271 1504 3403 1566 sul)-

1806 1575 1994 1624 ditur:
2026 1575 2091 1623 Et
2124 1590 2324 1639 quaeres
2369 1576 2542 1625 locum
2565 1577 2693 1640 ejus,
2719 1585 2764 1626 et
2788 1594 2901 1629 non
2945 1582 3197 1633 invenies.
3238 1587 3399 1638 Modo

1806 1657 2015 1718 quaere
2033 1646 2226 1718 locum
2245 1647 2578 1718 peccatoris,
2605 1649 2921 1701 etinvenis.
2951 1654 3136 1705 Locus
3160 1656 3288 1718 ejus
3309 1662 3400 1708 est

1805 1728 1947 1766 usus
1971 1717 2115 1781 ejus.
2152 1714 2299 1784 |65
2328 1719 3127 1787 Habctenim(EaeAugustino)
3146 1714 3397 1789 aliquem

114 1786 292 1872 ipsam
308 1789 722 1872 lucem,_ip_sam
745 1788 1100 1872 sapientiam,
1123 1786 1312 1867 ipsam
1337 1788 1658 1872 aiter-‘nitatem
1677 1789 1701 1834 P
1724 1799 1778 1872 B
1805 1799 1973 1868 usum
1992 1792 2270 1852 peccator.
2288 1789 2406 1872 ‘Hic
2431 1789 2609 1840 utitur
2631 1791 2727 1841 illo
2753 1793 2903 1843 Deus
2931 1793 3003 1843 ad
3036 1786 3397 1858 prebandum

118 1861 269 1911 Hanc
283 1860 567 1925 promittit
588 1861 744 1910 Deus
761 1857 1249 1908 delectantibusin
1265 1868 1346 1907 se.
1362 1855 1501 1906 Inde
1519 1856 1699 1919 scrip-

116 1932 348 1995 tumest,
372 1931 537 1994 Quod
563 1931 765 1982 oculus
779 1941 897 1980 non
915 1928 1074 1990 vidit,
1098 1940 1204 1978 nec
1216 1927 1371 1978 auris
1384 1929 1595 1985 audivit,
1612 1941 1705 1974 nec

115 2003 169 2052 in
188 2015 282 2053 cor
293 2003 548 2054 hominis
563 2001 841 2064 ascendit,
855 2000 982 2052 hac
994 1998 1337 2064 praeparavit
1355 2002 1479 2046 Deus
1494 1999 1706 2058 diligen-

118 2074 266 2124 tibus
289 2074 515 2133 se(tsai.
551 2072 639 2127 64.
668 2072 718 2125 1.
748 2072 869 2122 Cor.
899 2069 990 2133 2.).
1016 2072 1155 2121 Haec
1179 2074 1268 2121 est
1289 2069 1483 2133 petitio
1517 2067 1705 2119 cordis

115 2144 303 2195 nostri.
340 2145 483 2196 Haec
510 2148 595 2195 est
635 2155 854 2194 merces
883 2140 1217 2193 delectantis
1241 2140 1301 2191 in
1338 2139 1598 2191 Domino.
1636 2140 1706 2189 Et

114 2214 239 2277 quia
253 2219 451 2279 posset
467 2213 678 2277 aliquis
704 2213 911 2264 dicere.
932 2214 1057 2263 Non
1070 2224 1304 2273 possum
1324 2209 1608 2273 delectari,
1627 2211 1705 2257 vel

114 2297 329 2348 sperare
352 2286 410 2336 in
435 2285 711 2337 Domino:
735 2283 870 2347 quia
885 2282 1065 2333 multa
1089 2284 1269 2333 habeo
1287 2286 1521 2346 peccata
1541 2292 1706 2331 :con-

115 2359 201 2406 tra
223 2355 330 2407 1100
355 2357 587 2407 salubre
610 2357 710 2407 dat
735 2354 1057 2414 consilium,
1084 2366 1217 2404 cum
1254 2353 1483 2404 subdit:

192 2424 337 2495 I
364 2427 414 2481 5.
431 2428 621 2477 Revela
634 2427 867 2476 Domino
884 2427 1026 2475 viam
1043 2431 1213 2476 tuam.
1230 2424 1327 2476 Dic
1345 2424 1577 2495 peccata
1606 2427 1705 2495 tua

111 2492 464 2562 (ΕσὲιὶεξΠ.)
509 2500 750 2556 Accusa,
787 2501 846 2548 et
867 2496 1086 2560 corrige
1114 2496 1360 2558 teipsum
1393 2494 1588 2557 (Jacoh.
1610 2492 1702 2555 5.).

106 2567 170 2615 Et
188 2583 345 2631 spera
362 2571 421 2619 in
438 2585 518 2629 eo,
541 2575 586 2618 et
612 2568 910 2633 ipseﬁiciet.
939 2569 1104 2630 Spem
1124 2567 1279 2617 enim
1290 2566 1574 2629 promittit
1594 2580 1706 2626 pec-

106 2641 473 2704 catoribusﬂ.
500 2639 665 2689 Joan.
694 2638 783 2701 1.),
812 2642 867 2689 et
890 2637 1021 2688 facit
1043 2636 1466 2701 indulgentiam
1490 2639 1706 2700 agenti-

107 2708 205 2758 bus
220 2712 621 2773 poanitentiam
646 2710 855 2772 (Matth.
886 2708 977 2771 4.).
1014 2709 1058 2759 Ο
1094 2721 1264 2771 quam
1280 2706 1529 2759 salubria
1550 2721 1705 2759 man-

103 2779 247 2840 data,
273 2794 391 2833 non
415 2782 678 2833 invidere
710 2780 896 2842 malis,
921 2793 1040 2830 non
1063 2779 1297 2843 diligere
1322 2779 1701 2841 iniquitatem,

104 2848 157 2899 in
172 2852 408 2904 Domino
431 2866 684 2917 sperare,
708 2852 766 2902 in
791 2850 1034 2901 Domino
1050 2849 1341 2911 delectari,
1361 2849 1488 2900 vias
1507 2854 1565 2900 et
1580 2862 1704 2911 ope-

104 2931 160 2969 ra
184 2927 377 2973 nostra
416 2922 669 2975 Domino
706 2921 997 2973 conﬁteri!
1041 2921 1096 2971 Si
1132 2920 1242 2971 1100
1282 2920 1472 2982 facies,
1500 2924 1558 2971 et
1579 2921 1703 2984 ipse

104 2991 277 3044 faciet.
303 2995 453 3056 Quid
474 2997 504 3044 ‘P

162 3063 209 3114 6.
248 3065 315 3113 Et
365 3067 549 3114 educet
576 3079 738 3128 quase
761 3063 937 3113 lumen
957 3062 1232 3127 justitiam
1254 3066 1423 3111 luam.
1449 3061 1524 3112 Ut
1552 3072 1696 3110 nun-

102 3143 265 3195 quam
291 3136 407 3198 (Ea:
439 3137 609 3199 Aug.)
655 3135 715 3185 in
740 3135 988 3185 tenebris
1034 3139 1091 3185 et
1138 3133 1293 3183 vitiis
1340 3134 1692 3183 obscuretur.

98 3204 325 3257 Justitia
358 3212 459 3258 tua
480 3212 573 3258 est
602 3207 744 3257 fides
771 3210 868 3256 tua
894 3206 1063 3268 (Hom.
1094 3204 1172 3267 l.).
1219 3206 1423 3255 Justus
1448 3203 1609 3274 enim
1624 3212 1696 3274 ex
1721 3201 1769 3274 Ο

101 3274 205 3326 tide
230 3278 377 3329 vivit
405 3277 593 3340 (Hebr.
619 3276 744 3338 10.).
767 3278 904 3327 Haec
922 3275 1325 3340 justitiamodo
1361 3272 1698 3324 abscondita

96 3343 198 3396 est.
238 3349 301 3398 In
326 3349 444 3399 fide
482 3362 578 3399 res
609 3354 716 3412 est,
754 3347 1017 3406 nundum
1048 3347 1109 3397 in
1133 3346 1320 3409 specie
1345 3344 1411 3405 (1.
1443 3344 1559 3393 Cor.
1603 3341 1692 3403 3.).

96 3416 259 3468 Aliud
283 3420 498 3483 credis,
527 3418 801 3481 utfacias,
823 3418 1083 3468 nondum
1110 3417 1291 3479 vides,
1311 3415 1465 3478 quod
1490 3413 1692 3464 credis.

98 3488 233 3538 Cum
249 3495 445 3541 autem
464 3490 710 3554 caperis
724 3489 935 3549 videre,
955 3489 1109 3551 quod
1126 3486 1434 3548 credidisti,
1461 3489 1698 3533 educetur

92 3556 151 3607 in
173 3558 616 3625 lumenjustitia
631 3565 726 3611 tua
744 3562 861 3624 (13a.
882 3558 951 3613 58
973 3561 1009 3621 ).
1036 3560 1101 3607 Et
1117 3559 1393 3623 judicium
1408 3563 1561 3606 tuum
1573 3562 1697 3604 lan-

96 3642 256 3688 quam
298 3633 611 3681 meridiem.
657 3632 862 3682 Parum
909 3632 1028 3681 erat
1066 3630 1171 3694 (Ea:
1193 3629 1395 3690 eodem)
1426 3628 1610 3679 dicere
1633 3629 1697 3685 ut

92 3696 224 3751 lum;
242 3714 300 3751 n.
334 3704 565 3753 Lumen
589 3702 739 3753 enim
765 3707 870 3766 est,
900 3714 1032 3751 cum
1059 3701 1316 3761 albescit,
1345 3712 1478 3750 cum
1495 3698 1699 3757 solori—

93 3772 210 3822 tur:
237 3773 339 3824 sed
354 3786 663 3836 nunquam
688 3775 779 3825 est
804 3772 1006 3823 clarior
1026 3772 1149 3835 lux,
1175 3783 1349 3834 quam
1370 3770 1556 3821 medio
1587 3770 1695 3820 die.

91 3840 251 3892 Modo
268 3844 510 3906 judicas
539 3845 702 3906 sequi
735 3844 1044 3904 Christum,
1062 3843 1169 3892 hoc
1192 3838 1560 3906 proposuisti,
1587 3841 1695 3891 hoc

87 3910 319 3977 elegisti.
341 3919 407 3967 In
438 3915 783 3967 abscondito
801 3919 890 3965 est
895 3914 1179 3977 judicium
1205 3917 1369 3963 tuum
1396 3914 1576 3971 (Joan.
1602 3911 1693 3973 8.).

86 3982 270 4035 adhuc
302 3986 750 4051 reprehenditur
801 3990 859 4036 et
908 3984 1171 4035 irridetur
1226 3986 1298 4033 ab
1348 3983 1691 4034 intldelibus.

88 4054 320 4113 Quando
346 4058 563 4109 educet
588 4063 861 4119 tanquam
896 4054 1193 4106 meridiem
1216 4058 1242 4105 ‘I
1266 4055 1407 4112 Cum
1433 4054 1694 4104 Christus

83 4129 414 4188 apparuerit
437 4128 565 4180 vita
584 4132 801 4190 nostra,
826 4130 965 4177 tunc
988 4130 1046 4177 et
1073 4138 1178 4176 vos
1199 4124 1545 4188 apparebitis
1561 4136 1693 4174 cum

84 4193 206 4258 ipso
230 4198 293 4249 in
321 4198 734 4263 gloria(Cotoss.
760 4196 848 4259 3.).
876 4197 1110 4248 Interim
1136 4195 1274 4258 quid
1296 4197 1322 4244 ‘2
1545 4198 1553 4207 '

146 4267 195 4321 7.
215 4270 481 4319 Subdilus
498 4276 603 4319 esto
615 4270 866 4330 Domino,
880 4275 1182 4317 etet-acum.
1198 4267 1318 4316 Hoc
1336 4265 1411 4315 sit
1428 4265 1542 4316 vita
1552 4277 1695 4315 nos-

84 4342 184 4404 tra,
206 4342 444 4393 obedire
472 4340 780 4406 praeceptis
806 4340 955 4402 ejus,
983 4345 1042 4389 et
1074 4339 1339 4388 obserare
1366 4348 1533 4406 eum.
1563 4337 1695 4385 Per-

83 4416 309 4463 severet
331 4405 563 4463 bonum
584 4424 728 4475 opus
755 4415 810 4461 et
834 4410 1031 4471 oratio,
1065 4408 1247 4459 donec
1272 4407 1370 4457 det
1388 4405 1541 4469 quod
1564 4418 1694 4469 pro-

82 4482 254 4533 misit.
274 4484 333 4535 Si
355 4483 582 4535 videris
598 4484 797 4533 ﬂorere
812 4481 1070 4543 impium,
1088 4492 1205 4530 non
1219 4484 1273 4529 te
1286 4482 1512 4528 moveat
1530 4477 1692 4528 vani-

85 4553 332 4602 tasJVoli
352 4553 615 4603 aemulari
640 4553 699 4600 in
722 4568 796 4615 eo,
825 4552 923 4615 qui
943 4549 1371 4615 prosperaturin
1389 4549 1478 4596 via
1500 4564 1620 4598 sua.
1647 4554 1692 4596 et

83 4621 135 4670 in
153 4624 378 4673 homine
401 4624 638 4688 faciente
652 4623 967 4688 injustitias.
995 4620 1687 4685 ProsperatuHExeodcm)
1717 4622 1767 4687 ί)

81 4691 135 4743 in
162 4694 257 4745 via
286 4699 441 4746 sua?
468 4696 555 4745 Tu
580 4694 772 4745 labora
794 4694 853 4743 in
879 4694 971 4743 via
995 4692 1119 4742 Dei.
1157 4691 1241 4742 Illi
1266 4690 1690 4755 prosperitasin

80 4764 171 4816 via
195 4768 304 4825 est,
330 4768 394 4817 in
430 4766 807 4829 perventiene
823 4763 1166 4814 infoelicitas.
1186 4763 1311 4812 Tibi
1334 4761 1561 4812 laborin
1578 4761 1691 4824 via,

78 4833 137 4885 in
161 4849 376 4900 pervcn
386 4838 547 4888 tione
565 4835 846 4887 felicitas.
864 4835 964 4885 Illa
980 4835 1071 4885 via
1095 4833 1207 4885 lata
1222 4837 1329 4888 est,
1344 4833 1475 4882 linis
1493 4833 1617 4896 ejus
1633 4832 1693 4882 in

77 4908 440 4970 profundum
492 4907 660 4958 inferi
692 4906 950 4970 perducit
986 4920 998 4955 :
1050 4905 1140 4955 via
1190 4909 1288 4955 tua
1319 4909 1570 4965 angusta
1607 4908 1694 4953 cst

83 4979 295 5036 (Matth.
316 4978 554 5043 7.)ﬁnis
570 4979 697 5040 ejus
711 4977 828 5029 vita
845 4982 1078 5028 aeterna.
1101 4977 1253 5032 Dico,
1280 4989 1350 5026 ne
1375 4974 1685 5030 aamuleris.

78 5048 145 5099 Et
170 5051 219 5101 si
234 5051 441 5114 aliquo
472 5048 645 5100 modo
670 5053 862 5099 motus
900 5060 982 5103 es,
1012 5047 1135 5099 sive
1168 5047 1227 5097 in
1252 5047 1465 5104 animo,
1491 5046 1611 5095 sive
1636 5044 1696 5095 in

76 5133 334 5184 corpore,
363 5120 595 5182 corrige
630 5119 793 5170 illud.
820 5120 888 5168 Et
918 5119 1029 5168 1100
1052 5122 1140 5169 est
1173 5117 1334 5180 quod
1360 5116 1555 5167 subdit
1587 5133 1597 5163 :

137 5192 189 5243 8.
220 5192 425 5241 Desine
456 5190 528 5239 ab
552 5191 656 5250 ira,
690 5196 733 5238 et
759 5189 1067 5252 derelinque
1089 5188 1334 5249 furorem
1360 5206 1369 5235 :
1397 5187 1509 5235 noli
1532 5200 1696 5234 temu—

74 5259 199 5325 lari,
227 5268 289 5312 ut
313 5262 668 5323 maligneris.
686 5263 770 5311 Ira
794 5262 1034 5323 pertinet
1053 5259 1126 5310 ad
1149 5258 1431 5314 animum,
1458 5257 1694 5308 t‘urorad

73 5346 304 5398 corpus.
334 5338 425 5384 Ac
447 5332 500 5383 si
516 5332 744 5387 diceret,
763 5333 877 5381 Nec
892 5330 1163 5392 iniquitas
1183 5342 1483 5393 pravorum
1504 5336 1697 5376 moveat

76 5409 128 5455 te
152 5406 227 5456 ad
255 5402 657 5460 iracundiam,
678 5415 783 5454 nec
813 5402 1040 5452 illorum
1073 5401 1421 5465 prosperitas
1454 5400 1527 5450 ad
1549 5399 1699 5449 invi-

74 5475 247 5528 diam.
268 5475 583 5537 Quoniam,
602 5490 699 5538 qm
716 5474 1073 5536 maligantur,
1092 5470 1616 5520 exlerminabuntur.
1646 5472 1697 5518 Id

76 5554 180 5605 est,
208 5553 389 5599 extra
417 5548 702 5597 terminos
720 5557 989 5609 supernae
1012 5542 1331 5595 Jerusalem
1359 5542 1660 5605 ejicientur
1686 5559 1695 5589 :

75 5618 227 5670 sicut
252 5619 558 5684 scriptum
575 5621 683 5675 est,
701 5615 954 5667 Tollatur
973 5614 1185 5677 impius
1201 5626 1273 5664 ne
1288 5612 1477 5665 videat
1490 5615 1697 5672 gloriam

72 5691 173 5741 Dei
208 5692 337 5755 (Isa.
373 5687 520 5750 95.).

134 5762 185 5814 9.
213 5752 580 5813 Sustinentes
613 5764 795 5808 autem
833 5756 1127 5806 Dominum
1162 5755 1269 5819 ipsi
1314 5752 1701 5803 haereditabunt

72 5837 297 5885 terram.
327 5831 447 5895 Qui
477 5835 619 5882 sunt
656 5830 1034 5885 sustinentes,
1069 5827 1182 5878 nisi
1203 5825 1484 5890 patientes
1506 5829 1532 5875 ?
1557 5824 1701 5875 Hinc

371 5922 648 5976 PATROL.
688 5918 854 5974 XXI.

1797 1859 2040 1920 justum,
2056 1858 2344 1922 quomodo
2361 1873 2502 1910 usus
2527 1866 2618 1912 est
2633 1861 2856 1913 diabolo
2881 1863 2953 1914 ad
2975 1869 3286 1925 probandum
3308 1871 3397 1918 Job

1807 1928 1934 1991 (Job.
1964 1928 2033 1993 1.)
2072 1931 2402 1993 :quomodo
2448 1936 2538 1982 est
2572 1946 2715 1983 usus
2744 1934 2909 1996 Juda,
2945 1935 3017 1986 ad
3054 1938 3397 1991 tradendum

1804 2001 2093 2074 Christum
2133 2001 2342 2060 (Matth.
2379 2000 2505 2064 26.).
2542 2005 2657 2074 (Est
2685 2016 2818 2067 ergo
2849 2005 2907 2054 in
2939 2005 3047 2057 hac
3072 2009 3206 2074 vita,
3237 2010 3397 2073 quod

1803 2076 2009 2132 agatur
2031 2072 2102 2122 de
2139 2073 2586 2135 peccatore..Hic
2625 2077 2716 2125 est
2738 2074 2898 2125 locus
2922 2077 3069 2139 ejus.
3101 2072 3397 2140 Quomodo

1805 2146 1895 2193 est
1917 2142 1977 2191 in
1998 2141 2223 2193 fornace
2235 2143 2484 2193 auriticis
2503 2144 2682 2206 palea,
2700 2148 2756 2195 et
2771 2146 2934 2196 ardet
2951 2147 3125 2213 palea,
3138 2157 3193 2197 ut
3216 2167 3396 2200 aurum

1805 2217 2106 2277 purgetur:
2137 2215 2218 2264 sic
2242 2213 2411 2264 saevit
2426 2213 2655 2276 impius,
2684 2218 2746 2264 ut
2764 2216 2962 2278 justus
2985 2221 3272 2281 probetur.
3288 2222 3398 2273 Sed

1804 2298 1935 2335 cum
1962 2284 2249 2335 transierit
2275 2288 2507 2348 tempus
2526 2285 2881 2348 probationis
2897 2293 3137 2341 nostrae:
3166 2293 3397 2355 quando

1802 2368 1919 2406 non
1944 2361 2131 2417 erunt,
2157 2355 2254 2418 qui
2280 2355 2612 2427 probentur,
2643 2369 2757 2407 non
2782 2363 2952 2410 erunt
2974 2372 3075 2423 per
3097 2374 3244 2424 quos
3270 2376 3399 2427 pro-

1803 2427 2030 2477 bentur.
2046 2428 2115 2477 Et
2131 2430 2269 2477 tunc
2283 2426 2330 2476 si
2342 2439 2570 2489 quaeres
2586 2427 2772 2477 locum
2786 2441 3004 2494 eorum,
3020 2444 3135 2483 non
3148 2426 3394 2486 invenies.

1870 2497 1956 2551 11.
1988 2497 2259 2546 Mansueti
2281 2502 2461 2545 autem
2484 2497 2873 2547 hm'editabunt
2903 2506 3122 2554 terram.
3153 2507 3397 2555 Mansueti

1807 2568 2073 2630 sunt,qui
2093 2568 2336 2618 Domino
2361 2579 2479 2617 non
2500 2568 2796 2631 resistunt,
2828 2572 3143 2636 quijugum
3157 2575 3283 2637 ejus
3300 2577 3400 2628 hu-

1803 2638 2010 2689 militer
2054 2643 2281 2701 portant
2330 2638 2545 2697 (Matth.
2590 2638 2717 2700 11.),
2766 2640 2864 2701 qui
2908 2641 3153 2694 adversa
3194 2647 3397 2698 mundi

1802 2709 2204 2772 mquanimiter
2249 2709 2493 2759 tolerant
2534 2709 2701 2769 (Rom.
2748 2708 2880 2774 12.),
2916 2725 3033 2763 non
3089 2715 3396 2769 reddentes

1796 2780 2018 2831 malum
2050 2791 2149 2842 pro
2176 2778 2344 2841 malo,
2376 2779 2469 2829 vel
2502 2778 2871 2831 maledictum
2906 2794 3006 2845 pro
3051 2785 3353 2839 maledicto
3380 2805 3391 2837 :

1804 2852 1905 2901 sed
1922 2849 2238 2901 econtrario
2256 2850 2659 2901 benedicentes
2686 2850 2753 2909 (1.
2784 2851 2955 2902 Thess.
2980 2852 3070 2916 5.).
3095 2856 3207 2919 Ipsi
3224 2864 3396 2910 erunt

1801 2921 1993 2973 idonei
2007 2921 2077 2971 ad
2101 2920 2561 2971 heereditandum
2578 2922 2953 2975 terramillam
2974 2935 3113 2975 sane
3123 2931 3234 2977 tam
3249 2932 3395 2978 Jeru-

1805 2992 1998 3051 salem,
2032 3003 2163 3054 qua)
2179 2989 2510 3041 liberabitur
2541 2991 2613 3042 de
2644 2992 2755 3043 ista
2781 2996 3232 3057 peregrinatione
3261 2991 3394 3053 etin

1797 3066 2079 3115 aeternum
2106 3062 2406 3112 vivetcum
2437 3064 2555 3113 Deo
2574 3067 2627 3112 et
2659 3063 2729 3114 de
2744 3066 2881 3115 Deo.
2905 3066 2973 3114 Et
2996 3068 3394 3120 delectabuntur

1798 3132 1858 3182 in
1880 3133 2227 3205 multitudine
2250 3134 2418 3197 pacis,
2446 3134 2726 3205 Fruentur
2740 3136 2894 3205 enim
2914 3142 3127 3190 aeterno
3140 3141 3275 3203 Deo,
3294 3143 3395 3205 qui

1800 3210 1889 3256 est
1917 3204 2173 3255 omnium
2188 3205 2466 3254 bonorum
2483 3202 2611 3254 fons
2630 3209 2684 3254 et
2699 3204 3009 3268 plenitudo.
3025 3210 3164 3262 Inde
3178 3202 3394 3272 supefna

1798 3276 1893 3327 illa
1905 3276 2107 3327 civitas
2118 3273 2434 3325 Jerusalem
2447 3274 2930 3339 nominatur,quae
2944 3280 3075 3328 visio
3084 3283 3234 3344 pacis
3248 3285 3395 3332 inter-

1796 3350 2064 3411 prrtatur.
2087 3347 2335 3395 Tantum
2354 3349 2445 3395 est
2463 3349 2656 3395 autem
2675 3348 2832 3409 pacis
2851 3348 3082 3409 bonum,
3098 3356 3164 3403 ut
3178 3353 3234 3403 in
3247 3357 3394 3403 rebus

1795 3417 2034 3468 terrenis
2066 3415 2208 3466 nihil
2227 3415 2448 3479 gratius
2478 3416 2658 3466 soleat
2685 3417 2887 3482 audiri,
2912 3420 3055 3470 nihil
3082 3426 3393 3472 desiderabi—

1792 3486 1906 3539 lius
1919 3487 2266 3550 concupisci:
2283 3485 2425 3536 nihil
2437 3491 2727 3550 postremo
2739 3490 2921 3551 possit
2934 3490 3390 3543 meliusinveniri.

1796 3561 1859 3609 In
1884 3559 2154 3609 omnibus
2174 3560 2367 3608 autem
2394 3559 2565 3607 rebus
2595 3569 2705 3621 pax
2728 3560 2995 3621 quaedam
3033 3566 3311 3624 quaeritur
3336 3568 3393 3616 et

1792 3631 1932 3680 ordo
1956 3633 2195 3680 naturis.
2214 3630 2331 3678 Pax
2348 3629 2606 3679 omnium
2625 3642 2835 3692 rerum,
2853 3634 3237 3695 tranquillitas
3251 3636 3393 3687 ordi-

1796 3700 1905 3751 nis.
1925 3699 2076 3751 Ordo
2097 3699 2417 3762 estparium
2432 3700 2864 3763 dispariumque
2878 3716 3065 3754 rerum
3085 3719 3193 3756 sua
3206 3710 3391 3768 cuique

1795 3771 1919 3822 loca
1944 3771 2201 3821 tribuens
2225 3770 2545 3834 dispositio.
2566 3772 2681 3821 Pax
2704 3772 2915 3824 domus
2941 3776 3391 3841 ordinataimpe-

1795 3843 1958 3893 randi
1990 3846 2046 3892 et
2076 3841 2378 3893 obediendi
2412 3842 2715 3892 concordia
2748 3844 3222 3898 cohabitantium.
3274 3850 3390 3899 Pax

1794 3915 2004 3965 anima).
2048 3912 2341 3963 rationalis
2375 3912 2639 3963 ordinata
2662 3915 3006 3976 cognitionis
3029 3919 3391 3982 actionisquc

1795 3983 2114 4035 consensio.
2146 3984 2261 4031 Pax
2287 3982 2496 4033 animas
2528 3985 2583 4032 et
2610 3985 2879 4047 corporis,
2906 3988 3167 4039 ordinata
3192 3990 3310 4040 vita
3333 3994 3391 4041 et

1796 4055 1952 4105 salus
1984 4052 2312 4103 animantis.
2337 4054 2453 4102 Pax
2478 4052 2727 4104 hominis
2750 4058 3008 4108 mortalis
3029 4063 3085 4109 et
3109 4060 3210 4110 Dei
3239 4061 3391 4111 ordi-

1793 4128 1922 4176 nata
1960 4123 2015 4172 in
2042 4122 2172 4181 fide,
2199 4123 2307 4171 sub
2334 4127 2553 4173 interna
2568 4124 2691 4187 lege
2719 4126 3062 4179 obedientia.
3090 4130 3227 4180 Haec
3251 4136 3390 4181 sunt

1793 4196 1852 4246 in
1865 4195 2429 4256 quibusmansuetus
2446 4192 2547 4243 Dei
2573 4206 2634 4243 se
2647 4195 2816 4249 debet
2841 4198 3075 4254 nutrire,
3100 4200 3245 4249 utad
3272 4212 3390 4249 caa-

1792 4266 1991 4317 lestem
2016 4275 2215 4327 pacem
2250 4264 2438 4314 valeat
2482 4265 2797 4325 pervenire.
2832 4268 2947 4317 Pax
2974 4281 3110 4318 vero
3135 4269 3388 4320 caelestis

1794 4335 2161 4394 civitatis,est
2183 4333 2612 4383 ordinatissima
2635 4339 2693 4384 et
2716 4337 3166 4388 concordissima
3182 4342 3388 4387 societas

1795 4405 2019 4460 fruendi
2052 4405 2188 4460 Deo,
2227 4405 2284 4454 et
2319 4403 2568 4454 invicem
2600 4405 2660 4455 in
2686 4408 2820 4456 Deo.
2851 4410 2919 4457 Et
2952 4408 3088 4470 quia
3112 4410 3389 4471 quamdiu
3464 4460 3468 4465 ,

1752 4463 1757 4467 ’
1790 4479 1883 4530 1110
1898 4476 2127 4536 vivitur,
2140 4474 2280 4537 justi
2297 4475 2373 4537 inj
2385 4478 2643 4526 ustorum
2669 4476 2907 4528 insidias
2919 4463 3232 4544 patiuntur,
3249 4482 3387 4532 sub-

1787 4552 2051 4615 junetum
2077 4548 2168 4597 est
2199 4561 2209 4593 :
2256 4604 2259 4607 Ἴ

1857 4617 1943 4673 12.
1974 4615 2269 4667 Observabit
2298 4621 2541 4679 peccator
2560 4616 2791 4679 justum.
2832 4622 2954 4671 Non
2980 4622 3131 4673 enim
3156 4629 3389 4676 cessant.

1790 4690 1952 4759 pravi
1974 4690 2253 4741 bonorum
2273 4687 2449 4759 vitam
2464 4687 2765 4751 inquirere,
2791 4692 3049 4744 studiose
3060 4697 3385 4755 attendentes,

1793 4758 1845 4816 81
1865 4773 1979 4826 qua
2003 4773 2074 4811 ex
2098 4763 2257 4823 parte
2284 4758 2606 4809 valeanteis
2627 4773 2848 4813 nocere.
2880 4763 3024 4814 Hinc
3049 4764 3119 4815 de
3142 4767 3388 4818 Domino

1794 4836 2075 4896 scriptum
2116 4834 2223 4881 est.
2250 4832 2318 4880 Et
2353 4829 2463 4893 ipsi
2508 4831 2897 4885 observabant
2920 4848 3057 4886 eum
3086 4838 3226 4901 (Luc.
3254 4838 3386 4902 14.).

1795 4905 1975 4955 Malus
1999 4914 2133 4966 ergo
2148 4903 2361 4951 bonum
2383 4902 2672 4966 observat,
2696 4910 2761 4955 ut
2776 4917 2908 4957 eum
2924 4908 3111 4970 capiat
3127 4914 3183 4960 et
3201 4913 3385 4969 perdat.

1794 4977 1863 5027 Et
1886 4973 2038 5036 quod
2074 4985 2246 5035 opere
2269 4984 2535 5023 exercere
2571 4987 2686 5025 non
2735 4977 2907 5040 valet,
2938 4978 3054 5029 fera
3082 4985 3141 5031 et
3166 4981 3392 5033 bestiali

1796 5044 2119 5098 corrosione
2144 5044 2449 5114 verborum
2463 5050 2709 5096 exercet.
2738 5049 2807 5098 Et
2828 5048 2938 5100 hoc
2961 5053 3065 5111 est,
3085 5053 3238 5114 quod
3262 5054 3393 5103 sub-

1794 5116 1897 5176 dit,
1925 5114 1989 5162 Et
2020 5113 2257 5162 stridebit
2288 5130 2450 5178 super
2480 5130 2603 5163 eum
2635 5117 2879 5167 dentibus
2898 5121 3027 5170 suis.
3054 5113 3115 5171 Id
3139 5126 3230 5173 est
3252 5123 3391 5173 den-

1804 5186 1958 5236 tibus
1988 5184 2260 5245 nequitiaa
2293 5188 2351 5235 et
2394 5186 2726 5249 impietatis,
2775 5190 2986 5253 quibus
3029 5205 3160 5242 eum
3190 5193 3392 5244 nititur

1801 5258 2092 5307 devorare.
2133 5256 2295 5317 Sazpe
2334 5260 2527 5307 autem
2566 5271 2664 5322 per
2695 5262 2947 5324 corporis
2987 5267 3182 5312 motus
3215 5263 3391 5313 animi

1804 5327 2182 5389 designantur
2209 5326 2472 5377 affectus.

1860 5397 1931 5469 137
1980 5395 2248 5469 Dominus
2279 5403 2460 5469 autem
2510 5399 2756 5448 irridebit
2776 5415 2937 5451 eum:
2987 5404 3251 5466 quoniam
3271 5420 3394 5469 pro-

1800 5468 1972 5532 Spieil,
2000 5464 2144 5540 quod
2173 5467 2485 5540 veniatdies
2512 5470 2643 5533 ejus.
2664 5471 2758 5521 ille
2778 5472 2952 5524 habet
2971 5464 3166 5526 oculos
3199 5464 3395 5540 co'gni-

1806 5539 1994 5590 tionis.
2020 5535 2314 5611 Prtescivit
2338 5536 2596 5611 futurum
2614 5554 2740 5592 esse
2772 5542 2925 5595 diem
2948 5546 3164 5608 judicii,
3198 5547 3256 5597 in
3270 5535 3394 5611 quo

1805 5623 1941 5663 erun
1952 5614 1972 5659 t
1983 5605 2207 5679 occulta
2220 5606 2536 5659 manifesta.
2551 5611 2633 5660 Ibi
2647 5620 2911 5675 peccator
2922 5605 3178 5669 irrisione
3190 5622 3218 5666 d
3229 5605 3392 5679 igtius‘

1802 5690 1836 5749 ξι
1860 5678 2106 5731 Domino
2128 5676 2639 5750 demonstrabitur:
2673 5685 2904 5744 quando
2933 5689 3151 5739 amissa
3163 5676 3396 5750 potestate

1800 5746 1831 5802 a
1856 5750 2036 5813 gloria
2056 5746 2240 5812 paenis
2261 5748 2493 5799 aeternis
2515 5751 2841 5813 puniendus
2860 5759 3129 5810 tradetur.
3145 5746 3233 5808 lite
3249 5764 3396 5809 etiam

1800 5825 1920 5888 jam
1950 5817 2169 5872 irrideri
2209 5817 2507 5881 incipiunt,
2555 5834 2686 5872 cum
2727 5824 2950 5880 militiae
2977 5831 3252 5894 gladium,
3286 5844 3398 5894 quc

3039 5917 3108 5973 25
