3908 6232
522 304 625 359 779

1581 291 1847 343 RUFINO
1880 292 2337 345 PRESBYTERO
2367 292 2749 348 ASCRIPTUS
3743 297 3825 349 78f)

517 427 723 470 nocere
750 413 878 466 aliis
921 410 1233 472 mstimant,
1276 406 1387 472 ipsi
1429 405 1490 456 in
1533 402 1757 468 seipsos
1786 402 2110 456 nescientes
2134 407 2190 479 Α
2216 403 2424 479 pabulo
2447 405 2724 479 veritatis,
2747 408 2806 458 et
2825 403 3167 479 caelestibus
3192 407 3620 479 sacramentis.
3642 407 3715 479 in
3741 407 3824 457 ha:

514 488 881 540 convertunt.

576 558 663 613 14.
691 556 947 607 Gladium
975 551 1397 616 evaginaverunt
1428 550 1738 613 peccatores,
1766 546 2114 595 intenderunt

511 644 705 680 arcum
740 641 921 676 suum.
957 627 1061 675 Per
1083 622 1357 685 gladium,
1381 623 1637 684 apertam
1662 621 1719 668 et
1750 617 2112 669 manifestam

513 698 983 770 persecutionem
997 694 1397 770 intelligimus._
1414 693 1517 741 Per
1562 685 1711 756 |66
1749 701 1946 770 arcum
1975 701 2112 770 vero

512 761 795 823 occultam
814 770 874 818 et
894 765 1153 817 dolosam
1179 763 1594 826 deceptionem,
1620 774 1735 823 qua
1749 761 1963 812 sanctis
1980 761 2113 809 insi-

510 842 760 893 diantur.
805 837 1068 889 Gladium
1109 833 1415 897 evaginare
1449 835 1538 883 est
1560 832 1838 882 malitiam
1868 830 2028 894 prius
2050 830 2110 880 in

510 913 681 964 corde
700 909 1006 965 occultam,
1023 905 1196 957 etiam
1207 917 1377 966 opere
1387 915 1669 954 exercere.
1696 903 1911 952 Arcum
1928 900 2109 951 inten—

511 982 614 1045 dit,
635 982 735 1045 qui
757 980 953 1031 dolum
978 980 1155 1042 parat,
1179 975 1335 1026 unde
1367 974 1666 1045 incautum
1691 972 1874 1045 feriat.
1910 970 2109 1045 Gladio

510 1042 776 1105 cominus
791 1050 1037 1113 quisque
1048 1046 1312 1112 percutit,
1326 1058 1462 1095 arcu
1476 1057 1510 1096 a
1524 1044 1691 1107 longe
1705 1042 2109 1094 trahit.Gladius

510 1136 646 1187 ergo
664 1121 1163 1194 persecutiens,e_st
1178 1116 1496 1181 persecutio
1513 1114 1809 1194 insistens.
1824 1120 2109 1194 nfcus‘vero

509 1182 805 1258 inopinata
824 1196 884 1243 et
915 1190 1077 1253 quasi
1104 1188 1271 1251 longe
1293 1190 1511 1258 remota
1533 1185 1812 1249 deceptio.
1834 1185 1937 1258 liis
1964 1182 2108 1233 duo-

506 1265 584 1316 bu
596 1255 627 1315 s
649 1263 954 1328 generibus
970 1258 1385 1334 persecutionis
1411 1257 1755 1334 impugnant
1774 1255 2099 1334 malib‘onos:

508 1327 791 1397 videlicet,
824 1333 888 1381 Ut
916 1331 1189 1394 decipiant
1210 1341 1502 1392 pauperem
1522 1332 1568 1375 et
1592 1327 1823 1390 inopem,
1856 1330 1915 1397 ut
1937 1327 2106 1397 truci-

509 1406 631 1455 dent
663 1394 825 1454 rectos
862 1403 1032 1452 corde.
1070 1400 1313 1451 Nomine
1348 1398 1611 1461 pauperis
1651 1404 1708 1448 et
1741 1396 1928 1461 inopis
1957 1394 2107 1445 desi-

506 1481 761 1541 gnantur
773 1472 1060 1537 simplices
1075 1470 1371 1541 scientiam
1382 1473 1441 1519 et
1454 1469 1727 1541 virtutem
1738 1480 1862 1541 non
1872 1469 2105 1541 habentes

506 1537 607 1598 Per
648 1550 835 1597 rectos
872 1542 1039 1595 corde
1060 1539 1434 1603 intelligimus
1470 1538 1769 1603 perfectos.
1812 1537 2105 1600 Simplices

506 1630 640 1681 ergo
656 1616 975 1667 moliuntur
990 1625 1125 1663 arcu
1141 1611 1364 1662 occulte
1375 1610 1636 1681 decipere
1654 1623 1666 1658 :
1694 1607 1973 1681 perfectos
1990 1623 2105 1681 vero

508 1678 748 1739 student
775 1689 970 1749 aperte
996 1680 1409 1747 persecutionis
1434 1679 1624 1744 gladio
1655 1678 1959 1730 trucidare.
1987 1678 2104 1749 lni-

504 1758 637 1809 mici
661 1748 930 1808 Ecclesia:
960 1753 1216 1818 quolibet
1238 1764 1427 1803 errore
1444 1754 1752 1813 caecentur,
1778 1749 1868 1800 vel
1889 1748 2104 1800 malitia

505 1830 916 1893 depravantur,
952 1829 998 1877 si
1038 1824 1328 1887 accipiunt
1366 1826 1705 1886 potestatem
1740 1820 2104 1884 corporaliter

504 1898 797 1962 afﬂigendi
810 1900 1081 1949 exercent
1091 1896 1219 1958 ejus
1232 1893 1659 1956 patientiam.Et
1673 1894 1891 1942 utetiam
1907 1894 2105 1942 inimici

506 1970 842 2034 diliguntur,
859 1970 1130 2020 exercent
1142 1965 1268 2027 ejus
1295 1962 1774 2015 benevolentiam.
1794 1962 1935 2034 Quia
1952 1964 2104 2014 Deus

504 2032 743 2102 hisfqui
766 2037 1017 2103 diligunt
1039 2048 1192 2097 eum,
1223 2034 1416 2085 omnia
1436 2038 1773 2097 cooperatur
1799 2032 1860 2083 in
1887 2033 2103 2084 bonum

510 2112 679 2176 (Rom.
708 2109 800 2173 8.).
824 2108 988 2169 Quod
1032 2119 1167 2158 vero
1194 2105 1461 2155 inimicus
1482 2104 1837 2176 adversatur,
1863 2104 1969 2154 sibi
1994 2104 2105 2168 ipsi

507 2173 858 2234 convertitur
882 2180 941 2230 in
964 2177 1389 2228 detrimentum.
1418 2176 1487 2224 Et
1516 2173 1641 2224 ideo
1673 2174 1939 2225 subditur
1961 2189 1977 2221 :

569 2251 656 2305 15.
683 2250 906 2300 Gladius
928 2261 1115 2297 eorum
1138 2246 1298 2293 intret
1332 2244 1393 2291 in
1422 2244 1589 2291 corda
1607 2244 1870 2307 ipsorum,
1885 2250 2105 2294 etarcus

506 2337 693 2373 eorum
723 2320 1126 2382 confringatur.
1158 2317 1223 2365 In
1246 2326 1481 2377 corpore
1500 2314 1756 2365 occidere
1773 2316 2102 2378 voluerunt,

506 2393 568 2445 in
590 2393 783 2444 anima
810 2390 1151 2441 moriuntur.
1179 2384 1538 2446 Quicumque
1562 2384 1738 2435 alium
1759 2384 1967 2436 laadere
1980 2398 2105 2436 mo-

504 2464 641 2515 litur
670 2463 918 2527 primum
942 2458 1198 2521 seipsum
1216 2453 1643 2527 propriojaculo
1664 2457 1920 2527 percutit.
1948 2461 2105 2504 Arcus

505 2524 699 2585 autem
724 2530 1123 2593 confringitur,
1149 2526 1381 2589 quando
1412 2524 1575 2576 dolos
1587 2530 1643 2577 et
1659 2525 1811 2577 mala
1834 2528 2103 2578 voluntas

506 2617 624 2656 non
657 2599 997 2667 pervenitad
1012 2600 1303 2667 effectum.
1318 2598 1555 2667 Constat
1576 2595 1703 2660 plus
1721 2608 1849 2667 esse
1865 2596 2023 2660 quod
2037 2609 2099 2648 se

506 2666 729 2727 lmdunt
743 2671 944 2735 iniqui,
963 2681 1140 2732 quam
1161 2666 1313 2730 quod
1331 2666 1479 2719 sibiv
1498 2666 1726 2718 identur
1740 2666 1947 2719 ledere
1957 2671 2102 2727 alios,

506 2745 747 2796 Gravius
792 2747 883 2794 est
920 2740 1072 2792 enim
1101 2739 1240 2791 vitio
1264 2737 1517 2787 animam
1541 2737 1741 2797 occidi,
1789 2750 1963 2801 quam
1981 2738 2105 2803 gla-

506 2816 600 2867 dio
626 2827 835 2877 corpus
873 2810 1158 2863 trucidari.
1192 2808 1408 2860 Deinde
1427 2806 1793 2860 commendat
1811 2811 2103 2873 justorum

507 2884 918 2945 modicitatem,
938 2881 1138 2932 dicens
1164 2894 1177 2930 :

572 2954 657 3010 16.
696 2954 887 3003 Melius
923 2957 994 3002 est
1016 2950 1291 3002 modicum
1306 2950 1451 3014 justo
1484 2964 1646 3013 super
1679 2948 1898 2999 divitias
1917 2964 2102 3013 pecca-

508 3033 689 3077 torum
702 3025 917 3074 multas.
946 3023 1138 3075 Melior
1149 3022 1301 3073 enim
1312 3022 1602 3083 justorum
1618 3025 2095 3085 paupertas,quam

509 3098 728 3150 divitiae
744 3100 1124 3162 peccatorum.
1141 3094 1253 3143 Iste
1265 3092 1417 3143 enim
1433 3090 1629 3154 paucis
1637 3090 1895 3162 abundat
1908 3092 2002 3144 ille
2015 3107 2101 3140 au-

511 3175 627 3222 tem
639 3160 842 3234 plenus
861 3167 1119 3219 sitit.Iste
1134 3164 1387 3234 animam
1398 3163 1603 3234 salvat,
1616 3160 1707 3234 ille
1723 3167 1916 3234 autem
1932 3169 1979 3211 et
1990 3179 2102 3211 cor-

509 3254 619 3306 pus
640 3231 699 3293 et
721 3238 972 3291 animam
998 3235 1186 3300 perdit.
1201 3233 1389 3306 (Matth
1429 3231 1691 3306 16.)._Scd
1711 3232 1848 3294 quid
1872 3234 2107 3306 prodest

510 3302 747 3374 homini,
792 3310 840 3360 si
876 3307 1157 3359 mundum
1199 3304 1535 3374 universum
1567 3302 1868 3374 lucretur,
1899 3305 2107 3356 animai

513 3387 708 3443 autem
733 3371 856 3430 sum
873 3378 1281 3428 detrimentum
1306 3372 1554 3437 patiatur
1581 3371 1790 3443 (Matth.
1809 3372 1918 3436 13.)
1936 3379 1960 3423 ξι
1995 3376 2105 3426 me-

514 3442 621 3504 lior
644 3453 736 3501 est
762 3449 912 3499 enim
927 3448 1059 3497 huic
1080 3445 1244 3505 tldes,
1269 3455 1402 3506 quae
1426 3453 1606 3504 grano
1631 3442 1849 3506 sinapis
1874 3457 2107 3509 compa—

514 3524 692 3582 ratur,
717 3530 893 3581 quam
912 3516 992 3567 illi
1014 3514 1268 3579 perfidia,
1295 3524 1427 3574 qua:
1450 3512 1665 3574 ubique
1691 3519 1949 3577 vagatur.

574 3591 660 3645 17.
694 3588 965 3646 Quoniam
988 3585 1212 3632 brachia
1225 3588 1560 3646 peccatorum
1576 3587 1929 3634 conterentur.
1959 3588 2108 3651 ldest,

512 3661 714 3719 virtus,
762 3655 1033 3720 potentia,
1072 3653 1403 3715 divitiwque
1448 3651 1507 3701 in
1556 3652 1767 3714 quibus
1790 3654 2105 3707 conﬁdunt.

517 3731 814 3787 Conﬁrmat
858 3731 1037 3775 autem
1072 3723 1245 3787 justos
1288 3722 1574 3771 Dominus.
1623 3723 1703 3772 Ne
1726 3723 1798 3773 ab
1821 3723 2109 3787 injustitia

514 3801 837 3855 vincantur.
864 3796 1147 3857 Quoniam
1173 3794 1322 3844 sicut
1348 3792 1659 3856 Apostolus
1680 3793 1776 3851 ait,
1797 3795 2107 3849 Tribulatio

515 3869 848 3936 patientiam
869 3871 1153 3931 operatur,
1166 3864 1441 3936 patientia
1457 3863 1868 3936 probationem.
1882 3869 2106 3926 probatio

514 3934 697 4006 spem,
722 3952 854 4004 spes
875 3942 1068 3989 autem
1091 3949 1209 3987 non
1224 3934 1526 3986 confundit
1548 3949 1560 3985 :
1587 3934 1726 3997 quia
1747 3936 1994 3989 charitas
2007 3938 2108 3990 Dei

513 4013 725 4065 diffusa
746 4013 837 4062 est
859 4010 918 4061 in
942 4008 1209 4059 cordibus
1229 4006 1443 4058 nostris
1469 4018 1570 4070 per
1586 4006 1859 4070 Spiritum
1871 4011 2105 4058 Sanctum

514 4084 613 4148 qui
639 4083 811 4135 datus
828 4083 916 4132 est
938 4080 1104 4131 nobis
1121 4080 1291 4142 (Rom.
1316 4075 1409 4139 5.).
1427 4076 1578 4127 Audi
1599 4089 1770 4128 voces
1786 4079 2105 4132 confirmati

506 4153 812 4219 justi,Quis
828 4164 936 4203 nos
954 4149 1239 4214 separabit
1252 4161 1286 4198 a
1297 4148 1571 4199 charitate
1588 4148 1822 4199 Christi?
1836 4152 2105 4199 Trihulatio

511 4239 582 4278 an
594 4224 879 4289 angustia,
897 4234 971 4274 an
995 4219 1334 4285 persecutio,
1362 4232 1437 4270 an
1454 4220 1649 4282 fames,
1668 4230 1743 4269 an
1764 4220 2013 4284 nuditas,
2030 4232 2107 4272 an

512 4296 846 4362 periculum,
891 4306 966 4345 an
996 4292 1223 4357 gladius
1247 4291 1415 4356 (Rom.
1441 4291 1511 4354 8.)
1532 4294 1556 4341 Ρ
1579 4290 1876 4352 Quomodo
1900 4293 2106 4344 conm.

510 4371 664 4420 mat?
695 4366 956 4430 sequitur
978 4369 1037 4415 et
1058 4363 1195 4415 dicit
1223 4376 1235 4412 :

571 4437 657 4493 18.
690 4438 853 4488 Novit
898 4436 1163 4485 Dominus
1217 4434 1326 4482 dies
1382 4431 1880 4484 immaculatorum.
1937 4432 2109 4485 Novit

508 4510 661 4560 cnim
675 4506 966 4572 quomodo
986 4504 1248 4563 vixerint,
1265 4508 1323 4554 et.
1337 4503 1619 4565 inquibus
1636 4505 1813 4555 vitam
1838 4503 2105 4555 finierint.

2127 3123 2177 3197 C

2213 475 2369 526 enim
2388 476 2670 539 fame,ubi
2696 478 2877 528 sancti
2903 478 3131 529 Domini
3154 478 3453 539 esuriunt,
3472 477 3721 529 interim
3736 494 3825 526 m-

2214 546 2353 597 bum
2380 559 2551 598 suum
2574 548 2633 598 in
2655 548 2844 600 cibum
2869 553 3200 609 assumunt,
3225 562 3302 601 ne
3326 549 3626 600 deficiant
3642 549 3705 599 in
3730 550 3823 599 via:

2212 616 2394 669 donec
2439 618 2663 670 visione
2712 619 2894 683 ipsius
2941 620 3230 672 satientur
3262 621 3324 671 in
3366 620 3588 684 patria.
3619 621 3691 671 Et
3718 621 3823 682 quia

2211 700 2385 751 supra
2408 688 2647 751 dixerat,
2673 690 2913 739 Brachia
2934 696 3281 754 peccatorum
3305 696 3698 753 conterentur,
3722 704 3824 755 pro-

2210 759 2308 809 bat
2328 759 2454 819 hoc,
2471 772 2603 810 cum
2627 760 2870 812 infertur
2900 776 2913 812 :

2271 828 2356 883 ‘20.
2396 831 2499 889 Qui
2532 838 2827 895 peccatores
2873 832 3143 895 peribunt.
3179 832 3545 893 Quomodo?
3585 833 3822 895 sequitur

2214 905 2271 951 et.
2295 900 2449 962 dicit,
2478 902 2695 950 Inimici
2720 917 2839 951 vero
2858 903 3100 955 Domini.
3120 904 3299 964 Idest,
3325 904 3457 968 ipsi
3484 910 3821 968 peccatores:

2207 972 2337 1019 Moac
2360 977 2417 1019 ut
2450 972 2796 1035 honori/lculi
2818 973 3045 1039 fuerint,
3070 975 3130 1025 in
3161 975 3506 1026 reverentia
3530 974 3755 1033 habita,
3774 976 3819 1022 Et

2206 1042 2447 1101 eraltati,
2474 1055 2573 1106 per
2597 1044 2883 1107 potentias
2906 1049 2963 1095 et
2985 1044 3321 1110 dignitates.
3349 1046 3693 1108 Deﬁcienles
3707 1059 3824 1108 quo-

2205 1114 2339 1164 tidie
2351 1113 2420 1164 de
2433 1113 2584 1165 malo
2597 1115 2654 1165 in
2672 1115 2853 1178 pejus,
2874 1116 3343 1179 quemadmodum
3354 1117 3569 1180 fumus
3585 1117 3823 1177 deﬁcient.

2206 1185 2425 1235 Fumus
2447 1197 2482 1235 a
2503 1185 2627 1236 loco
2659 1184 2812 1249 ignis
2842 1199 3153 1251 erumpens
3184 1187 3244 1238 in
3269 1186 3396 1239 alto
3428 1188 3762 1249 extollitur,
3781 1194 3823 1238 et

2204 1255 2332 1319 ipsa
2374 1255 2618 1306 elatione
2661 1256 2721 1306 in
2756 1256 2994 1320 globum
3032 1270 3317 1321 magnum
3358 1259 3741 1310 intumescit.
3772 1261 3821 1308 Et

2206 1330 2424 1389 quanto
2436 1326 2712 1378 fueritille
2728 1328 3014 1391 grandior,
3030 1332 3190 1380 tanto
3211 1329 3278 1379 iit
3296 1330 3539 1381 vanior.
3562 1332 3649 1378 Sic
3662 1333 3820 1390 iniqui,

2206 1396 2305 1459 qui
2330 1401 2547 1459 quanto
2573 1396 2701 1460 plus
2719 1404 2857 1449 sunt
2871 1399 3058 1455 erecti,
3085 1405 3307 1462 quanto
3331 1402 3608 1459 extensi,
3626 1404 3820 1463 quanto

2203 1467 2459 1530 undique
2494 1468 2555 1519 in
2586 1468 2866 1530 majorem
2894 1469 3179 1520 ambitum
3218 1470 3426 1521 ditiusi
3457 1486 3472 1521 :
3503 1476 3677 1522 tanto
3698 1472 3818 1521 fiunt

2204 1538 2491 1601 exiliores,
2526 1542 2585 1589 et
2620 1538 2971 1598 deﬁcientes,
2997 1544 3056 1591 et
3077 1553 3196 1591 non
3217 1546 3611 1605 apparentes.
3639 1543 3727 1593 Sic
3745 1556 3819 1605 per

2204 1607 2417 1659 multas
2461 1610 2652 1672 partes
2695 1614 2785 1660 est
2812 1615 3134 1669 ostensum,
3159 1611 3318 1674 quod
3345 1612 3566 1663 melior
3589 1619 3685 1664 est
3700 1614 3817 1675 justi

2201 1678 2522 1740 modicitas,
2548 1692 2723 1742 quam
2747 1680 2968 1731 divitias
2992 1686 3387 1745 peccatorum.
3418 1683 3656 1734 Deinde
3679 1685 3813 1748 poni!

2129 1764 2185 1838 B
2205 1754 2985 1838 σαξρεεεφγέιξιξιεθρθφωιφτ
3008 1752 3259 1838 deficiat,
3287 1766 3432 1838 οξιαξ
3463 1754 3713 1838 seriis

2267 1818 2356 1873 21.
2389 1819 2732 1869 Mutuabitur
2764 1827 3025 1885 peccator,
3055 1828 3100 1871 et
3126 1838 3240 1872 non
3260 1824 3450 1875 solvet.
3480 1824 3644 1875 Nihil
3666 1824 3815 1875 habet

2202 1889 2395 1950 homo,
2421 1891 2585 1952 quod
2608 1894 2809 1943 mutuo
2830 1905 2949 1943 non
2979 1894 3218 1956 accepit.
3240 1894 3416 1945 Unde
3433 1895 3498 1945 in
3518 1895 3811 1959 Evangelia

2202 1961 2486 2012 Dominus
2508 1961 2663 2019 dicit,
2692 1963 2874 2013 Homo
2898 1963 3134 2025 quidam
3171 1976 3420 2029 peregre
3455 1966 3813 2030 proﬁciscens

2202 2032 2433 2083 vocavit
2477 2045 2680 2083 servos
2710 2046 2869 2096 suos,
2899 2036 2957 2084 et
2978 2033 3218 2085 tradidit
3252 2034 3370 2086 illis
3409 2036 3577 2087 bona
3608 2049 3727 2087 sua.
3760 2038 3812 2087 Et

2203 2101 2306 2153 uni
2340 2101 2501 2153 dedit
2541 2103 2792 2166 quinque
2814 2103 3047 2163 talenta,
3070 2104 3167 2155 alii
3189 2104 3332 2168 duo,
3349 2105 3455 2158 alii
3481 2120 3628 2159 vero
3650 2120 3806 2159 unum

2205 2173 2414 2235 (Matth.
2446 2170 2575 2236 95.).
2620 2175 2764 2225 Ecce
2811 2176 3116 2238 pecuniam
3159 2176 3394 2228 Domini
3438 2180 3605 2229 servi
3628 2184 3809 2229 mutuo

2201 2248 2566 2307 acceperunt.
2600 2244 2703 2305 Qui
2728 2249 2925 2297 autem
2956 2246 3014 2296 in
3034 2246 3144 2298 hoc
3165 2248 3390 2299 saeculo
3416 2248 3584 2300 ﬂdeli
3597 2256 3683 2301 ter
3702 2262 3807 2300 eam

2202 2313 2645 2377 dispensaverit,
2669 2316 2727 2366 et
2749 2328 2883 2367 cum
2900 2329 3078 2368 usura
3101 2318 3348 2369 Domino
3373 2321 3702 2372 revertenti
3714 2321 3810 2371 sol-

2202 2396 2337 2435 vere
2362 2386 2592 2449 poterit,
2606 2385 2715 2436 hoc
2739 2387 2785 2436 ei
2818 2399 2852 2437 a
2876 2388 3119 2439 Domino
3143 2388 3373 2441 dicetur
3397 2405 3412 2440 :
3442 2392 3633 2454 Euge,
3660 2406 3807 2443 serve

2202 2454 2445 2527 boneuet
2473 2455 2675 2527 tldelis,
2703 2457 2851 2508 intra
2872 2457 2932 2508 in
2955 2458 3229 2518 gaudium
3246 2460 3484 2511 Domini
3511 2463 3605 2512 tui
3638 2462 3807 2527 (lbid.j.

2203 2524 2469 2577 Fideliter
2481 2525 2817 2589 dispensant
2841 2527 3071 2591 divites,
3082 2542 3220 2580 cum
3234 2530 3310 2581 de
3324 2530 3562 2583 divitiis
3585 2524 3812 2584 eleemo-

2202 2607 2379 2658 synas
2426 2596 2656 2647 faciunt.
2696 2597 2963 2649 Fideliter
2996 2597 3346 2662 dispensant
3366 2600 3671 2664 doctores,
3694 2616 3809 2653 cum

2200 2670 2353 2717 recte
2370 2665 2663 2729 docent,et
2678 2668 2823 2719 bene
2842 2668 3063 2719 vivunt.
3082 2672 3428 2723 Peccatores
3454 2685 3600 2724 vero
3626 2676 3810 2722 divitias

2201 2741 2260 2787 et
2308 2736 2665 2799 sapientiam,
2701 2738 2944 2790 virtutes
2988 2744 3047 2790 et
3084 2739 3456 2794 intellectum
3502 2756 3542 2794 a
3584 2746 3811 2795 Domino

2200 2811 2757 2879 mutuantes,neque
2767 2810 2819 2860 ei
2830 2810 3043 2871 gratias
3058 2810 3340 2875 referunt,
3355 2825 3559 2877 neque
3575 2817 3815 2879 pauperi

2200 2879 2331 2949 bus,
2376 2890 2508 2941 quas
2552 2878 2766 2929 habent
2791 2880 3070 2943 tribuunt,
3102 2895 3211 2933 nec
3236 2883 3390 2934 bene
3416 2878 3814 2949 vivendo’perv

2207 2948 2441 2999 solvunt
2464 2961 2597 3011 qum
2630 2949 2859 3001 debent.
2882 2953 2953 3001 Et
2972 2952 3102 3003 ideo
3120 2952 3275 3004 sicut
3300 2954 3515 3006 fumus
3540 2948 3810 3008 deﬁcient

2194 3018 2381 3090 Justus
2402 3025 2582 3069 autem
2613 3020 2913 3083 miseretur,
2949 3021 3119 3083 idest,
3144 3022 3239 3085 pia
3261 3024 3586 3078 affectione
3600 3040 3735 3090 erga
3749 3028 3815 3077 af-

2203 3089 2388 3162 ﬂictos
2413 3093 2676 3142 movetur
2700 3107 2712 3141 :
2738 3091 2805 3139 Et
2820 3093 3087 3142 retribuet.
3110 3094 3294 3145 Habe!
3317 3108 3566 3162 semper
3578 3089 3711 3147 unde
3732 3102 3813 3155 det,

2204 3161 2370 3224 cujus
2399 3164 2600 3224 pectus
2613 3162 2846 3225 plenum
2857 3169 2947 3214 est
2967 3163 3281 3215 charitatis.
3301 3167 3447 3230 Ipsa
3473 3173 3573 3220 est
3588 3169 3814 3220 charitm

2205 3243 2336 3293 quae
2360 3230 2570 3282 dicitur
2591 3232 2930 3285 etvoluntas
2959 3234 3113 3285 bona
3134 3234 3206 3297 (1.
3236 3236 3365 3287 Cor.
3398 3237 3493 3292 13.
3520 3241 3715 3292 Matth.
3728 3240 3806 3301 5.).

2206 3302 2262 3353 Si
2286 3302 2459 3353 habet
2483 3302 2618 3354 foris
2643 3303 2992 3367 facultatem,
3009 3304 3108 3355 dat
3130 3306 3324 3368 ipsam
3342 3307 3632 3361 charitas.
3650 3312 3704 3362 Si
3721 3323 3813 3361 non

2205 3372 2395 3445 habet,
2434 3372 2535 3423 dat
2562 3373 3050 3445 (benevolentiam,
3077 3382 3322 3439 praestat
3352 3379 3698 3445 consilium,
3729 3382 3814 3431 dat

2203 3442 2500 3515 auxilium,
2527 3444 2576 3494 si
2600 3447 2804 3515 potest.
2833 3445 2889 3496 Si
2912 3459 3030 3497 non
3055 3450 3265 3510 potest,
3296 3448 3392 3500 vel
3412 3457 3564 3502 voto
3580 3442 3814 3515 adjuvat,

2206 3512 2297 3565 vel
2332 3525 2431 3577 pro
2446 3513 2836 3584 rcontribulato
2860 3520 2985 3567 orat
3009 3532 3022 3565 :
3047 3520 3106 3567 et
3129 3516 3276 3569 forte
3301 3520 3505 3584 magis
3528 3522 3643 3573 hoc
3654 3512 3813 3579 valet.

2208 3595 2383 3655 quam
2409 3583 2458 3633 si
2487 3596 2689 3647 panem
2721 3585 3047 3651 porrigeret.
3066 3587 3285 3639 Vacare
3316 3583 3442 3641 non
3465 3596 3668 3655 potest
3691 3594 3813 3643 bona

2206 3652 2497 3706 voluntas.
2509 3656 2625 3718 Ipsi
2640 3656 2789 3706 inter
2800 3668 2864 3706 se
2885 3669 3164 3720 pauperes
3181 3652 3488 3722 praestant
3496 3663 3611 3713 sibi
3623 3664 3691 3715 de
3707 3666 3815 3711 bona

2206 3722 2521 3796 voluntate.
2554 3725 2723 3777 Vides
2739 3738 2956 3778 cmcum
2974 3739 3009 3778 a
3026 3727 3259 3780 vidente
3270 3730 3432 3794 duci,
3447 3734 3597 3796 quia
3608 3748 3814 3783 nummos

2206 3807 2322 3845 non
2344 3794 2539 3858 habet,
2574 3808 2718 3858 quos
2743 3796 2858 3859 det,
2876 3797 3209 3849 commodat
3238 3799 3448 3851 oculos
3466 3794 3593 3854 non
3610 3807 3811 3852 habenti.

2206 3864 2369 3917 Unde
2396 3865 2502 3915 hoc
2527 3865 2738 3916 factum
2770 3870 2877 3927 est,
2903 3867 3016 3918 nisi
3051 3868 3187 3931 quia
3217 3869 3411 3921 virtus
3443 3877 3544 3923 est
3568 3874 3813 3925 voluntas

2205 3937 2376 4000 bona,
2403 3948 2537 3999 qua:
2554 3941 2644 3987 est
2662 3937 2970 3989 thesaurus
2985 3951 3302 4003 pauperum
3316 3944 3346 3991 ?
3369 3943 3486 4002 Qui
3511 3950 3708 3996 autem
3723 3947 3815 3995 mi.

2208 4010 2430 4079 seretur
2457 4010 2513 4057 et
2547 4006 2773 4070 tribuet,
2799 4008 3127 4061 mercedem
3150 4010 3369 4062 bonam
3395 4015 3663 4079 recipiet.
3688 4018 3813 4067 Nam

2209 4076 2477 4128 subditur
2503 4092 2516 4127 :

2268 4145 2355 4200 29.
2384 4148 2526 4219 Quia
2563 4146 2913 4199 benedicentes
2939 4149 2987 4199 ei
3011 4150 3412 4201 hmreditabunt
3448 4159 3681 4206 terram.
3721 4157 3811 4219 Qui

2206 4218 2350 4293 bene
2375 4218 2604 4279 vivunt,
2631 4224 2690 4293 et
2720 4220 2872 4271 bona
2883 4232 3029 4293 (quas
3055 4227 3319 4293 possunt,
3357 4222 3520 4293 |68
3547 4226 3677 4278 aliis
3698 4218 3811 4278 cum

2206 4288 2522 4360 gratiarum
2564 4290 2788 4341 actione
2827 4291 3105 4353 tribuunt,
3137 4292 3247 4357 ipsi
3276 4288 3441 4346 sunf
3457 4288 3564 4360 qui
3589 4298 3811 4349 Domino

2206 4358 2569 4424 benedicunt,
2587 4360 2816 4411 Talibus
2840 4361 2902 4412 in
2919 4362 3143 4426 judicio
3167 4364 3438 4416 dicturus
3463 4358 3581 4429 est,
3604 4370 3811 4428 Venite,

2206 4429 2492 4480 benedicti
2517 4430 2701 4482 Patris
2727 4431 2855 4491 mei,
2875 4433 3147 4497 percipite
3167 4446 3439 4501 regnum,
3472 4439 3636 4501 quod
3662 4440 3812 4491 vobis

2206 4505 2471 4573 paratum
2519 4504 2608 4552 est
2653 4502 2726 4573 ab
2760 4502 2980 4573 origine
3025 4504 3229 4554 mundi
3262 4505 3483 4569 (Matth.
3511 4507 3648 4573 25.).
3680 4512 3807 4561 Ecce

507 4579 612 4631 Vel
635 4571 710 4630 no
720 4579 802 4629 vit
826 4578 963 4653 quia
986 4576 1205 4653 dilexit,
1232 4576 1392 4626 Unde
1409 4579 1641 4653 econtra
1662 4574 1827 4653 malis
1842 4573 2101 4653 dicturus
2130 4581 2188 4653 D
2206 4571 2305 4652 illa
2326 4577 2489 4653 terra,
2508 4584 2679 4653 quam
2690 4572 3517 4653 justi‘h.u3reditabunt._Quare
3531 4582 3567 4653 ἶ
3577 4571 3809 4632 Esurivi.

507 4654 625 4711 est,
671 4654 851 4699 Amen
896 4647 1023 4697 dico
1067 4646 1263 4708 vobis,
1310 4646 1506 4696 nescio
1549 4657 1659 4696 vos
1715 4644 1939 4706 (Matth.
1971 4644 2099 4710 25.).

507 4718 707 4770 Omnis
730 4719 874 4768 enim
892 4718 990 4779 qui
1006 4717 1247 4779 ignorat,
1260 4716 1640 4780 ignorabitur:
1657 4718 1713 4766 et
1728 4715 1854 4766 ideo
1866 4716 2101 4765 Heredi-

506 4793 588 4837 tas
609 4803 793 4836 eorvm
818 4788 881 4835 in
903 4792 1161 4834 :etcrnum
1172 4786 1287 4833 erit.
1312 4788 1447 4836 Esto
1462 4798 1597 4849 ergo
1616 4798 1795 4848 purus
1807 4790 1864 4836 et
1880 4789 2102 4836 mundus

506 4858 776 4909 omnibus
801 4858 1005 4908 diebus
1036 4856 1171 4906 vita:
1197 4859 1334 4918 tum,
1371 4861 1436 4907 ut
1462 4857 1689 4919 placeas
1714 4856 1956 4907 Domino
1978 4859 2098 4909 Deo

506 4934 606 4980 tuo
632 4929 690 4979 in
708 4927 862 4979 omni
890 4930 989 4977 tua
1011 4926 1444 4977 conversatione
1471 4925 1537 4988 (1.
1569 4928 1686 4977 Cor.
1716 4925 1840 4990 14.).
1874 4928 1945 4977 Et
1966 4940 2098 4979 cum

503 4999 627 5050 dies
651 4999 795 5049 istos
818 4998 1048 5060 ﬁnieris,
1074 4997 1131 5047 in
1156 5001 1439 5048 aeternum
1464 4996 1851 5047 haereditabis.

563 5069 644 5123 19.
669 5069 795 5118 Non
818 5067 1224 5130 confundentur
1251 5068 1314 5115 in
1334 5072 1563 5130 tempors
1583 5066 1745 5126 malo,
1761 5072 1805 5115 et
1827 5067 1887 5115 in
1915 5066 2096 5117 diebus

498 5141 665 5203 [amis
687 5139 1097 5190 saturabuntur.
1124 5137 1291 5189 Modo
1314 5142 1405 5188 est
1422 5142 1649 5201 tempus
1673 5138 1907 5196 malum,
1942 5135 2089 5205 |67

496 5212 557 5263 in
580 5224 695 5276 quo
716 5211 977 5263 laborant
993 5209 1153 5273 justi.
1182 5207 1344 5259 Unde
1367 5207 1623 5270 quotidie
1652 5206 1855 5259 dicunt
1876 5210 1938 5259 in
1966 5221 2095 5259 ora-

501 5285 885 5346 tione,Libera
905 5293 1012 5332 nos
1034 5293 1070 5331 a
1094 5279 1244 5330 malo
1263 5279 1468 5343 (Matth.
1494 5277 1586 5341 6.).
1612 5280 1677 5329 In
1704 5278 1814 5330 hoc
1839 5283 2093 5344 tempore

496 5354 626 5406 elati
653 5355 886 5418 quique,
909 5352 1049 5403 dum
1074 5362 1239 5401 suam
1255 5348 1492 5413 gloriam
1508 5353 1792 5415 quaerunt,
1807 5350 1854 5400 si
1866 5350 1941 5413 inj
1950 5350 2093 5402 uriaa

496 5425 590 5477 vel
617 5423 980 5477 contumelia;
1006 5421 1114 5472 sibi
1134 5419 1308 5472 illatae
1332 5419 1560 5481 fuerint,
1584 5421 1952 5471 erubescunt.
1968 5421 2090 5481 Quo

495 5500 695 5546 contra
718 5495 905 5547 sancti
950 5492 1056 5545 viri
1088 5491 1187 5555 qui
1210 5504 1327 5542 non
1351 5495 1623 5554 quaerunt
1646 5490 1884 5554 gloriam
1902 5503 2091 5556 suam,

495 5565 597 5614 sed
640 5565 763 5627 Dei,
788 5566 836 5616 si
872 5564 1224 5624 deridentur,
1251 5562 1297 5612 si
1323 5561 1684 5613 contumeliis
1709 5565 1767 5613 et
1789 5561 1975 5626 pinnis
2000 5561 2092 5613 de-

494 5633 887 5692 honestantur,
901 5647 1021 5685 non
1045 5633 1232 5685 solum
1256 5646 1373 5685 non
1397 5633 1762 5695 erubescunt,
1793 5632 1891 5683 sed
1917 5632 2090 5684 etiam

492 5702 823 5764 gloriantur.
842 5705 1005 5756 Unde
1030 5703 1362 5767 Apostolus,
1380 5704 1703 5755 Gloriamur
1727 5704 1789 5754 in
1814 5705 2091 5753 tribulatio-

495 5770 669 5820 nibus
699 5773 865 5833 (Rom.
892 5773 983 5838 6.).
1010 5774 1350 5826 Saturantur
1370 5779 1566 5826 autem
1590 5774 1653 5826 in
1674 5773 1878 5826 diebus
1895 5773 2085 5837 famis,

2204 4643 2407 4706 inquit,
2426 4646 2482 4693 et
2498 4642 2738 4693 dedistis
2762 4643 2901 4694 mihi
2927 4644 3273 4697 manducare
3297 4646 3506 4713 (Ibid)
3527 4651 3604 4701 Et
3620 4654 3810 4711 incipiet

2205 4725 2434 4765 narrare
2467 4725 2639 4777 opera
2664 4714 3089 4775 misericordias,
3137 4716 3354 4778 quibus
3386 4719 3541 4781 justi
3581 4721 3810 4773 Domino

2206 4784 2651 4857 benedixerunt,
2670 4785 2902 4847 quando
2926 4785 2999 4837 ad
3023 4785 3302 4838 honorem
3328 4790 3468 4851 ejus
3502 4791 3606 4842 illa
3622 4793 3809 4857 imple-

2202 4860 2426 4907 verunt.
2454 4854 2823 4903 Maledicenles
2859 4862 3040 4905 autem
3068 4858 3121 4906 ei
3156 4858 3521 4921 disperibunt.
3554 4854 3812 4915 Audi—turi

2204 4930 2343 4997 sunt
2366 4925 2537 4997 enim,
2572 4928 2672 4985 Ite,
2698 4925 2990 4997 maledicti
3011 4927 3069 4978 in
3092 4928 3285 4992 ignem
3303 4933 3603 4983 aeternum
3628 4933 3804 4997 (Ibid).

2204 4996 2300 5067 I‘sti
2328 4995 2639 5048 noluerunt
2661 4995 3010 5060 persolvere,
3047 5010 3178 5061 quas
3208 5002 3419 5051 mutuo
3450 4995 3806 5067 acceperunt

2205 5060 2273 5117 Et
2294 5067 2458 5141 _quia_
2485 5067 2658 5141 male
2693 5068 2976 5141 vivendo,
2996 5074 3068 5141 et
3118 5069 3229 5119 sibi
3258 5060 3809 5141 commissa-injuste

2202 5137 2522 5201 retinendo,
2548 5136 2972 5189 maledixerunt
2994 5140 3259 5202 Domino,
3277 5145 3339 5192 et
3364 5142 3479 5206 ipsi
3503 5136 3808 5207 juste'sunt

2201 5207 2507 5259 maledicti.
2539 5209 2609 5259 Et
2630 5212 2696 5259 ut
2725 5208 2974 5271 quisque
3002 5209 3147 5260 sciat
3169 5222 3287 5273 quo
3316 5213 3565 5267 tendere
3591 5216 3803 5274 debeat.-

2200 5291 2274 5330 ne
2295 5278 2553 5331 similiter
2576 5283 2787 5343 pereat,
2815 5279 3081 5343 sequitur
3108 5283 3167 5331 et
3187 5280 3329 5332 dicit
3355 5298 3387 5332 :-

2260 5348 2348 5403 2⁵2.
2383 5350 2549 5415 Apud
2590 5349 2888 5399 Dominum
2928 5364 3139 5421 gressus
3164 5351 3415 5403 hominis
3448 5355 3734 5421 dirigetur,
3755 5362 3795 5405 et

2196 5421 2340 5470 viam
2361 5436 2474 5485 ejus
2491 5421 2640 5470 votet.
2654 5421 2800 5471 Nam
2816 5420 2967 5485 apud
2984 5420 3241 5486 seipsum
3260 5435 3381 5475 non
3398 5420 3636 5479 invenit
3653 5434 3799 5485 homo,

2194 5490 2304 5542 nisi
2321 5504 2567 5543 errorem
2583 5496 2640 5543 et
2651 5490 3108 5555 peccatum.ldeo
3123 5491 3247 5556 ipse
3264 5493 3557 5549 Dominus
3573 5501 3721 5547 factus
3733 5504 3797 5545 est

2194 5562 2358 5612 nobis
2382 5561 2502 5612 dux
2528 5566 2585 5612 et
2607 5561 2701 5612 via
2730 5561 2913 5625 (Joan.
2943 5560 3071 5623 14.).
3099 5563 3166 5613 Et
3200 5562 3248 5613 si
3280 5576 3478 5618 errare
3503 5581 3621 5620 non
3650 5567 3793 5618 volu-

2193 5631 2503 5696 mus,apud
2514 5632 2705 5692 ipsum
2722 5643 2961 5695 gressus
2980 5632 3262 5684 bonorum
3275 5648 3521 5699 operum
3534 5642 3792 5699 dirigamus

2193 5705 2263 5754 Et
2285 5704 2347 5753 in
2368 5704 2491 5767 ipso
2510 5703 2587 5753 sit
2599 5702 2867 5753 voluntas
2884 5706 3099 5763 nostra,
3126 5704 3226 5766 qui
3245 5711 3341 5757 est
3374 5708 3495 5768 via,
3525 5710 3721 5760 vermis
3750 5714 3788 5753 et

2191 5774 2313 5828 vita
2335 5773 2531 5837 (Ibid).
2556 5772 2681 5826 Noli
2703 5786 2805 5838 per
2827 5772 3003 5826 aliam
3026 5775 3182 5827 viam
3203 5775 3355 5830 velle
3379 5777 3487 5844 ire,
3511 5793 3679 5845 quam
3701 5791 3788 5844 per
