3908 6232
111 381 223 440 781

1103 386 1176 439 ΙΝ
1234 388 1557 441 PSALMOS
1613 389 1819 441 LXXV
1887 391 2461 446 COMMENTARIUS.

3314 396 3417 451 782

107 495 302 579 illam,
322 497 721 579 quaipseivit.
740 500 1005 579 Fortasse
1016 498 1244 579 videtur
1263 500 1425 579 dura,
1442 499 1543 579 sed
1556 513 1723 552 secu—
1746 507 1800 579 Α
1826 504 2203 579 ﬂagellantur,
2224 510 2297 579 et
2312 510 2583 579 tanquam
2608 517 2787 570 grana
2810 504 2868 556 in
2890 517 3021 579 area
3040 506 3191 558 inter
3226 506 3417 579 paleas

102 581 179 620 ra
216 571 346 620 Alia
358 570 500 621 forte
523 569 756 622 delicias
779 570 972 632 habet,
1000 570 1101 620 sed
1125 570 1447 622 latronibus
1464 574 1613 632 plena
1629 579 1717 619 est.

107 641 328 691 Melius
340 646 429 692 est
447 641 616 693 modo
634 643 784 693 viam
803 643 1030 692 Domini
1048 641 1190 693 velle
1205 646 1412 702 tenere,
1422 645 1723 705 jejunando,

103 711 357 770 orando,
377 712 733 775 patiendo,ut
746 714 1116 777 postmodum
1131 714 1187 763 in
1200 714 1381 777 patria
1396 716 1722 777 gaudeamus,

106 794 299 845 quam
313 782 458 834 velle
476 785 672 835 tenere
692 785 844 834 viam
859 785 1076 843 saeculi,
1091 784 1347 844 ridendo,
1364 784 1724 846 delectando,

105 865 355 905 carnem
382 854 698 916 sequendo,
743 859 808 905 ut
829 855 1197 918 postmodum
1233 854 1290 904 in
1314 858 1530 906 aeterna
1552 867 1727 918 pmna

106 923 443 987 lugeamus.
464 926 532 975 Et
553 925 686 988 quia
709 925 768 975 in
781 925 889 976 hac
913 926 1086 977 etiam
1111 925 1203 976 via
1224 926 1470 987 Domini,
1494 938 1614 975 non
1638 929 1726 975 est

107 993 299 1045 homo
329 995 430 1058 qui
464 1009 581 1046 non
624 1000 823 1059 peccet
869 995 934 1060 (3.
984 998 1103 1061 Reg.
1149 996 1255 1059 8.):
1302 998 1567 1059 sequitur
1589 1008 1726 1047 con-

110 1065 348 1127 solatio,
378 1079 514 1117 cum
541 1067 931 1119 subinfertur:

185 1136 275 1190 24.
318 1137 452 1186 Cum
498 1138 761 1200 ceciderit,
795 1154 906 1186 non
946 1137 1227 1187 collidatur
1248 1154 1264 1185 :
1291 1138 1425 1201 quia
1455 1136 1725 1186 Dominus

105 1207 381 1270 supponit
404 1223 638 1257 manum
656 1209 1054 1259 suam.Cecidit
1074 1211 1275 1259 Petrus
1302 1209 1441 1271 (Luc.
1469 1206 1595 1271 92.),
1623 1208 1724 1258 scd

107 1289 245 1328 non
263 1281 351 1327 est
373 1277 626 1329 collisus.
656 1280 798 1329 Nam
832 1280 1109 1329 Dominus
1134 1290 1369 1329 manum
1394 1290 1559 1328 suam
1587 1290 1726 1341 sup-

108 1347 338 1411 posuit,
354 1353 449 1410 atq
461 1361 529 1399 ue
546 1362 677 1399 eum
691 1349 905 1400 auxilio
924 1361 1048 1401 suae
1066 1348 1478 1399 misericordiae
1495 1351 1726 1395 subleva-

109 1418 227 1468 vit.
255 1419 538 1482 Scriptum
564 1424 656 1469 est
678 1420 851 1481 enim,
875 1421 1149 1483 Respexit
1172 1419 1449 1471 Dominus
1473 1420 1722 1482 Petrum,

110 1490 758 1553 etflevitamare(lbid.).
788 1492 899 1543 Sed
923 1495 1139 1554 quare?
1156 1490 1423 1541 Permisit
1445 1490 1724 1540 Dominus

111 1561 329 1612 cadere
380 1561 624 1612 electum
670 1575 861 1623 suum,
914 1567 981 1612 ut
1016 1562 1276 1613 videlicet
1319 1561 1379 1611 in
1412 1560 1724 1611 tentatione

112 1630 371 1683 disceret
396 1644 458 1682 se
475 1632 723 1695 quiante
748 1633 1123 1683 teutalionem
1147 1635 1554 1696 priesumserat
1570 1634 1631 1680 de
1650 1646 1719 1682 se.

114 1702 251 1752 Hoc
263 1702 514 1764 quotidie
528 1704 587 1753 in
598 1702 793 1754 electis
808 1703 930 1754 suis
942 1704 1223 1753 Dominus
1238 1702 1417 1753 facere
1430 1716 1527 1749 non
1545 1707 1720 1751 cessat.

118 1773 468 1835 Magnarum
492 1773 701 1825 virium
739 1773 913 1825 homo
940 1786 1002 1824 se
1034 1773 1308 1833 crederet,
1348 1772 1398 1822 si
1423 1784 1646 1835 semper
1668 1772 1727 1822 in

116 1844 344 1895 virtute
355 1844 509 1895 fixus
523 1846 997 1907 permaneret.Pie
1012 1856 1144 1908 ergo
1157 1843 1440 1894 Dominus
1454 1844 1727 1902 aliquando

120 1915 377 1977 gratiam
392 1928 557 1965 suam
575 1914 880 1975 subtrahit,
906 1914 1370 1978 etpraasumenti,
1395 1911 1634 1975 qualiter
1648 1913 1728 1963 in-

124 1985 413 2045 tlrmetur,
437 1986 708 2037 ostendit.
747 1986 854 2046 Qui
887 1999 1020 2037 cum
1066 1987 1125 2036 in
1161 1984 1474 2036 tentatione
1502 1982 1728 2043 labitur,

125 2068 239 2121 per
260 2054 522 2108 eamdem
548 2056 924 2108 tentationem
947 2056 1261 2120 prudenter
1283 2055 1556 2106 eruditur.
1589 2055 1731 2104 Nam

129 2139 273 2178 cum
299 2132 553 2179 tentatus
583 2127 756 2191 cadit,
780 2140 847 2179 eo
893 2132 1025 2192 post
1060 2127 1257 2178 verius
1298 2138 1411 2189 quo
1435 2123 1730 2183 humilius,

130 2198 339 2262 surgit.
366 2201 436 2249 Et
458 2198 610 2251 unde
636 2199 820 2251 virtus
845 2198 1011 2262 quasi
1033 2198 1333 2257 amittitur,
1361 2196 1494 2247 inde
1519 2196 1732 2247 certius

129 2268 507 2334 possidetur;
531 2270 734 2333 probat
757 2272 952 2322 autem
976 2269 1130 2333 quod
1153 2283 1270 2320 non
1293 2266 1592 2319 collidetur
1604 2267 1733 2330 jus-

135 2347 256 2399 tus,
288 2353 419 2391 cum
442 2341 778 2405 subjungit:

201 2408 291 2463 25.
325 2411 532 2459 Junior
572 2413 676 2474 fui,
712 2412 906 2459 etenim
943 2411 1135 2460 senui:
1170 2414 1215 2459 et
1251 2424 1363 2459 non
1392 2408 1505 2457 vidi
1520 2407 1733 2472 justum

131 2482 469 2542 derelictum,
486 2498 580 2531 nec
603 2498 779 2531 semen
802 2484 916 2546 ejus
948 2497 1189 2546 quaerens
1218 2495 1431 2544 panem.
1463 2480 1735 2542 Loquitur

127 2553 231 2603 hic
262 2565 467 2616 corpus
493 2553 701 2604 Christi
725 2557 1009 2616 tamquam
1037 2565 1189 2603 unus
1214 2551 1404 2611 homo,
1432 2551 1527 2613 qui
1539 2550 1736 2613 junior

129 2622 269 2681 fuit,
286 2622 344 2673 in
361 2623 559 2686 primis
576 2624 867 2677 aetatibus.
887 2623 1076 2673 senior
1089 2626 1281 2673 autem
1304 2621 1365 2670 in
1397 2620 1734 2671 novissimis

136 2695 523 2756 temporibus:
550 2694 684 2745 etin
701 2698 861 2744 tanto
886 2693 1070 2756 spatio
1093 2705 1209 2742 non
1230 2691 1373 2741 vidit
1392 2692 1617 2753 justum
1642 2690 1735 2740 de-

132 2764 426 2828 relictum,
452 2766 531 2816 ita
564 2770 631 2816 ut
660 2778 777 2815 non
804 2766 1028 2827 periret,
1061 2777 1165 2814 nec
1199 2774 1397 2813 semen
1420 2764 1561 2824 ejus,
1586 2760 1736 2811 idest

132 2834 394 2897 aliquem
424 2834 650 2887 fidelem
673 2835 1014 2886 invitatione
1030 2835 1227 2898 ipsius,
1248 2833 1344 2896 qui
1361 2844 1566 2896 panem
1583 2843 1736 2893 quaa-

132 2909 309 2957 reret.
336 2906 393 2957 Si
420 2906 767 2969 corporalem
792 2917 996 2969 panem
1020 2906 1364 2968 accepimus,
1402 2902 1558 2953 hunc
1582 2913 1735 2965 quee-

134 2989 264 3027 rere
282 2976 492 3027 multos
503 2976 673 3027 etiam
682 2977 876 3040 justos
894 2976 1241 3026 invenimus.
1262 2975 1329 3023 Et
1352 2975 1472 3036 jam
1488 2973 1736 3020 sententia

125 3046 457 3098 secundum
494 3047 716 3098 literam
759 3057 874 3097 non
896 3046 1003 3097 erit
1032 3057 1185 3096 vera.
1215 3046 1463 3095 Necesse
1486 3045 1577 3093 est
1598 3054 1734 3105 ergo

122 3131 341 3184 panem
370 3118 725 3182 spiritualem
743 3117 1077 3180 intelligere,
1103 3116 1264 3167 illum
1289 3114 1503 3165 scilicet
1522 3113 1592 3163 de
1616 3124 1729 3175 quo

1756 1872 1809 1946 B

1830 578 2166 627 triturantur
2216 576 2423 637 (Matth.
2470 575 2541 639 5.)
2570 592 2581 626 :
2613 581 2680 627 ut
2718 576 3085 640 postmodum
3109 578 3338 642 purgati
3359 579 3419 629 in

1827 650 2044 697 mterno
2064 648 2264 697 horreo
2276 650 2706 697 conserventur.
2721 647 3107 710 lnjustiautcm
3116 650 3420 711 punientur

1826 717 1975 767 idest
1998 718 2345 769 mternaliter
2368 718 2817 768 damnabuntur.
2841 718 2909 766 Et
2924 733 3097 766 semen
3122 720 3418 783 impiorum

1821 787 2033 851 peribit,
2061 788 2231 848 Idest,
2255 801 2401 852 opus
2430 800 2629 839 eorum
2656 788 2877 838 nullum
2894 788 3143 839 fructum
3167 789 3416 841 habebit.

1825 858 1955 907 Ideo
1979 858 2187 909 dicturi
2212 862 2349 909 sunt
2368 859 2425 909 in
2445 858 2661 921 judicio
2687 874 2699 908 :
2731 859 2875 917 Quid
2901 859 3067 910 nobis
3092 860 3303 922 profuit
3325 874 3415 911 su-

1825 929 2153 991 perbia?aut
2169 929 2305 992 quid
2320 929 2649 979 divitiarum
2658 929 2934 991 jactantia
2952 930 3191 981 contulit
3205 930 3373 981 nobis
3394 934 3423 981 ‘2

1825 999 2200 1050 Transierunt
2240 1000 2433 1050 omnia
2466 1000 2561 1050 illa
2607 1004 2878 1063 tanquam
2903 1002 3124 1051 umbra.
3159 1001 3422 1063 Undique

1824 1070 2204 1121 circumvenit
2234 1070 2628 1121 infirmitatem
2661 1076 2916 1121 nostram
2941 1072 3067 1122 haec
3090 1072 3423 1135 prephetica

1824 1141 2130 1204 Scriptura.
2168 1141 2334 1191 Modo
2362 1153 2467 1191 nos
2492 1141 2679 1191 erudit
2720 1142 2931 1202 verbis,
2954 1142 3127 1193 modo
3155 1141 3422 1194 informat

1823 1211 2122 1274 exemplis.
2141 1211 2288 1261 Hinc
2306 1211 2573 1274 proponit
2592 1212 2761 1262 nobis
2772 1213 3141 1275 reproborum
3170 1224 3419 1275 pmnam,

1822 1282 1973 1332 illinc
1992 1282 2283 1344 justorum
2312 1283 2583 1346 gloriam:
2610 1285 2896 1343 quatenus
2931 1282 3030 1333 illa
3055 1295 3161 1333 nos
3192 1288 3419 1345 terreat,

1823 1354 2078 1414 atqueab
2090 1365 2282 1404 amore
2302 1353 2480 1414 hujus
2496 1354 2694 1404 saeculi
2717 1358 3044 1416 compescat
3062 1370 3073 1403 :
3089 1357 3143 1405 et
3174 1355 3287 1405 ista
3314 1368 3421 1406 nos

1823 1425 2037 1474 excitet
2058 1428 2234 1485 atque
2278 1422 2350 1473 ad
2397 1435 2650 1473 amorem
2686 1424 2885 1487 patriae
2919 1425 3172 1475 caelestis
3195 1425 3419 1477 invitet.

1823 1493 1985 1544 Unde
2009 1499 2067 1544 et
2095 1492 2360 1543 subditur
2384 1508 2397 1544 :

1885 1563 1972 1616 ‘29.
2013 1565 2155 1613 Justi
2192 1570 2372 1612 autem
2418 1564 2806 1613 hwreditabunt
2831 1571 3051 1627 ter-ram,
3082 1566 3418 1619 viventium.

1825 1635 1893 1684 Et
1912 1634 2019 1685 hoc
2034 1647 2149 1685 non
2164 1635 2236 1686 ad
2260 1640 2511 1698 tempus,
2530 1635 2631 1686 sed
2649 1636 2708 1685 in
2726 1640 3029 1688 internum.
3049 1638 3181 1689 Ideo
3198 1639 3419 1690 subdit:

1824 1704 1892 1753 Et
1913 1704 2293 1754 inhabitabant
2318 1706 2377 1753 in
2398 1706 2649 1754 saeculum
2673 1706 2851 1755 seculi
2872 1722 3034 1770 super
3060 1723 3197 1758 eam.
3227 1710 3423 1773 Super,

1830 1774 1973 1825 bene
1996 1776 2165 1826 dicit:
2198 1775 2333 1838 quia
2363 1788 2728 1839 possessores
2753 1779 2808 1826 et
2831 1776 3049 1828 domini
3080 1784 3243 1831 terrae
3269 1780 3421 1831 illius

1831 1849 2013 1895 erunt.
2033 1846 2155 1895 Noli
2177 1859 2313 1909 ergo
2336 1845 2506 1896 istam
2525 1847 2784 1897 transitm
2798 1846 2913 1897 iam
2924 1847 3319 1901 hmreditatem
3345 1850 3424 1901 di-

1830 1916 2023 1978 ligere,
2052 1916 2111 1965 in
2141 1929 2255 1979 qua
2278 1916 2379 1966 diu
2406 1929 2523 1966 non
2558 1921 2720 1979 potes
2744 1916 3017 1968 habitare.
3049 1920 3425 1983 Despicienda

1832 1990 1970 2036 sunt
2002 1991 2209 2036 cuncti
2245 1998 2375 2049 quas
2412 1988 2739 2037 transeunt:
2778 1987 2873 2038 illa
2895 1987 3017 2038 sola
3039 1990 3285 2041 amanda
3312 1996 3421 2055 est,

1831 2067 1965 2117 quae
2011 2057 2250 2107 transire
2272 2069 2389 2107 non
2423 2061 2643 2120 potest:
2669 2057 2836 2120 cujus
2871 2058 2966 2108 via
3007 2064 3098 2110 est
3121 2061 3420 2125 sapientia.

1830 2126 1901 2176 de
1925 2139 2039 2188 qua
2070 2127 2367 2178 subditur:

1894 2195 1980 2250 30.
2011 2196 2075 2245 Os
2103 2197 2241 2261 justi
2277 2196 2626 2245 meditabitur
2659 2197 3006 2261 sapientiam.
3032 2200 3110 2251 Os
3139 2200 3424 2253 interioris

1830 2265 2098 2331 hominis,
2131 2272 2219 2319 est
2251 2280 2349 2317 cor
2378 2272 2663 2318 nostrum.
2698 2269 2853 2319 Sicut
2876 2270 3030 2321 enim
3054 2284 3149 2322 ore
3173 2274 3426 2336 corporis

1830 2337 2117 2400 loquimur
2130 2338 2480 2400 hominibus,
2505 2338 2584 2389 ita
2613 2338 2782 2389 corde
2799 2338 3092 2402 loquimur
3116 2346 3229 2393 Deo.
3251 2347 3424 2393 Omnis

1832 2413 2022 2459 autem
2040 2409 2329 2474 protectus
2346 2408 2655 2472 spiritualis
2670 2421 2743 2460 ex
2756 2410 3125 2463 meditatione
3139 2417 3427 2474 procedit:et

1832 2484 1921 2529 est
1941 2480 2034 2531 ille
2049 2480 2231 2544 panis,
2267 2476 2412 2545 I70
2451 2479 2522 2529 de
2540 2491 2655 2542 quo
2678 2493 2853 2543 supra
2868 2481 3140 2534 diximus.
3164 2487 3286 2533 Vide
3307 2501 3424 2547 ergo

1834 2548 1941 2611 (Ea:
1962 2550 2124 2612 Aug.,
2150 2565 2305 2598 serm.
2331 2550 2404 2620 3.)
2422 2561 2595 2612 quam
2613 2548 2853 2601 libenter
2877 2553 3187 2604 manducet
3206 2556 3425 2620 justus,

1833 2620 2124 2682 quomodo
2151 2622 2207 2670 in
2231 2619 2400 2670 corde
2424 2632 2531 2670 suo
2557 2625 2749 2671 verset
2764 2622 3082 2673 etruminet
3096 2628 3391 2685 sapientiam
3411 2643 3424 2678 :

1835 2695 1899 2741 ut
1924 2690 2290 2753 postmodum
2305 2692 2566 2741 cruciare
2578 2691 2761 2753 possit
2773 2694 3009 2742 verbum
3028 2694 3241 2745 bonum
3263 2698 3425 2759 (Psat.

1834 2760 1972 2823 44.):
2003 2761 2156 2812 unde
2173 2766 2230 2811 et
2241 2760 2527 2823 subdit,Et
2543 2760 2737 2823 lingua
2748 2762 2860 2823 ejus
2876 2762 3423 2827 loqueturjudicium.

1832 2832 1860 2881 J
1870 2831 2120 2882 udicium
2144 2830 2319 2893 loqui,
2343 2835 2432 2881 est
2464 2831 2777 2882 discretum
2817 2834 3059 2895 proferre
3084 2846 3423 2887 sermonem.

1834 2902 1998 2952 Prius
2023 2902 2084 2953 in
2106 2902 2277 2952 corde
2312 2914 2417 2951 suo
2432 2906 2636 2952 tractat
2653 2903 2871 2965 justus,
2890 2903 3027 2965 quid
3040 2904 3213 2969 loqui,
3227 2910 3424 2967 etquid

1834 2977 2019 3047 facere
2043 2973 2275 3047 debeat:
2294 2977 2500 3047 etcum
2521 2976 2689 3047 tacet,
2715 2973 2867 3035 quod
2892 2974 3198 3047 tacendum
3220 2982 3339 3047 est:
3372 2984 3429 3030 et

1833 3043 1988 3104 dicit,
2016 3043 2168 3106 quod
2188 3042 2494 3094 dicendum
2516 3046 2623 3105 est,
2644 3042 2840 3106 lingua
2855 3044 2979 3108 ejus
2999 3044 3254 3107 loquitur
3269 3042 3427 3111 judi-

1834 3116 2003 3165 cium.
2018 3113 2285 3165 Ostendit
2306 3118 2500 3164 autem
2515 3112 2667 3163 illam
2682 3115 3040 3177 sapientiam,
3066 3128 3236 3179 quam
3256 3121 3426 3178 justus

120 3189 418 3241 Dominus
442 3189 580 3240 dicit
611 3189 669 3239 in
690 3188 1019 3251 Evangelio.
1054 3188 1180 3238 Non
1198 3188 1255 3237 in
1273 3185 1395 3237 solo
1421 3196 1568 3249 pane
1586 3184 1729 3235 vivit
1757 3226 1801 3251 η
1830 3186 2157 3245 meditatur,
2182 3196 2299 3236 non
2319 3184 2675 3235 mundanam
2700 3197 2848 3247 esse,
2876 3185 2977 3237 sed
2993 3186 3264 3249 divinam,
3291 3202 3426 3241 cum

115 3263 321 3322 homo,
349 3260 449 3312 sed
477 3261 534 3310 in
561 3260 718 3311 omni
753 3226 927 3310 verbo
952 3258 1104 3321 quod
1134 3257 1391 3322 procedit
1415 3226 1485 3307 de
1509 3267 1605 3306 ore
1629 3254 1729 3305 Dei
1755 3226 1804 3300 Ο
1832 3226 2167 3320 δαὶ),ἱυῃςίιέ

124 3332 347 3397 (Matth.
374 3331 463 3393 4.).
490 3332 658 3381 Hunc
673 3343 878 3395 panem
903 3342 1019 3380 non
1036 3331 1287 3397 cessavit
1302 3327 1579 3377 Dominus
1595 3326 1726 3376 [lde-

115 3396 281 3456 Iibus
295 3402 416 3453 suis
436 3401 778 3453 distriubere
795 3405 909 3451 tam
928 3400 981 3450 in
1017 3396 1165 3466 |69
1208 3398 1410 3462 primis
1433 3398 1724 3460 aetatibus,

118 3486 306 3538 qnam
330 3474 386 3523 in
410 3471 659 3524 ultimis:
694 3472 940 3535 loquens
976 3472 1059 3521 eis
1092 3483 1191 3535 per
1227 3469 1479 3533 angelos,
1506 3481 1604 3531 per
1629 3481 1726 3531 pa-

118 3545 426 3609 triarchas,
461 3557 562 3609 per
592 3544 920 3607 prephetas.
962 3541 1180 3592 Deinde
1204 3554 1302 3604 per
1324 3539 1531 3590 Filium
1555 3552 1725 3590 suum

115 3616 307 3678 (Hebr.
336 3615 425 3677 1.),
452 3628 551 3679 per
580 3613 908 3678 Apostolos,
934 3625 1029 3676 per
1053 3612 1345 3663 doctores:
1378 3610 1450 3661 ad
1472 3610 1725 3661 reficien-

116 3688 199 3739 da
223 3691 284 3737 et
307 3684 879 3737 confirmandacorda
901 3695 1117 3744 eorum,
1135 3696 1206 3733 ne
1230 3681 1500 3733 deficiant
1523 3681 1581 3731 in
1614 3681 1723 3731 via.

116 3758 251 3809 Tali
283 3769 425 3820 pane
450 3757 701 3808 nutritur
722 3757 937 3819 justus,
966 3759 1029 3805 ut
1057 3754 1117 3804 in
1155 3755 1270 3804 Deo
1294 3752 1469 3814 vivat,
1495 3757 1552 3803 et
1574 3753 1728 3803 bona

116 3840 259 3893 qum
282 3831 488 3891 potest,
515 3826 791 3891 proximis
816 3824 1125 3889 impendat.
1152 3823 1315 3875 Unde
1345 3828 1403 3873 et
1428 3823 1722 3873 subditur:

184 3896 278 3951 26.
331 3897 457 3945 Tota
481 3897 565 3945 die
586 3897 869 3944 miseretur
898 3901 943 3943 et
972 3895 1289 3943 commodat.
1339 3894 1459 3943 Hoc
1476 3894 1595 3955 jam
1627 3905 1726 3943 ex-

115 3970 382 4035 positum
432 3972 537 4019 est.
587 3969 739 4018 Bene
781 3970 976 4017 autem
1023 3965 1186 4027 dixit,
1223 3964 1553 4023 Commodat,
1590 3966 1727 4027 quia

115 4043 285 4106 quod
312 4043 612 4106 dispensat
635 4042 743 4091 sibi
766 4040 943 4101 reddi,
962 4053 1079 4091 non
1095 4052 1128 4089 a
1147 4051 1414 4103 paupere,
1442 4038 1541 4089 sed
1566 4050 1598 4087 a
1613 4040 1725 4089 Deo

113 4117 411 4178 expectat.
436 4114 595 4165 Unde
620 4112 882 4177 protinus
898 4112 1187 4174 adjungit:
1215 4111 1467 4178 Etsemen
1494 4109 1641 4157 illius
1665 4110 1727 4156 in

115 4173 488 4235 benedictione
514 4173 855 4234 erifSemen
895 4173 1039 4246 justi
1072 4173 1211 4231 sunt
1252 4173 1424 4243 oper'a
1452 4180 1617 4240 bona,
1654 4178 1726 4229 de

113 4257 342 4319 quibus
367 4255 677 4319 Apostolus
702 4253 1096 4316 dicit,Bonum
1115 4256 1309 4302 autem
1328 4249 1597 4319 facientes
1612 4262 1726 4319 non

113 4318 487 4383 deficiamus,
530 4330 786 4385 tempore
826 4323 977 4373 enim
1002 4334 1108 4372 suo
1139 4325 1426 4370 metemus
1460 4318 1594 4382 (Gal.
1629 4318 1721 4382 6.).

111 4399 326 4460 Itaque
349 4396 487 4446 dum
514 4400 738 4459 tempus
755 4394 1052 4452 habemus,
1076 4391 1170 4445 ait,
1191 4402 1491 4455 operemur
1507 4390 1722 4439 bonum

111 4467 195 4519 ad
221 4478 444 4517 omnes.
484 4468 554 4516 Et
577 4467 802 4527 iterum,
828 4466 931 4524 Qui
957 4475 1125 4527 parce
1152 4461 1415 4522 seminat,
1460 4472 1627 4524 parce
1665 4466 1724 4511 et

112 4543 337 4590 metet:
366 4541 423 4588 et
445 4540 537 4598 qui
565 4536 811 4587 seminat
833 4536 891 4585 in
913 4533 1426 4592 benedictionibus,
1452 4532 1521 4582 de
1547 4531 1723 4581 bene-

110 4608 476 4660 dictionibus
501 4609 558 4658 et
589 4610 765 4658 metet
794 4605 864 4669 (‘2.
893 4606 1012 4655 Cor.
1040 4604 1130 4666 9.).
1158 4605 1301 4653 Hinc
1325 4601 1457 4652 alibi
1483 4602 1717 4652 dicitur:

1891 3326 1977 3381 3L
2005 3327 2112 3375 Lex
2136 3325 2232 3374 Dei
2252 3325 2366 3389 ejus
2390 3326 2450 3373 in
2474 3325 2627 3375 corde
2655 3325 2842 3390 ipsius.
2860 3327 3088 3379 Habent
3111 3330 3168 3380 et
3195 3331 3425 3393 reprobi

1826 3396 2133 3461 aliquando
2149 3396 2332 3460 legem
2356 3397 2475 3459 Dei,
2495 3396 2596 3447 sed
2614 3397 2672 3447 in
2684 3410 2779 3448 ore
2796 3402 3041 3458 tantum,
3055 3400 3238 3450 nonin
3255 3404 3422 3454 corde.

1824 3470 2014 3519 Verba
2038 3468 2138 3517 Dei
2163 3467 2473 3531 proferunt,
2494 3479 2599 3517 nec
2626 3472 2816 3518 tamen
2841 3468 3117 3532 diligunt:
3134 3468 3425 3523 laudando

1825 3542 2193 3602 exaggerant,
2207 3537 2456 3588 vivendo
2468 3537 2707 3588 calcant.
2721 3541 2843 3599 Quo
2856 3541 3258 3603 contrajustus
3272 3557 3284 3591 :
3299 3546 3423 3602 quid

1823 3611 2064 3661 verbum
2082 3609 2185 3660 Dei
2198 3612 2256 3659 et
2270 3608 2600 3659 meditando
2614 3607 2812 3672 diligit,
2828 3610 3182 3673 etdiligendo
3193 3616 3423 3673 complet,

1823 3681 2026 3731 merito
2065 3680 2283 3730 dictum
2322 3684 2430 3741 est,
2477 3680 2587 3728 ιω)
2615 3680 2709 3728 Dei
2730 3680 2843 3743 ejus
2866 3681 2926 3729 in
2950 3682 3103 3730 corde
3140 3683 3326 3746 ipsius.
3355 3686 3425 3735 Et

1825 3752 1960 3815 quid
1996 3751 2048 3802 ei
2074 3750 2348 3813 prodest?
2365 3750 2645 3812 sequitur,
2672 3754 2729 3800 et
2751 3750 2918 3802 dicit:
2944 3751 3013 3799 Et
3030 3767 3137 3800 non
3155 3754 3424 3817 supplan-

1824 3822 2085 3870 tabuntur
2106 3834 2315 3885 gressus
2357 3820 2491 3884 ejus.
2538 3820 2767 3871 Liberat
2814 3822 2886 3872 ab
2931 3823 3088 3872 omni
3114 3825 3425 3876 tentatione

1825 3893 2067 3943 verbum
2102 3892 2203 3942 Dei
2241 3892 2300 3941 in
2324 3890 2493 3941 corde
2518 3907 2529 3937 :
2560 3890 2714 3941 unde
2737 3890 2872 3941 alibi
2895 3891 3105 3943 dicitur
3129 3908 3141 3942 :
3170 3896 3231 3943 In
3252 3896 3423 3947 corde

1824 3975 1953 4013 meo
1974 3961 2250 4013 abscondi
2275 3962 2502 4023 eloquia
2526 3963 2641 4017 tua,
2658 3966 2723 4011 ut
2746 3975 2861 4012 non
2886 3976 3113 4025 pecorm
3132 3964 3233 4013 tibi
3258 3966 3419 4026 (Psat.

1830 4031 1984 4094 118.).
2031 4034 2241 4082 Tecum
2288 4034 2395 4094 est,
2441 4032 2610 4094 cujus
2634 4032 2875 4082 verbum
2899 4045 2933 4081 a
2963 4036 3017 4083 te
3048 4047 3165 4085 non
3189 4036 3417 4087 recedit.

1824 4103 1970 4163 Quid
2015 4108 2211 4154 autem
2267 4102 2399 4151 mali
2451 4102 2683 4164 patitur,
2734 4115 2904 4165 quem
2941 4105 3420 4157 custoditDeus?

1823 4175 1969 4223 Nam
1995 4173 2126 4223 vide
2150 4171 2287 4234 quid
2314 4172 2576 4232 sequitur
2600 4186 2612 4221 :

1886 4243 1973 4296 32.
2003 4242 2317 4292 Considerat
2348 4247 2590 4304 peccator
2624 4241 2850 4304 justum.
2891 4243 2961 4293 Ut
2993 4255 3124 4293 eum
3150 4245 3260 4305 {Eat
3277 4245 3413 4305 eod.,

1821 4313 1967 4377 ibid)
1997 4311 2343 4375 supplantet,
2370 4313 2413 4373 t~j
2426 4324 2607 4373 usque
2631 4311 2966 4373 detorqueat
2984 4324 3239 4375 gressus.
3268 4314 3414 4365 Dicit

1823 4384 1978 4447 quod
2009 4384 2067 4432 in
2091 4381 2233 4431 libro
2269 4381 2574 4443 Sapientim
2597 4381 2936 4443 praedictum
2960 4386 3067 4442 est,
3092 4383 3293 4432 Gravis
3320 4390 3413 4435 est

1821 4454 1989 4505 nobis
2023 4453 2195 4503 etiam
2224 4451 2297 4500 ad
2331 4449 2664 4509 videndum,
2710 4451 2979 4512 quoniam
3004 4452 3299 4502 dissimilis
3322 4458 3415 4504 est

1820 4525 1945 4576 allis
1970 4524 2085 4574 vita
2109 4522 2292 4587 ipsius
2324 4522 2474 4585 (Scip.
2502 4520 2593 4583 (2.).
2635 4521 2699 4569 Et
2726 4521 2840 4568 ideo
2875 4526 3063 4584 quaerit
3088 4525 3414 4586 morti/imre

1819 4595 2202 4645 eum.Duobus
2215 4592 2402 4643 modis
2419 4591 2977 4654 quteritmortificare
2994 4593 3212 4644 bonum
3229 4597 3411 4645 malus.

112 4678 361 4732 Eundes
376 4679 535 4728 ibant
550 4682 606 4729 et
626 4662 840 4729 flebant
858 4662 1151 4727 mittentes
1167 4674 1389 4725 semina
1404 4684 1511 4723 sua
1535 4672 1715 4735 (Psal.)
1743 4675 1799 4746 D
1823 4669 2075 4746 l_’ri_mum
2089 4669 2154 4746 ut
2169 4665 2218 4714 ei
2242 4662 2581 4723 consentiat.
2599 4667 2656 4746 (ἓξ
2674 4662 2753 4712 Sic
2766 4663 3207 4746 Occiflateumip
3222 4667 3415 4746 anima.

114 4748 289 4813 125.).
316 4747 659 4799 Audivimus
681 4760 879 4799 semen
911 4763 922 4797 :
949 4746 1254 4797 audiamus
1280 4745 1455 4807 hujus
1480 4743 1717 4793 seminis

111 4819 377 4870 futuram
396 4818 870 4869 benedictionem.
887 4816 1194 4867 Venientes
1214 4822 1374 4862 autem
1390 4817 1588 4861 venient
1604 4827 1719 4860 cum

109 4888 475 4942 exultatione
506 4894 799 4952 portantes
828 4886 1149 4951 manipulos
1183 4898 1322 4935 suos
1360 4883 1549 4948 (Ibid).
1579 4882 1720 4933 Vide

108 4972 258 5024 ergo
286 4960 442 5023 quod
468 4960 745 5023 sequitur,
770 4963 827 5009 et
853 4958 966 5009 noli
1002 4969 1129 5008 esse
1170 4956 1346 5020 piger.

180 5030 272 5084 ‘27.
305 5031 529 5079 Dech'na
553 5045 589 5079 α
608 5030 771 5089 malo,
795 5035 841 5077 et
854 5030 943 5091 [ac
966 5027 1183 5076 bonum.
1204 5027 1434 5078 Diverte
1455 5037 1488 5076 a
1503 5031 1719 5087 peccato,

105 5101 139 5152 f
139 5114 256 5164 uga
269 5101 580 5164 diabolum,
601 5113 840 5164 sequere
860 5102 1094 5161 bonum,
1118 5098 1183 5146 Et
1201 5097 1451 5146 inhabita
1478 5098 1533 5144 in
1559 5112 1721 5144 saecu-

108 5174 234 5222 lum
260 5172 454 5222 saeculi.
480 5172 629 5222 Ubi?
652 5172 712 5222 in
741 5170 1004 5231 Ecclesia,
1030 5170 1089 5219 in
1112 5169 1349 5229 unitate,
1377 5168 1436 5219 in
1460 5170 1718 5227 veritate,

104 5245 173 5296 in
201 5245 342 5306 Deo,
368 5244 428 5294 in
460 5248 616 5295 recto
646 5242 881 5306 judicio.

175 5312 268 5367 28.
296 5314 438 5372 Quia
462 5314 733 5362 Dominus
755 5317 905 5361 amat
927 5311 1225 5376 judicium,
1250 5309 1720 5371 idest,discretio-

106 5397 270 5448 nem,
298 5397 417 5447 qua
443 5388 740 5447 sep'iratur
772 5384 987 5434 bonum
1014 5395 1048 5433 a
1080 5381 1250 5445 malo,
1278 5381 1485 5431 falsum
1509 5393 1543 5431 a
1568 5392 1720 5443 vero,

109 5456 433 5519 temporale
448 5455 521 5504 ab
539 5459 772 5506 interno.
786 5454 855 5502 Et
870 5468 978 5503 non
999 5452 1325 5515 derclinquet
1347 5455 1554 5499 sanctos
1574 5465 1716 5510 suos,

106 5539 263 5589 quos
274 5524 611 5589 ﬂagellatad
626 5529 871 5588 tempus.
892 5525 954 5573 In
965 5529 1223 5572 aeternum
1242 5520 1717 5591 conserrvabuntur.

106 5594 250 5661 Ego,
276 5596 473 5659 inquit
515 5595 815 5655 Dominus,
854 5607 1000 5657 quos
1026 5605 1175 5649 amo,
1221 5603 1398 5654 arguo
1419 5594 1476 5640 et
1501 5590 1719 5653 castigo

105 5667 294 5731 (Prov.
323 5666 419 5729 3.).
441 5666 590 5716 Hinc
614 5666 823 5715 Paulus
834 5665 915 5716 ait
937 5664 1169 5715 :Omnis
1186 5661 1485 5725 disciplina
1500 5661 1558 5710 in
1570 5672 1719 5723 pra:—

107 5739 265 5789 senti
300 5750 423 5789 non
452 5736 680 5787 videtur
695 5748 826 5788 esse
852 5734 1062 5800 gaudii.
1090 5734 1191 5784 sed
1212 5732 1500 5783 maeroris:
1519 5735 1720 5794 postea

103 5814 310 5861 autem
354 5809 609 5859 fructum
644 5806 1078 5871 pacatissimam
1115 5803 1439 5855 exercitatis
1460 5815 1558 5866 per
1591 5814 1717 5852 eam

104 5880 315 5933 reddet
336 5877 592 5943 justitiaa
607 5876 784 5941 (Hebr.
814 5874 938 5939 12.).
962 5875 1096 5927 Ideo
1115 5874 1300 5926 sancti
1320 5873 1501 5927 viriad
1521 5878 1716 5935 tempus

1826 4737 2042 4788 Deinde
2077 4735 2125 4786 si
2148 4747 2266 4785 non
2302 4732 2678 4793 consenserit,
2704 4732 2912 4794 quaerit
2940 4736 3004 4784 ut
3032 4733 3255 4786 occidat
3277 4748 3412 4787 eum

1818 4808 1878 4859 in
1901 4819 2152 4870 corpore.
2182 4804 2289 4856 Sed
2313 4802 2451 4866 quid
2483 4803 2743 4865 sequitur
2764 4805 2789 4852 Ψ

1882 4878 1967 4932 33.
1984 4878 2252 4927 Dominus
2276 4880 2455 4924 autem
2468 4889 2580 4922 non
2602 4873 3065 4937 deretinqueteum
3080 4876 3141 4924 in
3158 4877 3411 4927 manibus

1818 4949 1948 5013 ejus.
1973 4949 2295 4998 Iiimitteret
2324 4945 2601 4995 Dominus
2619 4945 2844 5007 justum
2870 4957 3037 4996 suum
3062 4947 3120 4997 in
3145 4948 3412 4999 manibus

1820 5020 1996 5084 impii,
2044 5020 2093 5069 si
2121 5018 2283 5069 illum
2313 5017 2523 5068 faceret
2564 5016 2887 5067 consentire
2912 5030 3043 5067 cum
3068 5018 3260 5081 impio.
3288 5021 3412 5070 Non

1818 5090 1892 5139 ibi
1917 5094 2114 5141 autem
2139 5087 2613 5149 dimittitjustum
2631 5098 2820 5149 suum,
2848 5087 2948 5137 sed
2968 5087 3037 5138 de
3060 5100 3230 5139 carne
3246 5094 3412 5152 capta

1818 5161 2011 5213 educit
2052 5161 2304 5210 animam
2359 5158 2650 5208 invictam.
2705 5158 2771 5207 Et
2820 5156 2951 5208 licet
2995 5158 3313 5221 flagelletur
3354 5164 3412 5209 et

1818 5228 2393 5292 occidaturexterius,
2409 5241 2632 5292 semper
2644 5232 2837 5278 tamen
2857 5228 3178 5279 custoditur
3200 5231 3411 5278 interius

1818 5304 1924 5353 Nec
1949 5301 2231 5351 damnabit
2259 5314 2381 5348 eum
2404 5313 2527 5347 cum
2564 5298 2907 5362 judicabitur
2930 5298 3030 5348 illi.
3080 5299 3251 5360 Idest,
3276 5308 3411 5350 cum

1813 5373 2091 5438 judicium
2116 5370 2216 5419 flet
2239 5369 2309 5420 de
2343 5368 2454 5419 illo.
2474 5369 2687 5419 Omnes
2712 5368 2867 5418 enim
2896 5368 3255 5419 adstabimus
3277 5374 3412 5420 ante

1818 5441 2067 5497 tribunal
2091 5440 2314 5500 Christi,
2340 5445 2407 5490 ut
2426 5438 2538 5490 illic
2572 5439 2803 5503 recipiat
2831 5440 3232 5501 unusquisque
3255 5441 3412 5502 quod

1817 5528 1917 5580 per
1933 5523 2139 5575 corpus
2157 5510 2355 5580 gessit,
2375 5508 2495 5580 sive
2512 5509 2728 5580 bonum
2746 5507 2868 5559 sive
2886 5510 3072 5580 malum
3093 5508 3163 5571 (εὶ,
3192 5510 3311 5559 Cor.
3338 5508 3410 5572 δ.)

1819 5577 2057 5647 Quando
2077 5592 2212 5642 ergo
2228 5579 2299 5629 ad
2317 5577 2454 5629 illud
2460 5578 2740 5639 judicium
2766 5583 3004 5629 ventum
3018 5578 3201 5630 fuerit.
3226 5584 3285 5632 et
3306 5582 3414 5632 Do-

1819 5658 2009 5708 minus
2029 5650 2175 5716 justi
2204 5649 2293 5699 sui
2317 5661 2583 5699 caussam
2607 5649 2852 5700 audierit
2868 5665 2884 5697 :
2900 5652 3021 5712 jam
3042 5664 3157 5703 non
3183 5652 3415 5705 damna-

1819 5729 1917 5786 bit,
1949 5730 2007 5776 et
2032 5723 2081 5773 si
2108 5719 2276 5770 modo
2306 5719 2564 5769 damnari
2591 5720 2663 5770 ab
2696 5719 2929 5771 homine
2953 5722 3228 5773 videntur.

1882 5797 1967 5852 34.
2004 5793 2268 5854 Exspecta
2306 5789 2478 5851 igitur
2517 5789 2834 5851 Dominum,
2874 5792 2973 5852 qui
3001 5796 3053 5843 te
3080 5793 3408 5854 vindicabit,

1819 5873 1969 5923 teste
2005 5859 2301 5927 Apostolo,
2341 5857 2441 5921 qui
2463 5857 2572 5909 ait:
2599 5859 2736 5911 Mihi
2759 5859 3090 5925 vindictam,
3116 5866 3174 5915 et
3195 5877 3300 5927 ego
3323 5877 3414 5916 re-
