3908 6232
537 360 641 413 783

1588 358 1856 409 RUFINO
1889 356 2352 409 PRESBYTERO
2386 356 2776 408 ASCRIPTUS

3756 353 3840 407 78$

530 469 956 535 tribuam,dicit
977 468 1259 542 Dominus
1282 468 1450 542 (Rom.
1478 468 1605 542 12.)ξ
1640 470 1716 542 Iit
1748 469 1952 517 custodi
1982 469 2127 542 viam
2156 472 2207 542 Α
2223 468 2420 530 justus
2469 466 2816 542 periclitatur
2862 466 2924 523 in
2965 466 3480 542 tribulationibus_
3497 463 3699 542 ριειιν.
3734 464 3837 542 1οί”·,

527 545 658 606 ejus.
690 542 866 601 Idest,
892 553 1057 591 serva
1082 540 1368 590 mandata.
1396 540 1459 587 Et
1483 540 1737 588 exaltabit
1764 546 1823 589 te.
1862 542 1940 591 De
1979 540 2130 589 vitiis

528 617 601 666 ad
641 615 899 673 virtutes,
939 612 1009 662 de
1045 618 1282 662 terrenis
1324 611 1396 661 ad
1434 611 1703 662 caalestia.
1738 612 1800 659 Ut
1827 611 2131 660 hazreditate

529 687 715 749 capias
737 691 956 732 terram.
982 682 1143 732 Illam
1172 682 1389 732 scilicet
1417 694 1590 745 quam
1609 682 1710 732 tibi
1726 681 1921 733 nullus
1937 685 2131 729 auferre

530 757 752 820 poterit.
784 755 919 804 Cum
953 754 1216 818 perierint
1245 759 1558 816 peccatores,
1600 752 1813 803 videbis.
1855 752 1964 804 Sed
1999 764 2129 815 quae

528 828 707 891 gloria
717 827 876 889 justo
892 824 1158 886 erit,quia
1170 828 1528 886 pecmtorem
1545 825 1724 886 perire
1742 824 1992 874 videbit?
2005 826 2127 871 Cum

527 898 701 948 modo
728 896 885 947 videt
907 894 1156 957 aliquem
1177 905 1363 944 errare
1388 897 1444 943 et
1461 895 1662 956 perire,
1680 907 1870 944 nonne
1888 906 2131 957 percom-

524 968 856 1032 passlonem
888 965 1032 1016 solet
1064 964 1257 1015 dolere
1294 969 1353 1014 et
1388 977 1617 1027 gemere
1643 969 1667 1014 ?
1702 964 1812 1015 Sed
1837 964 1958 1026 jam
1991 968 2128 1013 tunc

529 1039 779 1090 auctoris
816 1037 906 1087 sui
939 1036 1183 1100 justitiaa
1216 1035 1580 1098 conjunctus,
1609 1040 1769 1085 tanta
1788 1034 2128 1086 rectitudine

525 1108 957 1170 constringitur,
975 1111 1039 1156 ut
1053 1105 1211 1156 nulla
1227 1106 1297 1155 ad
1316 1106 1591 1168 reprobos
1607 1105 2005 1169 compassione
2019 1120 2129 1152 mo-

526 1185 747 1232 veatur.
772 1179 1068 1229 Videbunt
1097 1189 1233 1240 ergo
1263 1176 1407 1239 justi
1433 1188 1634 1239 poenas
1664 1180 2046 1240 DCCC'ltOX'um,
2072 1180 2129 1225 et

525 1250 861 1315 gaudebunt
886 1248 1044 1310 (Psal.
1082 1247 1209 1309 57.),
1236 1247 1371 1309 quia
1395 1247 1537 1297 tales
1561 1261 1678 1298 non
1702 1251 1886 1298 erunt.
1924 1248 2047 1307 Qua
2067 1247 2126 1296 in

525 1335 585 1373 re
608 1320 907 1371 sciendum
926 1319 1187 1381 estquod
1201 1318 1568 1380 omnipotens
1581 1319 1739 1368 Deus
1752 1332 2026 1378 numquam
2044 1332 2127 1365 eos

526 1396 796 1448 creasset,
813 1403 958 1453 quos
980 1390 1040 1440 in
1057 1394 1337 1440 aeternum
1366 1390 1648 1451 perituros
1666 1388 2126 1451 praescissetmisi

525 1463 747 1525 aliquos
768 1474 840 1510 ex
865 1460 946 1510 eis
975 1472 1120 1511 usus
1132 1460 1311 1509 bonos
1330 1458 1712 1520 praevidisset.
1727 1462 1982 1518 Quorum
1999 1456 2128 1519 qui-

526 1536 660 1587 dem
695 1531 817 1602 |7|
851 1531 1125 1602 iniquitas
1144 1527 1479 1602 sicutmodo
1500 1528 1732 1591 prodest
1749 1528 1915 1602 bonis
1927 1527 1999 1602 ad
2020 1540 2126 1602 au-

525 1599 828 1670 gmentum
842 1600 1182 1659 sanctitatis,
1196 1599 1278 1650 sic
1292 1599 1735 1670 ipsorumpaena
1744 1599 1963 1649 eisdem
1975 1599 2127 1658 justis

525 1674 858 1740 proderitad
874 1673 1293 1723 incrementum
1312 1669 1702 1720 beatitudinis.
1722 1671 1862 1721 Nam
1875 1682 1947 1720 ex
1962 1683 2127 1740 repro-

522 1738 728 1798 borum
752 1744 1119 1795 damnatione
1131 1746 1484 1802 cognoscent
1498 1740 1680 1803 electi,
1695 1740 1831 1802 quid
1844 1752 1944 1803 per
1954 1738 2122 1803 justi-

526 1819 665 1870 tiam
680 1815 994 1868 meruerint
1008 1829 1019 1863 :
1035 1813 1170 1876 quia
1179 1825 1253 1862 ex
1266 1825 1372 1863 sua
1388 1811 1706 1862 salvatione
1719 1811 1985 1871 sentient,
1999 1812 2122 1870 quid

2230 542 2382 588 recte
2420 539 2795 600 subjunctum
2830 543 2956 590 est:
2992 539 3060 587 Et
3093 544 3359 602 protector
3391 533 3561 603 172
3585 550 3773 583 eorum
3795 536 3834 581 in

2231 613 2460 671 tempore
2501 608 2881 658 tribulationis.
2934 610 3076 659 Nam
3112 608 3226 659 nisi
3253 607 3462 659 ﬁdeles
3486 619 3646 657 suos
3664 606 3837 656 divina

2229 678 2414 729 virtus
2448 683 2787 743 protegeret,
2820 679 2951 743 quis
2977 684 3061 731 tot
3078 678 3274 743 jacula
3298 677 3732 739 tentationum,
3754 682 3833 727 aut

2230 752 2421 799 tantos
2441 753 2622 800 aastus
2648 750 2915 801 vitiorum
2941 750 3084 801 ferre
3113 750 3443 813 potuisset?

2291 819 2378 873 40.
2403 820 2472 868 Et
2495 820 2772 883 adjuvabit
2795 836 2879 869 eos
2906 821 3193 870 Dominus.
3218 819 3308 871 Ad
3343 817 3829 883 pugnandum,ad

2228 889 2371 940 bene
2396 892 2768 954 operandum.
2788 892 2855 939 Et
2880 890 3121 940 liberabit
3141 906 3244 939 eos.
3262 892 3312 941 A
3337 890 3829 941 tribulationibus.

2228 960 2295 1009 Et
2315 968 2459 1009 eruet
2482 976 2565 1010 eos
2589 978 2623 1010 a
2643 962 3021 1025 peccatoribus,
3048 961 3283 1025 quando
3310 960 3496 1011 ducet
3524 973 3633 1010 eos
3657 959 3726 1009 de
3748 960 3828 1009 hac

2228 1032 2363 1083 vita.
2408 1032 2475 1080 Et
2504 1032 2727 1080 salvabit
2769 1048 2871 1096 eos,
2919 1032 3246 1084 Salvatione
3274 1036 3591 1095 perpetua.
3622 1032 3829 1094 PrOptcr

2225 1102 2354 1165 hoc,
2372 1103 2514 1161 Quia
2536 1109 2881 1167 speraverant
2898 1104 2957 1153 in
2981 1119 3056 1152 eo.
3089 1102 3358 1164 Attende,
3385 1116 3421 1153 ο
3445 1102 3632 1153 miles
3652 1105 3828 1159 Christi,

2227 1179 2443 1238 quanta
2480 1176 2648 1225 faciat
2690 1188 2788 1239 pro
2822 1180 2880 1226 te
2918 1180 3055 1226 tuus
3090 1175 3427 1239 imperator.
3468 1177 3617 1237 Ipse
3647 1178 3732 1224 est
3755 1177 3829 1222 tua

2228 1244 2403 1309 salus,
2443 1249 2541 1297 tua
2575 1246 2868 1309 protectio,
2904 1252 3003 1297 tua
3026 1257 3204 1304 arma,
3241 1250 3342 1296 tua
3366 1245 3650 1295 liberatio
3675 1259 3690 1294 ε
3712 1248 3829 1294 utte

2224 1316 2318 1367 hic
2347 1321 2524 1380 regat,
2564 1316 2868 1379 custodiat,
2907 1322 2967 1368 et
2997 1316 3206 1368 deinde
3228 1316 3307 1367 ad
3331 1316 3530 1367 vitam
3572 1321 3823 1367 aeternam

2224 1387 2515 1451 perducat.

2462 1491 2825 1556 TITULUS
2873 1484 3193 1556 PSALMI
3223 1490 3602 1555 XXXVII.

2286 1604 2308 1649 1
2337 1598 2585 1647 Psalmus
2607 1598 2785 1647 David
2806 1599 2866 1647 in
2890 1599 3340 1648 remuneratione
3363 1597 3612 1648 sabbati.
3625 1598 3823 1645 Psalmus

2226 1664 2318 1709 ists
2355 1663 2590 1709 convenit
2634 1663 2786 1708 David
2830 1665 3099 1721 prophetas,
3134 1664 3214 1709 vel
3235 1662 3327 1708 alii
3359 1663 3663 1720 pcnnitenti,
3687 1663 3735 1707 in
3762 1675 3823 1707 re-

2222 1726 2575 1771 memoralione
2598 1730 2796 1771 aeternas
2818 1738 2869 1771 re
2888 1725 3026 1778 inici.
3054 1724 3141 1772 Sic
3163 1724 3302 1771 enim
3336 1725 3819 1782 interpretaturum-

2222 1789 2412 1845 liatum,
2439 1786 2489 1831 id
2514 1792 2603 1844 est,
2622 1786 2846 1847 requies.
2871 1787 2989 1833 Etin
3008 1787 3311 1845 hocpsalmo
3332 1788 3576 1843 materia,
3597 1786 3817 1845 pauitans

2229 1849 2445 1895 afﬂictus
2468 1849 2643 1894 multis
2667 1849 2901 1905 miseriis,
2924 1849 3199 1907 multisque
3221 1848 3499 1895 doloribus
3524 1862 3620 1907 pro
3634 1848 3818 1906 peculis

528 1901 627 1968 1"?!
649 1879 2124 1968 gratiam."E‘PBPi’FPEFIi1290‘1‘E‘E9?}0FS‘E’Efﬁiiﬁl‘f
2147 1876 2202 1948 Β
2229 1876 2445 1958 Silii???
2455 1876 3500 1968 5:521}?‘E‘im'iati‘iéi'ﬁiiié’v‘éiéﬁiiﬁ
3524 1876 3620 1957 ¹ἱὶῖ¹
3632 1876 3819 1955 ἓῖηὲἰὲ

529 1950 916 2011 adhaerebunt
948 1954 1164 2005 divinas
1198 1951 1461 2013 bonitati,
1485 1956 1703 2014 quanto
1727 1952 1854 2014 ejus
1876 1950 2123 2014 gratuito

524 2030 677 2081 dono
709 2033 767 2080 et
803 2039 903 2092 per
935 2024 1204 2076 meritum
1228 2035 1346 2074 non
1380 2023 1635 2073 sentient
1662 2033 1914 2085 pcenam,
1937 2024 1996 2092 et
2018 2021 2126 2092 im-

522 2101 789 2152 meritam
807 2091 1127 2163 percipient
1148 2094 1406 2159 gloriam.
1433 2092 1669 2155 Deinde,
1686 2104 1860 2154 quam
1877 2091 2034 2163 nulla
2049 2091 2125 2142 sit

520 2161 828 2235 impiorum
852 2166 1221 2232 prosperitas,
1248 2163 1534 2235 ostendit:
1559 2176 1694 2213 cum
1719 2164 1845 2235 subj
1858 2161 2057 2235 ungit:

585 2233 672 2296 35.
716 2241 839 2291 Vidi
876 2239 1113 2301 impium
1133 2234 1597 2299 superwallatum
1629 2238 1674 2281 et
1708 2233 1963 2281 eleuatum
1986 2233 2123 2281 sicut

526 2313 718 2365 Cedros
754 2309 967 2360 Libani.
1015 2307 1198 2370 [Vers.
1241 2304 1350 2368 36]
1386 2305 1453 2353 Et
1493 2304 1748 2363 transivi,
1787 2309 1833 2352 et
1868 2318 1978 2351 ecce
2008 2318 2119 2351 non

519 2389 659 2433 erat:
678 2380 1057 2446 qucesivieum,
1079 2384 1124 2425 ct
1148 2392 1261 2425 non
1280 2381 1352 2425 est
1368 2376 1616 2423 inventus
1636 2375 1779 2446 locus
1794 2375 1923 2446 ejus.
1944 2378 2121 2434 Super-

518 2444 810 2505 exaltatus
822 2455 879 2501 et
894 2449 1157 2500 elevatus
1174 2447 1321 2497 sicut
1334 2446 1550 2497 Cedrus
1566 2445 1765 2496 Libani
1788 2444 2010 2495 videtur
2024 2448 2118 2493 im-

517 2525 667 2589 pius,
682 2520 913 2586 quando
926 2518 1095 2589 corde
1113 2522 1365 2589 tumens,
1379 2521 1435 2567 et
1451 2516 1662 2589 virtute
1677 2518 1734 2566 et
1748 2517 1905 2589 gloria
1916 2524 2116 2589 cwteros

515 2584 689 2647 etiam
704 2584 862 2644 altos
886 2588 1087 2642 seaculi
1111 2586 1463 2652 prmoellens,
1489 2586 1741 2637 cernitur
1762 2587 1964 2637 elatus.
2005 2584 2114 2635 Sed

515 2666 564 2717 si
600 2666 793 2715 mente
829 2666 1112 2723 transeas,
1147 2663 1206 2709 et
1238 2657 1543 2722 diligenter
1566 2658 1717 2721 quod
1742 2657 2001 2708 futurum
2025 2661 2116 2707 est

513 2735 965 2795 animadvertas,
1001 2730 1227 2781 videbis
1265 2728 1449 2780 oculis
1479 2726 1628 2787 ﬂdei,
1664 2727 1820 2791 quod
1841 2727 1996 2778 nulla
2018 2727 2109 2786 sit,

511 2808 686 2858 etiam
710 2818 841 2855 cum
866 2802 1085 2866 aliquid
1110 2815 1238 2852 esse
1260 2801 1507 2862 videtur,
1532 2800 1728 2862 gloria,
1754 2798 1843 2849 vel
1860 2799 2112 2862 potentia

508 2877 688 2941 impii.
708 2878 897 2926 Locus
908 2885 1141 2937 quoque
1158 2873 1285 2941 ejus
1309 2883 1424 2920 non
1437 2870 1745 2930 invenitur,
1772 2881 1905 2941 cum
1921 2872 2108 2920 status

508 2939 647 3023 vitm
664 2946 969 3011 praesentis
989 2956 1089 3023 pro
1103 2940 1280 3023 nihil?
1297 2944 1678 3023 computatur.
1698 2941 1767 3020 Iit
1781 2939 1889 2989 hoc
1896 2954 1934 3023 ρ
1938 2942 2105 3023 uidem

505 3009 865 3070 incessanter
888 3013 1187 3075 contingit.
1217 3012 1360 3061 Nam
1384 3010 1556 3061 modo
1578 3010 1867 3061 cernimus
1887 3009 2105 3073 aliquas

506 3089 823 3142 honoribus
847 3092 901 3136 et
924 3082 1143 3135 divitiis
1166 3082 1387 3140 ﬂorere,
1412 3083 1467 3131 et
1486 3093 1619 3132 ecce
1637 3081 1801 3144 quasi
1817 3081 1875 3131 in
1891 3084 2102 3129 transitu

506 3166 682 3224 atque
701 3160 762 3209 in
786 3158 1076 3224 momento
1101 3152 1367 3224 videmus
1396 3152 1630 3224 eosdem
1647 3151 1894 3202 interire.
1910 3154 2046 3199 Unde
2061 3159 2108 3199 el

507 3221 784 3282 dicimus:
804 3227 1012 3277 Ubiest
1026 3223 1117 3274 ille
1129 3227 1153 3273 9
1170 3222 1269 3273 ubi
1288 3227 1447 3273 tanta
1461 3221 1641 3284 gloria
1654 3227 1676 3270 ?
1688 3224 2105 3273 tantmdivitiaa?

505 3307 667 3354 tanta
690 3297 981 3365 potentia?
1011 3297 1077 3346 Et
1106 3295 1462 3357 ingemimus
1486 3294 1775 3365 dicentesl
1805 3295 1930 3344 Heu
1965 3294 2103 3356 quia

503 3373 645 3425 nihil
666 3364 756 3423 est
779 3370 967 3420 homo.
988 3366 1098 3417 Sed
1127 3364 1592 3428 imperfectorum
1616 3369 1706 3415 est
1723 3364 1961 3426 gloriam
1985 3378 2101 3414 mo-

503 3443 669 3493 rituri
693 3443 753 3491 in
786 3440 911 3501 ipsa
932 3439 1118 3486 morte
1143 3434 1435 3496 despicere
1462 3448 1475 3483 :
1506 3438 1565 3483 et
1588 3438 1726 3484 tunc
1751 3434 1801 3483 ei
1826 3436 1998 3484 etiam
2019 3434 2099 3485 illi

502 3512 801 3573 derogant,
827 3507 926 3570 qui
959 3508 1107 3556 hanc
1130 3509 1187 3555 et
1213 3516 1397 3566 usque
1421 3504 1493 3553 ad
1520 3508 1764 3554 mortem
1789 3510 2098 3567 sequentes

500 3586 716 3633 amant.
745 3578 850 3638 Qui
883 3578 993 3628 hoc
1027 3576 1260 3639 quidem
1285 3574 1497 3625 rectius
1519 3580 1775 3637 agerent,
1810 3576 1859 3625 si
1882 3588 2013 3625 cum
2038 3576 2098 3627 in

497 3653 679 3715 gloria
699 3649 993 3701 hominem
1011 3646 1326 3707 cernerent,
1346 3648 1485 3695 tunc
1496 3646 1542 3707 ej
1554 3645 1927 3696 usinteritum
1942 3647 2099 3709 cogi-

502 3726 705 3779 tantes,
727 3722 1121 3771 transeuntem
1143 3719 1458 3779 potentiam
1475 3715 1756 3766 nihilesse
1774 3715 2096 3767 sensissent

498 3794 659 3843 Tunc
692 3792 948 3842 humana
977 3787 1143 3837 elatio
1178 3785 1473 3850 pensanda
1497 3791 1603 3850 est,
1626 3798 1801 3848 quam
1826 3786 1968 3836 nihil
2000 3787 2091 3851 sit,

495 3875 629 3913 cum
654 3874 782 3913 esse
813 3872 984 3923 super
1008 3864 1248 3909 caeteros
1279 3858 1651 3907 successibus
1676 3856 1915 3907 extollit.

559 3933 646 3987 37.
685 3931 902 3983 Custodi
939 3942 1075 3993 ergo
1111 3928 1497 3986 innocentiam,
1534 3933 1579 3975 et
1615 3928 1732 3976 vide
1771 3928 2092 3991 aequitatem,

495 4007 758 4068 quoniam
768 4006 894 4051 sunt
905 4002 984 4049 rel
992 4002 1041 4064 iq
1050 4001 1149 4048 uiae
1162 3998 1375 4048 homini
1386 3998 1508 4062 paci
1510 3999 1658 4061 [ἰδίου
1680 4003 1732 4047 In
1741 4002 1968 4047 nocentia
1980 4016 2092 4049 vera

494 4079 603 4138 est,
640 4086 774 4138 qua;
805 4086 911 4124 nec
938 4072 1047 4123 sibi
1069 4083 1175 4121 nec
1198 4070 1360 4121 alteri
1394 4074 1580 4121 nocet.
1607 4071 1746 4121 Haec
1769 4075 1858 4121 est
1879 4070 2089 4123 animae

493 4147 821 4209 thesaurus,
847 4155 1020 4207 quam
1043 4142 1261 4193 auferre
1286 4153 1513 4204 semper
1536 4141 1767 4192 molitur
1789 4141 2080 4193 inimicus.

492 4217 655 4269 Unde
678 4220 735 4268 et
756 4214 963 4267 suadet
985 4218 1209 4264 terrena
1220 4216 1505 4275 appetere,
1520 4217 1862 4274 prasentem
1878 4215 2086 4272 gloriam

492 4300 705 4351 amare,
737 4286 927 4337 carnis
961 4283 1354 4347 voluptatibus
1379 4282 1686 4333 deservire.
1711 4282 1968 4344 Equitas
2001 4282 2087 4333 di-

492 4364 704 4410 cuntur
750 4357 943 4408 divina
973 4354 1218 4416 eloquia.
1251 4355 1431 4404 Juxta
1458 4352 1610 4415 quod
1649 4353 1923 4415 scriptum
1956 4358 2082 4403 est:

491 4429 654 4491 Quod
699 4429 799 4479 tibi
835 4439 953 4479 non
977 4426 1068 4477 vis
1090 4425 1232 4486 fieri,
1267 4423 1394 4475 aliis
1418 4437 1486 4474 ne
1509 4423 1709 4474 feceris
1736 4422 1875 4487 (Tob.
1898 4423 1988 4486 4.).
2016 4425 2084 4475 Et

490 4512 622 4563 qum
657 4500 852 4562 vultis,
884 4502 951 4549 ut
974 4496 1184 4547 faciant
1209 4495 1374 4546 vobis
1397 4494 1681 4557 homines,
1712 4498 1769 4544 ct
1791 4506 1896 4544 vos
1922 4494 2087 4545 facite

486 4570 598 4620 illis
644 4571 789 4661 (lLuc.
960 4567 1219 4661 Eqpitas
1258 4570 1412 4661 sunt,
1452 4565 1587 4661 quiia
1616 4569 1674 4615 et
1716 4564 1868 4661 bona
1899 4565 2083 4661 bonis,
2107 4589 2167 4661 D

488 4645 547 4690 et
562 4640 713 4690 mala
725 4639 893 4689 malis
914 4637 1151 4688 retribui
1167 4635 1497 4700 praedicant.
1518 4636 1911 4686 Innocentiam
1927 4642 2086 4686 custo-

489 4709 627 4767 dire,
641 4714 773 4760 csta
794 4709 950 4759 vitiis
970 4708 1287 4770 etpeccatis
1303 4719 1366 4756 se
1382 4706 1815 4757 immaculatum
1833 4718 2081 4757 servare.

488 4780 835 4841 Equitatem
858 4778 1031 4841 videt,
1058 4778 1154 4840 qui
1177 4776 1415 4828 sollicite
1439 4781 1659 4840 pensat,
1691 4781 1749 4827 et
1768 4788 1900 4839 qum
1915 4789 1949 4827 a
1970 4778 2085 4827 Do-

487 4852 645 4900 mino
660 4849 957 4912 acceperit,
976 4853 1177 4911 etquae
1190 4849 1239 4899 ei
1252 4847 1576 4911 persolvere
1592 4847 1815 4898 debeat.
1835 4849 2081 4909 Quisquis

484 4920 596 4972 hoc
627 4922 765 4983 agit,
800 4924 921 4984 ipse
955 4922 1046 4971 est
1080 4920 1252 4969 homo
1288 4917 1598 4981 pacificus:
1624 4919 1794 4982 cujus
1824 4917 2080 4981 reliquiae

483 4996 652 5042 erunt
684 4990 1051 5052 incorruptio,
1086 4988 1509 5048 immortalitas,
1548 4989 1668 5038 vita
1689 4993 1921 5040 aeterna.

544 5060 632 5115 38.
667 5061 865 5125 Injusti
898 5065 1080 5109 autem
1112 5058 1466 5122 disperibunt.
1509 5058 1653 5119 Quia
1684 5060 1743 5109 in
1766 5071 2000 5122 corpore
2020 5064 2078 5112 et

478 5133 674 5183 anima
695 5132 1086 5183 destruantur.
1103 5128 1282 5178 Simul
1305 5127 1545 5190 reliquie
1568 5128 1865 5191 impiorum
1887 5129 2077 5178 interi-

477 5203 624 5255 bunt.
640 5203 797 5256 Sicut
815 5201 949 5251 alibi
975 5199 1185 5249 dicitur
1206 5211 1266 5248 in
1290 5198 1533 5261 psalmo.
1551 5199 1693 5249 Cum
1717 5199 1877 5251 dives
1902 5200 2076 5252 fuerit

475 5274 733 5333 homo,et
754 5284 886 5323 cuni
904 5268 1465 5332 multiplicatagloria
1482 5270 1628 5332 ejus,
1655 5283 1786 5320 cum
1805 5273 2068 5330 introierit,

475 5358 596 5397 non
612 5348 942 5396 sumeteam
957 5358 967 5389 :
982 5345 1040 5391 et
1052 5345 1260 5391 caetera
1274 5338 1433 5402 (Psal.
1452 5338 1579 5402 48.).
1594 5341 1920 5393 Introibunt
1934 5354 2070 5406 ergo

474 5415 785 5479 impiorum
834 5412 1111 5475 reliquiae,
1143 5410 1279 5474 quia
1315 5410 1437 5474 jam
1472 5410 1649 5463 nullm
1675 5417 1848 5481 erunt
1869 5424 2068 5464 eorum

472 5485 693 5537 divitim
715 5496 862 5548 quas
894 5486 1256 5534 amaverunt.

531 5556 617 5610 39.
647 5556 809 5606 Salus
831 5560 1011 5604 autem
1026 5553 1305 5617 justorum
1327 5568 1361 5602 a
1386 5552 1636 5604 Domino.
1664 5554 1854 5606 Prima.
1884 5553 2062 5618 salus,

468 5638 601 5688 quas
617 5627 689 5676 ad
711 5626 961 5676 animam
977 5626 1237 5688 pertinet,
1252 5636 1428 5687 quam
1444 5637 1478 5675 a
1496 5625 1731 5677 Domino
1747 5626 2069 5691 percipiunt

462 5696 626 5757 justi,
673 5700 765 5745 est
807 5695 1069 5745 remissio
1102 5700 1467 5758 peccatorum
1506 5708 1607 5759 per
1633 5697 1875 5760 gratiam
1909 5698 2061 5748 fidei.

467 5764 631 5832 Unde
654 5765 829 5813 etiam
848 5765 990 5826 justi
1006 5768 1160 5826 sunt,
1186 5766 1521 5828 quiajustus
1532 5780 1604 5817 ex
1621 5768 1732 5818 tlde
1745 5768 2061 5832 vivit(Rom.

466 5830 558 5895 1.).
585 5832 697 5883 Sed
716 5833 853 5896 quia
872 5834 1131 5885 nondum
1146 5835 1392 5897 perfecta
1405 5837 1617 5888 estista
1629 5837 1803 5903 salus,
1829 5846 1877 5888 et
1894 5830 2059 5889 adhuc

2224 1976 2360 2031 parte
2393 1978 2561 2018 narrat
2596 1972 2848 2018 miseriam
2883 1977 2930 2018 et
2961 1973 3288 2030 dejectionem
3337 1972 3586 2032 nimiam,
3628 1972 3711 2017 ubi
3748 1973 3818 2025 ait,

2224 2036 2369 2081 Miser
2401 2034 2560 2080 factus
2596 2047 2727 2082 sum.
2769 2035 2826 2082 In
2860 2034 3001 2079 tertia
3034 2039 3169 2093 parte
3194 2035 3441 2085 ostendit.
3478 2048 3539 2081 se
3578 2047 3817 2091 nunquam

2222 2098 2373 2143 Deum
2398 2095 2528 2141 inter
2553 2105 2620 2142 tot
2653 2096 2786 2142 mala
2819 2096 3098 2142 deseruisse
3129 2112 3140 2143 :
3168 2097 3254 2143 sed
3279 2109 3489 2154 semper
3513 2098 3571 2142 in
3597 2097 3706 2154 ipso
3724 2109 3817 2151 spe-

2221 2171 2373 2216 rasse,
2398 2162 2444 2203 et
2467 2171 2519 2203 se
2555 2158 2616 2203 ad
2648 2159 2876 2215 graviora
2900 2158 3186 2216 patiendum
3216 2164 3453 2217 paratum
3481 2160 3675 2205 esse.ln
3711 2170 3815 2201 con-

2219 2220 2443 2265 clusione
2464 2220 2602 2278 ponit
2625 2220 2874 2278 quandam
2895 2220 3249 2265 exultationem
3275 2221 3338 2266 de
3370 2221 3653 2278 impetrata
3670 2218 3813 2265 venia.

2219 2281 2434 2328 Intendit
2469 2294 2560 2327 nos
2581 2281 2997 2343 admonere,non
3023 2286 3077 2327 ut
3101 2281 3457 2339 intelligamus
3480 2283 3635 2343 (sicut
3664 2281 3816 2327 fecitin

2218 2344 2319 2389 alio
2339 2343 2670 2400 pasnitentiali
2686 2340 2913 2404 psalmo),
2930 2344 3013 2389 sed
3035 2349 3088 2388 ut
3096 2344 3202 2400 jam
3220 2345 3478 2402 patienter
3488 2340 3815 2390 'sustineamus

2216 2417 2529 2464 quacunque
2558 2406 2690 2451 mala
2724 2405 2786 2451 ad
2830 2406 3175 2465 purgationem
3204 2411 3532 2463 peccatorum
3561 2405 3815 2461 evenerint,

2215 2467 2425 2513 mm.
2615 2536 3017 2617 PSALMUS
3054 2552 3416 2617 XXXVII.

2273 2656 2325 2712 2.
2358 2658 2607 2722 Domine,
2644 2674 2711 2707 ne
2746 2658 2807 2707 in
2842 2659 3029 2721 furore
3054 2663 3145 2708 tuo
3168 2674 3380 2723 arguas
3406 2674 3515 2724 me,
3559 2675 3730 2724 neque
3761 2659 3811 2705 in

2211 2728 2301 2778 ira
2312 2735 2406 2778 tua
2426 2730 2692 2793 corripias
2704 2744 2800 2777 me.
2811 2730 2914 2780 Per
2929 2728 3180 2781 furorem
3194 2731 3529 2781 vehemens
3544 2732 3812 2791 indignatio

2209 2800 2436 2850 Domini
2457 2800 2811 2863 designatur,
2829 2812 2945 2861 qua
2966 2800 3193 2863 reprobi
3216 2800 3277 2850 in
3290 2801 3523 2863 judicio
3534 2810 3810 2862 urguentur.

2208 2870 2370 2921 Unde
2391 2870 2450 2921 in
2481 2870 2669 2921 furore
2692 2883 2799 2921 suo
2824 2870 3084 2921 dicturus
3110 2874 3201 2922 est
3219 2870 3333 2921 illis
3361 2872 3528 2933 (ante
3546 2877 3741 2923 tamen
3753 2869 3811 2920 de

2206 2942 2474 3004 operibus
2497 2940 2680 3004 bonis,
2695 2953 2827 3003 quae
2852 2940 3034 2992 facere
3056 2940 3474 3005 neglexerunt,
3501 2941 3812 2995 terribiliter

2202 3009 2547 3075 increpatis),
2574 3013 2657 3061 Ite
2671 3010 2956 3062 maledicti
2984 3012 3041 3061 in
3063 3012 3259 3074 ignem
3277 3016 3585 3064 aiternum
3616 3012 3805 3074 (Matth.

2208 3080 2334 3144 25.).
2370 3083 2433 3131 In
2470 3080 2659 3132 furore
2696 3081 2806 3132 hoc
2843 3085 3177 3145 arguentur,
3226 3084 3327 3145 qui
3351 3082 3542 3135 modo
3572 3089 3807 3147 tempore

2208 3152 2614 3204 misericordias
2638 3151 2710 3203 ad
2735 3152 3126 3215 paenitentiam
3147 3165 3265 3204 non
3293 3154 3704 3206 emolliuntur.
3723 3155 3809 3203 Per

2204 3222 2348 3274 iram
2373 3226 2565 3286 potest
2586 3222 2827 3286 intelligi
2852 3223 3202 3274 examinatio
3214 3223 3369 3287 ignis
3400 3224 3805 3289 Purgatorii,in

2202 3306 2318 3357 quo
2355 3294 2748 3357 corripiantur,
2792 3293 2890 3356 qui
2929 3293 3102 3344 modo
3148 3307 3323 3358 super
3366 3295 3801 3348 fundamentum

2201 3363 2863 3416 Christumint‘ructuosa
2878 3364 3188 3415 aadificant.
3216 3367 3599 3415 Detrimentum
3617 3370 3798 3429 quidem

2198 3436 2503 3498 patientur,
2532 3434 2633 3484 sed
2648 3433 2974 3485 salvierunt
2990 3450 3005 3482 :
3023 3435 3107 3485 sic
3125 3440 3319 3487 tamen
3336 3438 3515 3499 quasi
3535 3451 3641 3501 per
3654 3440 3798 3499 ignem

2199 3504 2267 3567 (1.
2298 3506 2417 3554 Cor.
2444 3503 2533 3566 3.).
2557 3504 2797 3555 Gravior
2819 3509 3016 3555 autem
3039 3505 3145 3556 erit
3165 3505 3259 3556 ille
3283 3506 3441 3569 ignis
3466 3505 3800 3571 quamquid-

2196 3576 2335 3638 quid
2361 3580 2549 3639 potest
2575 3575 2748 3627 homo
2771 3576 2827 3625 in
2850 3575 2959 3626 hac
2983 3575 3104 3626 vita
3128 3580 3388 3627 tolerare.
3422 3579 3522 3628 Ab
3550 3579 3661 3630 hac
3682 3590 3797 3641 ergo

2193 3647 2279 3697 ira
2295 3652 2350 3697 et
2361 3648 2547 3697 furore
2561 3646 2851 3709 paenitens
2866 3647 2975 3697 iste
3001 3651 3193 3697 tutum
3209 3660 3274 3697 se
3296 3660 3431 3698 esse
3448 3649 3797 3713 deprecatur.

2192 3718 2557 3781 prmtendens
2580 3717 2840 3767 miserias
2864 3717 3080 3768 multas
3102 3717 3316 3780 quibus
3334 3718 3463 3781 jam
3490 3721 3559 3770 in
3580 3721 3687 3772 hoc
3711 3731 3798 3770 ssn-

2193 3790 2322 3839 culo
2347 3788 2643 3852 afﬂigitur,
2667 3788 2866 3839 dicens
2894 3805 2904 3836 :

2254 3857 2305 3912 3.
2340 3859 2613 3917 Quoniam
2635 3859 2838 3922 sagittae
2860 3863 2961 3907 tuae
2982 3858 3167 3921 inﬂata:
3189 3863 3318 3907 sunt
3341 3859 3514 3909 mihi.
3548 3866 3599 3910 et
3616 3860 3795 3920 conﬁr—

2189 3929 2353 3977 masti
2364 3944 2525 3993 super
2538 3944 2617 3977 me
2630 3944 2858 3977 manum
2873 3929 3224 3991 luam.Quasi
3239 3929 3475 3993 sagittis
3492 3932 3718 3983 Domini
3731 3935 3795 3978 iu-

2189 3999 2424 4063 ﬂgimur
2435 3999 2668 4063 quando
2679 3998 2973 4051 doloribus
2985 4000 3592 4064 corporisetanimaaa
3606 4005 3791 4051 Domino

2188 4072 2418 4133 propter
2429 4074 2726 4133 peccatum
2740 4071 3126 4121 vulneramur.
3140 4071 3625 4133 Humanaquippe
3637 4075 3787 4120 ιηίωι

2185 4140 2319 4191 inde
2341 4145 2431 4192 est
2447 4141 2665 4205 punita,
2677 4140 2828 4191 unde
2840 4139 3139 4191 delectata.
3160 4141 3403 4191 Manum
3419 4148 3627 4194 autem
3640 4148 3787 4195 suam

2186 4212 2467 4262 Dominus
2509 4224 2681 4275 super
2715 4224 2824 4263 nos
2858 4212 3179 4274 confirmat,
3208 4212 3348 4274 quia
3372 4225 3553 4276 pana
3568 4215 3786 4278 peccati,

2188 4293 2304 4344 qua
2340 4282 2585 4345 primum
2610 4281 2903 4332 hominem
2928 4283 3232 4345 percussit,
3258 4282 3457 4334 adhuc
3474 4284 3785 4336 inhumano

2185 4364 2395 4414 genere
2413 4352 2700 4416 perdurat.
2738 4354 3031 4403 Intantum
3055 4364 3299 4404 manum
3311 4367 3487 4406 suam
3507 4369 3682 4420 super
3694 4367 3785 4406 nos

2186 4421 2562 4485 confirmavit,
2592 4422 2747 4485 quod
2780 4423 2953 4473 etiam
2988 4428 3213 4486 proprio
3238 4422 3384 4474 Filio
3424 4438 3541 4477 suo
3564 4439 3679 4478 non
3700 4440 3786 4491 pe-

2185 4494 2365 4555 percit
2390 4494 2557 4555 (Rom.
2584 4492 2675 4557 8.).
2701 4494 2889 4544 Prima
2912 4491 3145 4556 quidem
3169 4494 3483 4560 virtusest,
3511 4509 3589 4548 ne
3605 4510 3784 4561 perpe-

2187 4563 2317 4614 trati
2341 4563 2605 4627 debeant,
2627 4564 2809 4614 vitare
2834 4568 3086 4628 peccata.
3116 4565 3384 4616 Secunda
3408 4573 3616 4619 autem
3628 4571 3781 4616 saltem

2182 4637 2503 4697 perpetrata
2520 4634 2818 4698 corrigere.
2833 4633 2941 4685 Sed
2956 4634 3278 4699 plerunque
3294 4636 3506 4700 culpas
3520 4654 3623 4687 non
3633 4640 3780 4687 Solum

2181 4705 2551 4756 imminentes
2567 4705 2805 4756 minime
2819 4706 3087 4769 vitamus,
3113 4702 3263 4772 I73
3282 4710 3675 4759 verumetiam
3689 4720 3781 4758 nec

2181 4776 3323 4841 commissasagnoscimus.Etpeccatoris
3336 4792 3489 4826 mens
3500 4782 3780 4828 tantoaltius

2181 4847 2542 4905 tenebrascit,
2559 4851 2774 4910 quanto
2786 4860 2888 4897 nec
2902 4847 3177 4898 damnum
3193 4859 3319 4898 sua:
3332 4848 3780 4901 cascitatisintel-

2176 4915 2319 4979 ligit.
2345 4918 2508 4969 Unde
2534 4917 2926 4981 tltplerunque
2942 4918 3122 4969 divini
3141 4918 3775 4983 munerislargitatemt

2176 4987 2403 5051 culpam
2421 5000 2591 5051 paena
2607 4993 2898 5052 sequatur,
2914 4994 2970 5039 et
2983 4989 3207 5053 ﬂagella
3223 4988 3427 5040 oculos
3445 4992 3777 5052 delinquentis

2174 5058 2448 5121 aperiant,
2469 5071 2613 5122 quos
2626 5058 2771 5111 inter
2784 5060 2924 5111 vitia
2939 5062 3221 5111 securitas
3232 5061 3516 5113 caacabat.
3534 5063 3775 5125 Torpens

2175 5129 2386 5192 quippe
2410 5130 2640 5180 animus
2660 5131 3030 5194 percussione
3054 5132 3327 5194 tangitur,
3357 5136 3426 5182 ut
3462 5133 3769 5184 excitetur:

2173 5205 2460 5262 quatenus
2481 5201 2578 5263 qui
2590 5205 2805 5251 statum
2821 5214 2945 5252 sua:
2958 5202 3327 5253 rectitudinis
3339 5217 3559 5252 securus
3568 5205 3774 5265 perdidit

2170 5270 2417 5321 afﬂictus
2455 5271 2791 5335 consideret,
2834 5284 2950 5335 quo
2974 5274 3145 5335 jacet.
3187 5274 3321 5336 Ipsa
3353 5274 3638 5336 asperitas
3657 5285 3768 5325 cor-

2169 5341 2440 5392 rectionis
2464 5342 2621 5406 origo
2655 5343 2721 5393 fit
2741 5342 2996 5394 luminis.
3022 5343 3187 5394 Unde
3213 5349 3273 5394 et
3297 5344 3606 5397 subditur:

2232 5411 2281 5464 4.
2312 5411 2435 5460 Νοη
2480 5420 2553 5461 est
2594 5414 2803 5462 sanitas
2835 5414 2895 5461 in
2929 5429 3093 5463 carne
3119 5429 3240 5463 mea
3275 5431 3312 5463 a
3350 5415 3496 5477 facie
3528 5417 3619 5464 ira:
3652 5420 3755 5461 tua.

2168 5483 2392 5534 Etenim
2423 5484 2529 5545 (Ea:
2558 5484 2877 5547 Augustino)
2920 5490 3218 5549 portamus
3259 5497 3478 5550 corpus
3521 5484 3756 5540 mortale,

2166 5553 2401 5618 plenum
2429 5555 2838 5607 tentationibus
2854 5562 2911 5608 et
2925 5556 3751 5618 sollicitudinibus,obnoxium

2164 5624 2460 5678 doloribus
2494 5626 2884 5690 corporalibus
2921 5633 2979 5679 et
3018 5628 3378 5692 indigentiis,
3420 5626 3681 5680 mutabile
3701 5628 3751 5673 et

2161 5696 2523 5759 languidum,
2546 5697 2963 5749 medicamento
2980 5698 3269 5762 indigens.
3297 5700 3446 5750 Nam
3469 5699 3628 5750 famis
3644 5705 3750 5746 me-

2162 5768 2573 5833 dicamentum,
2590 5762 2754 5820 cibus
2774 5774 2892 5820 est:
2913 5770 3412 5822 medicamentum
3434 5771 3563 5821 sitis
3576 5772 3748 5830 estpo-

2162 5840 2257 5891 tus
2287 5856 2299 5889 :
2324 5840 2807 5892 medicamentum
2832 5838 3190 5905 fatigationis
3222 5845 3317 5893 est
3351 5854 3612 5894 somnus.
3644 5838 3739 5888 De.
