3908 6232
124 345 234 400 785

1140 347 1217 399 ΙΝ
1250 348 1574 402 PSALMOS
1607 348 1814 401 LXXV
1843 349 2424 404 COMMENTARIUS.

3333 351 3449 407 786,

124 460 428 540 trabeista
441 459 888 540 medicamenta,
896 459 1176 540 deﬁciunt
1185 460 1321 540 illa,_
1311 475 1443 540 quin
1459 463 1733 540 existunt.
1760 474 1816 540 Α
1841 463 1941 540 cit,
1961 464 2024 540 in
2041 463 2167 540 ipso
2191 476 2291 540 spe
2315 468 2371 516 et
2394 477 2587 518 amore
2602 468 2988 540 requiescunt.
3010 467 3081 518 Et
3099 470 3312 530 quanto
3323 468 3438 528 plus

123 532 239 584 Sed
267 531 430 583 unde
456 531 568 582 ista
592 533 845 594 patimur
863 535 891 581 ?
914 532 1140 582 Faciem
1163 532 1264 584 ira:
1285 533 1389 585 Dei
1412 534 1733 585 intuemur:

122 604 307 655 facies
331 604 537 653 autem
557 602 710 653 dicta
729 606 821 653 est
842 609 1074 667 propter
1096 604 1501 667 cognitionem,
1526 605 1659 669 quia
1679 606 1740 656 in

122 675 270 725 facie
283 673 553 724 solemus
570 672 835 724 homines
852 685 1216 736 cognoscere.
1230 676 1335 725 Per
1352 676 1739 739 cognitionem

122 757 264 796 vero
279 743 390 795 iraa
415 743 540 803 Dei,
566 742 633 794 fit
660 744 833 795 etiam
857 744 1107 808 cognitio
1123 745 1340 808 peccati
1376 747 1445 796 Et
1467 745 1593 797 ideo
1610 747 1741 797 sub-

124 816 249 867 dit:
306 815 446 864 Non
492 820 562 862 est
603 829 723 879 paa:
748 814 951 863 ossibus
977 815 1105 863 meis
1138 829 1173 864 a
1213 815 1353 878 facie
1401 822 1739 880 peccatorum

124 901 403 937 meorum.
431 886 539 937 Per
567 897 701 936 ossa
728 885 1128 949 intelliguntur
1150 887 1361 937 animae
1386 886 1566 937 fortia.
1597 889 1739 939 Ecce

122 960 364 1021 propter
392 960 634 1020 peccata
669 960 883 1018 nostra,
918 968 1050 1019 quae
1090 961 1228 1007 sunt
1264 969 1472 1008 caussa
1495 959 1595 1010 ira;
1621 959 1736 1019 Dei,

122 1027 316 1079 multa
340 1027 673 1091 patimurin
695 1028 973 1078 membris
994 1028 1264 1089 corporis,
1281 1027 1463 1078 multa
1486 1028 1544 1079 in
1568 1029 1741 1081 virtu-

124 1098 285 1149 tibus
315 1099 554 1150 animze.
587 1100 651 1148 In
675 1110 909 1161 corpore
940 1098 1134 1149 amisit
1148 1099 1319 1149 homo
1338 1098 1739 1162 sanitatem,in

123 1169 321 1221 anima
344 1167 601 1233 perdidit
623 1180 841 1232 pacem.
869 1169 1013 1231 Quia
1042 1169 1193 1220 enim
1218 1182 1352 1220 cum
1375 1172 1607 1222 auclore
1632 1185 1738 1222 suo

123 1238 487 1291 concordare
508 1238 881 1302 noluit,juste
905 1241 962 1290 et
982 1240 1043 1289 in
1067 1240 1257 1303 seipsa
1279 1239 1623 1291 discordiam
1648 1240 1740 1292 in-

122 1310 307 1361 venit.
325 1310 605 1372 Magnam
630 1321 829 1373 pacem
851 1322 986 1360 cum
1002 1311 1119 1361 Deo
1138 1310 1405 1372 habebat,
1430 1312 1662 1375 quando
1678 1312 1739 1363 in

123 1382 344 1432 aeterno
364 1381 587 1431 lumine
609 1381 734 1431 sine
757 1381 1204 1433 contradictione
1224 1382 1469 1446 alicujus
1497 1386 1738 1432 molestiae

124 1452 979 1504 indesinenterinhaarebatﬁed
995 1456 1299 1516 postquam
1312 1454 1599 1517 peccando
1611 1458 1736 1503 iram

124 1522 229 1573 Dei
252 1523 489 1582 meruit,
517 1535 652 1573 mox
686 1524 759 1574 ab
781 1521 878 1574 illa
901 1524 1066 1575 beata
1090 1524 1554 1577 immutabilitate
1583 1529 1738 1574 mise-

122 1593 381 1645 rabiliter
406 1605 704 1655 corruens,
723 1605 1072 1657 poenamque
1093 1595 1463 1647 mortalitatis
1479 1601 1539 1648 et
1554 1601 1740 1648 muta-

124 1663 363 1715 bilitatis
380 1663 707 1723 incurrens,
723 1676 920 1727 pacem
937 1666 1019 1727 (ut
1048 1664 1323 1729 diximus)
1348 1666 1561 1717 amisit.
1592 1669 1733 1719 Ecce

126 1734 277 1787 sicut
299 1747 443 1786 ossa
458 1746 718 1786 carnem:
748 1736 831 1785 sic
852 1735 1173 1799 prudentia,
1207 1738 1597 1801 temperentia,
1622 1740 1732 1790 for-

1841 534 2093 585 caalestia
2103 536 2376 597 cogitant,
2390 540 2548 586 tanto
2559 538 2743 601 magis
2754 551 2873 589 εει-ιι
2881 550 3075 589 mnam
3087 550 3268 590 suam.
3283 552 3435 597 quam

1839 605 2104 669 tolerant,
2164 605 2485 670 deplorant.
2549 608 2709 659 Unde
2761 609 2950 660 adhuc
2993 609 3103 660 iste
3147 608 3435 672 paenitens

1839 676 2037 726 subdit
2062 693 2073 724 :

1900 744 1952 799 8.
1973 746 2246 804 Quoniam
2272 746 2442 796 lumbi
2477 749 2583 796 mei
2606 749 2811 812 impleti
2848 756 2975 798 sunt
3003 749 3365 812 illusionibus,
3390 755 3436 799 et

1835 831 1949 865 non
1964 818 2258 865 estsanitas
2275 818 2337 865 in
2352 833 2516 866 carne
2530 833 2667 869 mea.
2682 820 3112 870 Tristitianobis
3133 820 3225 879 sit,
3251 820 3436 871 donec

1837 891 1893 938 et
1916 887 2108 938 anima
2131 892 2332 939 nostra
2355 892 2604 940 exuatur
2632 888 3015 952 illusionibus,
3032 895 3090 941 et
3109 903 3318 954 corpus
3342 902 3437 941 no-

1838 962 2021 1008 strum
2046 958 2322 1009 induatur
2352 959 2613 1010 sanitate.
2639 958 2741 1009 Illa
2769 964 2858 1009 est
2881 971 3020 1010 vera
3044 960 3279 1021 sanitas,
3302 972 3435 1022 quae

1836 1033 1929 1079 est
1944 1028 2301 1080 immortalis.
2328 1029 2461 1081 Ideo
2487 1030 2679 1094 posuit
2702 1030 2951 1090 lumbos,
2983 1030 3121 1093 quia
3140 1030 3200 1079 in
3224 1030 3435 1079 lumbis

1836 1104 1928 1149 est
1950 1100 2195 1150 carnalis
2228 1099 2511 1164 voluptas,
2546 1100 2699 1151 unde
2722 1099 3021 1151 illusiones
3044 1105 3435 1163 procreantur.

1837 1169 1947 1221 Sed
1971 1170 2102 1232 quis
2138 1172 2328 1234 potest
2364 1183 2721 1234 enumerare,
2759 1175 2901 1233 quot
2931 1176 2989 1221 et
3011 1170 3224 1233 quibus
3248 1170 3435 1219 modis

1834 1239 2029 1291 anima
2052 1240 2268 1304 repleta
2293 1241 2369 1292 sit
2390 1241 2759 1292 illusionibus
2781 1244 2809 1292 γ
2833 1244 2881 1292 Α
2898 1240 3040 1292 facie
3066 1240 3290 1292 illarum
3316 1240 3437 1291 illu-

1835 1310 2065 1360 sionum
2094 1310 2402 1374 aliquando
2439 1312 2540 1363 vix
2576 1324 2738 1363 orare
2780 1311 3147 1376 permittitur.
3175 1312 3338 1374 Saepe
3361 1310 3439 1361 ir-

1833 1385 2010 1431 ruunt
2032 1382 2427 1446 cogitationes,
2442 1395 2588 1445 quas
2600 1395 2717 1433 non
2729 1383 3048 1445 quaerimus
3065 1396 3077 1432 :
3098 1387 3155 1433 et
3166 1381 3437 1433 volumus

1835 1463 1908 1502 ex
1932 1451 2124 1502 hacin
2147 1451 2297 1503 hanc
2340 1453 2439 1511 ire,
2472 1457 2530 1504 et
2574 1454 2648 1503 ab
2671 1452 2767 1503 illa
2788 1453 2849 1503 in
2880 1451 3033 1503 illam
3068 1453 3310 1503 transire
3341 1469 3351 1500 :
3378 1456 3439 1503 et

1834 1521 2147 1584 aliquando
2174 1522 2263 1573 vis
2279 1523 2461 1575 redire
2472 1523 2545 1574 ad
2566 1523 2642 1585 id,
2657 1523 2812 1587 quod
2826 1523 3137 1587 cogitabas,
3163 1527 3221 1573 et
3244 1522 3439 1573 dimit-

1835 1597 1953 1644 tere
1978 1593 2131 1656 quod
2146 1594 2383 1657 cogitas,
2407 1607 2514 1645 nec
2538 1593 2838 1658 praevales,
2865 1593 3090 1645 etaliud
3114 1594 3216 1644 tibi
3236 1607 3437 1645 occur-

1834 1665 1923 1715 rit.
1943 1664 2042 1714 Vis
2059 1664 2360 1721 recordari,
2382 1664 2534 1726 quod
2552 1663 2766 1715 oblitus
2782 1676 2928 1727 eras,
2946 1669 3131 1715 etnon
3154 1664 3254 1714 tibi
3277 1664 3437 1715 venit

1829 1734 1889 1784 in
1912 1738 2184 1797 mentem,
2208 1738 2267 1786 et
2290 1735 2447 1786 venit
2484 1735 2677 1798 potius
2705 1735 2881 1798 aliud,
2909 1734 3064 1797 quod
3093 1735 3351 1794 nolebas,
3376 1739 3435 1785 et

128 1804 581 1898 titudoz‘justiua
603 1805 891 1898 sustinent
910 1810 1195 1898 mentem:
1205 1807 1326 1898 Sed
1351 1807 1729 1898 eidem‘menti
1750 1825 1804 1898 B
1835 1810 2263 1898 occurrunt‘pro
2278 1806 2821 1898 eoinnumerabilia,
2832 1818 2979 1898 quae:
2995 1817 3111 1898 non
3134 1807 3435 1898 quaereban-

125 1875 296 1927 modo
312 1876 552 1939 ignavia
575 1876 849 1939 subrepit,
874 1879 931 1927 et
954 1877 1273 1940 prudentia,
1300 1878 1729 1942 frigescitznam

128 1959 257 1998 cum
278 1948 436 1998 fessa
448 1950 653 2012 torpet,
671 1951 918 1999 ventura
940 1960 1056 1999 non
1068 1961 1170 2012 pro
1179 1949 1352 2001 videt.
1374 1951 1541 2002 Modo
1553 1952 1731 2004 menti

128 2017 428 2069 delectatio
448 2018 722 2082 subrepit,
750 2022 807 2069 et
819 2020 1197 2082 temperantia
1208 2019 1466 2083 frigescit
1483 2040 1495 2070 :
1510 2024 1731 2083 inquan-

128 2092 248 2139 tum
268 2089 424 2140 enim
441 2089 518 2140 ad
544 2088 983 2140 delectationem
996 2093 1353 2140 terrenorum
1368 2090 1652 2154 ducimur,
1670 2093 1732 2143 in

130 2162 349 2210 tantum
374 2160 573 2210 minus
589 2160 660 2210 ab
677 2158 888 2210 illicitis
912 2164 1315 2224 temperamur.
1342 2162 1666 2224 Aliquando
1677 2178 1731 2211 se

129 2229 292 2281 timor
334 2231 496 2282 cordi
532 2230 807 2294 insinuat,
843 2233 902 2281 et
941 2230 1091 2282 vires
1126 2236 1344 2284 nostrae
1378 2232 1730 2285 fortitudinis

126 2301 316 2352 turbat
333 2318 344 2349 :
360 2304 419 2352 et
435 2313 505 2353 eo
535 2301 788 2352 minores
803 2304 1005 2352 contra
1026 2301 1272 2353 adversa
1286 2302 1610 2369 existimus,
1628 2321 1729 2366 quo

126 2370 387 2432 quaedam
404 2371 642 2436 perdere
658 2370 1096 2422 immoderatius
1114 2371 1320 2424 dilecta
1336 2373 1725 2427 formidamus.

125 2441 553 2505 Nonnunquam
576 2453 714 2492 vero
726 2452 887 2492 amor
898 2454 1037 2492 suus
1056 2454 1117 2493 se
1137 2443 1550 2507 mentiingerit,
1569 2457 1728 2497 eam-

126 2522 233 2573 que
258 2512 459 2562 latenti
501 2523 664 2562 mora
692 2523 727 2561 a
759 2511 1100 2563 rectitudine
1124 2512 1370 2575 justitiee
1395 2513 1645 2577 divertit,
1672 2517 1729 2567 et

127 2592 237 2643 quo
262 2593 324 2632 se
348 2584 532 2632 totam
549 2581 768 2633 auctori
785 2582 1019 2632 reddere
1038 2581 1295 2646 negligit,
1318 2584 1457 2635 eoin
1475 2598 1537 2635 se
1557 2586 1726 2650 justi-

128 2650 220 2703 tiae
233 2652 361 2715 jure
387 2653 746 2704 contradicit.
772 2653 989 2704 Turbat
1012 2666 1242 2717 quoque
1266 2655 1476 2706 animae
1501 2657 1727 2720 sapien-

126 2721 253 2772 tiam
267 2722 532 2787 stultitia,
549 2723 1227 2787 intellectumlhebetudo.
1254 2725 1553 2777 consilium
1578 2740 1726 2792 prae-

131 2792 394 2857 cipitatio,
422 2793 817 2845 fortitudinem
842 2793 1029 2854 timor,
1043 2794 1344 2846 scientiam
1377 2796 1721 2863 ignorantia,

128 2863 377 2915 timorem
411 2865 703 2929 superbia.
751 2865 973 2915 Rursus
1028 2864 1087 2917 in
1132 2865 1301 2916 corde
1351 2878 1451 2930 per
1500 2868 1723 2931 ﬂagella

126 2933 379 2985 turbatur
419 2935 649 2997 caritas,
695 2947 796 2999 per
814 2934 1176 2987 formidinem
1220 2937 1545 2988 concutitur
1568 2952 1720 3002 spes,

127 3014 220 3066 per
247 3007 603 3068 quaestiones
645 3004 911 3069 pulsatur
938 3005 1102 3058 fides.
1132 3008 1203 3057 Et
1231 3007 1366 3070 quia
1398 3007 1719 3060 innumeris

127 3075 301 3124 modis
326 3077 636 3127 turbantur
659 3075 903 3127 virtutes
919 3088 953 3126 a
969 3077 1126 3127 vitiis
1137 3080 1196 3127 et
1212 3077 1478 3139 peccatis,
1492 3078 1716 3130 dicatur

125 3146 284 3203 recte,
316 3146 439 3195 Non
481 3152 553 3194 est
584 3161 703 3211 paac
731 3146 932 3195 ossibus
975 3148 1108 3195 meis
1139 3163 1175 3196 α
1216 3148 1356 3211 facie
1374 3155 1714 3213 peccatorum

126 3227 374 3268 meorum.
400 3219 520 3269 Nec
545 3218 653 3269 hoc
676 3217 909 3280 mirum,

180 3283 227 3337 5.
254 3286 525 3344 Quoniam
541 3288 601 3335 in
619 3288 845 3352 quitates
872 3303 997 3337 mea:
1023 3303 1369 3352 supergressa:
1389 3295 1515 3338 sunt
1543 3296 1704 3355 caput

125 3367 307 3405 meum.
331 3358 393 3408 Id
417 3363 511 3409 est
534 3358 965 3423 praevaluerunt
984 3360 1165 3409 menti
1181 3371 1346 3419 meae,
1372 3373 1505 3423 quae
1529 3363 1708 3412 estin-

127 3426 333 3478 terioris
356 3428 609 3480 hominis
647 3433 839 3493 caput.
884 3430 1032 3493 Ipsm
1060 3434 1215 3491 sunt,
1260 3442 1392 3492 qua:
1416 3433 1709 3495 captivant

126 3502 361 3548 mentem
388 3500 447 3550 in
468 3498 596 3563 lege
616 3498 837 3564 peccati
860 3503 919 3550 et
953 3500 1156 3550 mortis
1190 3501 1359 3561 (Rom.
1382 3501 1471 3564 7.).
1499 3502 1566 3550 Et
1606 3504 1709 3551 sic-

126 3569 179 3611 ut
208 3580 339 3616 onus
359 3584 540 3633 grave,
566 3576 799 3634 gravata.v
819 3576 947 3618 sunt
977 3584 1140 3635 super
1176 3586 1275 3621 me.
1304 3571 1533 3622 Nullum
1558 3585 1707 3624 onus

128 3637 233 3685 tam
260 3650 429 3701 grave
445 3645 637 3704 potest
653 3652 801 3702 esse,
824 3651 1000 3703 quam
1027 3640 1298 3703 iniquitas
1317 3658 1330 3691 :
1349 3643 1513 3706 cujus
1529 3647 1707 3704 gravi-

129 3709 290 3777 tatem
307 3710 380 3760 illi
404 3711 511 3763 soli
549 3711 825 3771 sentiunt,
844 3714 940 3774 qui
984 3708 1132 3777 |74
1169 3724 1294 3763 eam
1311 3713 1594 3777 deponere
1616 3728 1707 3764 cu-

127 3776 294 3846 piunt.
321 3782 444 3833 Non
460 3783 615 3833 enim
629 3782 825 3846 gravis
838 3781 916 3832 illi
939 3776 1184 3843 videtur,
1211 3784 1310 3846 qui
1324 3776 1512 3835 adhuc
1524 3786 1582 3835 in
1611 3785 1707 3836 illa

127 3845 441 3903 delectatur.
471 3854 579 3912 Qui
603 3845 741 3904 vero
765 3852 922 3903 illam
947 3845 1247 3917 deponere,
1273 3860 1330 3905 et
1352 3860 1603 3906 mentem
1632 3856 1705 3907 ad

127 3917 361 3971 caelestia
386 3922 688 3974 sublevare
712 3924 946 3987 appetit,
965 3928 1250 3986 quantum
1266 3937 1414 3975 onus
1426 3926 1502 3976 sit
1521 3928 1707 3988 iniqui-

130 3988 225 4058 tas,
244 3993 426 4043 sentit.
442 3995 586 4045 Cum
610 3994 803 4044 labore
832 3993 1090 4057 erigitur,
1115 3995 1299 4045 libens
1315 3997 1469 4058 jacet
1487 4015 1500 4046 :
1518 3998 1590 4047 ab
1613 3998 1704 4048 in-

126 4054 294 4127 firmis
310 4062 409 4113 vix
428 4064 674 4124 levatur,
692 4069 751 4115 et
773 4054 964 4115 tamen
981 4054 1205 4116 elevata
1228 4054 1488 4127 protinus
1501 4069 1699 4116 labitur.

125 4126 484 4200 Semetipsam
508 4135 791 4187 laboriose
804 4136 1107 4197 vincendo,
1122 4126 1371 4198 superna
1394 4137 1701 4200 conspicit:

127 4198 483 4270 sedpondere
518 4206 744 4270 prOprio
767 4208 1024 4269 gravata,
1054 4206 1115 4256 in
1156 4207 1403 4269 seipsam
1426 4198 1700 4257 continuo

127 4267 283 4340 cadit.
307 4274 467 4328 Unde
501 4267 692 4328 adhuc
717 4267 979 4340 adjungit
1004 4267 1015 4325 ἐ

158 4335 586 4416 .6.Putruerunt,
603 4352 650 4395 et
684 4335 949 4410 corrunt
977 4350 1106 4394 sunt
1130 4344 1397 4393 cicatrices
1426 4359 1553 4394 mea
1576 4346 1701 4409 afa-

124 4410 525 4486 fieinsipientiae
553 4432 696 4468 meae.
729 4420 833 4469 Per
861 4416 1299 4468 similitudinem
1335 4416 1551 4467 dictum
1589 4424 1696 4469 est.

282 4476 426 4537 sicut
448 4488 744 4539 cicatrices
768 4490 1112 4552 putrescunt
1125 4486 1301 4551 prius,
1320 4492 1518 4550 postea
1545 4500 1701 4538 rum-

125 4552 265 4622 pitur
293 4566 419 4607 caro
445 4575 455 4607 :
505 4559 587 4609 sic
618 4563 852 4622 peccata
888 4563 1091 4610 sanata
1113 4559 1171 4608 in
1202 4558 1565 4621 baptismate,
1592 4572 1697 4622 pu-

128 4618 381 4683 trescunt,
408 4618 640 4691 quando
656 4635 1010 4680 renovantur
1024 4630 1085 4679 in
1103 4618 1413 4680 voluntate.
1430 4618 1697 4681 Corrum-

123 4696 322 4764 puntur
338 4703 550 4757 autem,
570 4700 801 4763 quando
813 4712 879 4750 ea
888 4712 1224 4751 exercemus
1239 4700 1298 4749 in
1313 4712 1501 4764 Opere.
1516 4701 1583 4750 Et
1600 4704 1693 4749 hoc

124 4755 223 4836 lita
243 4763 375 4818 facie
400 4755 745 4835 insipientiae
761 4777 997 4834 nostras,
1014 4771 1069 4821 id
1098 4775 1187 4821 est
1203 4755 1433 4835 propier
1452 4773 1694 4832 insipien-

126 4830 266 4910 Ῑέξᾶφ,
290 4848 418 4898 quae
439 4830 609 4892 nobis
632 4854 888 4905 praisens
899 4830 1006 4892 est.
1025 4830 1247 4902 Quanto
1271 4830 1425 4892 enim
1442 4830 1572 4905 plus
1596 4841 1695 4892 de-

127 4908 366 4969 SIPlutus,
410 4914 567 4962 tanto
613 4912 861 4975 amplius
914 4912 1199 4976 putredini
1244 4917 1302 4963 et
1344 4912 1695 4976 corruptioni

126 4976 571 5040 PVPPiDQUamus.
598 4983 732 5034 Ideo
756 4983 946 5034 adhuc
971 4983 1237 5034 subditur
1264 4997 1277 5033 :

178 5037 388 5117 ἹτΜὶεὲι·
402 5052 575 5112 factus
600 5067 740 5115 sum,
753 5059 800 5101 et
823 5059 1075 5102 curvatus
1096 5069 1219 5101 sum
1242 5068 1411 5117 usque
1423 5053 1486 5101 in
1508 5054 1692 5114 ﬁnem.

129 5107 261 5187 Ante
280 5107 854 5187 beatuseram,modo
867 5123 1053 5174 factus
1080 5136 1209 5174 sum
1238 5107 1432 5187 miser,
1456 5107 1694 5187 portans

124 5181 315 5235 multas
345 5192 621 5255 miserias,
657 5181 715 5244 et
745 5206 803 5244 in
844 5194 1038 5245 anima
1077 5199 1135 5245 et
1164 5194 1225 5245 in
1257 5181 1509 5257 corpore.
1545 5197 1693 5245 Ante

124 5258 329 5329 aremus
352 5273 535 5325 usque
568 5264 640 5315 ad
669 5267 869 5325 Deum,
900 5264 1071 5316 modo
1119 5269 1396 5316 curvatus
1420 5277 1608 5329 usque
1632 5265 1693 5314 in

125 5314 299 5399 tinem,
324 5328 378 5380 id
409 5314 525 5399 est,
554 5314 612 5385 in
632 5314 953 5399 ’pe'ccatuiii
970 5314 989 5384 ἒ
1008 5314 1017 5315 ί
1039 5314 1137 5387 vel,
1164 5314 1361 5398 usque
1378 5314 1455 5387 in,
1480 5314 1611 5398 nae;
1636 5334 1694 5385 id

125 5394 418 5476 ffE',}}SQUe
440 5394 513 5476 in
528 5394 791 5458 mortem.
813 5406 977 5458 Unde
1000 5394 1314 5470 Apostolus
1336 5420 1576 5471 gemens
1595 5394 1691 5471 ait,

126 5458 309 5542 ξξιῖᾇίὶξ
321 5458 423 5536 ego
435 5475 623 5537 homo,
643 5479 775 5540 quis
792 5458 1159 5529 meliberabit
1183 5477 1255 5529 de
1284 5458 1519 5542 courpore
1541 5458 1696 5528 mor;

129 5530 552 5614 ξίξνὶξυῂιξυῗοτη.
567 5530 679 5611 7:)?-
715 5549 843 5597 Tota
858 5549 944 5597 die
965 5550 1313 5597 contristatus
1336 5530 1693 5611 ingrediebar.

128 5599 540 5683 emissalaétitia
561 5599 857 5681 sp'irituali,
888 5619 1016 5671 hac
1039 5619 1272 5670 tristitia
1292 5599 1599 5683 generatur
1622 5633 1695 5671 ex

126 5677 491 5757 fff9l‘gatione
515 5677 755 5740 sabbati.
780 5677 1101 5740 Electorum
1122 5677 1365 5748 mentes,
1384 5692 1502 5737 dum
1520 5698 1698 5739 cuncta

128 5738 426 5823 transitoria
445 5738 605 5810 nulla
625 5738 754 5811 esse
766 5738 1390 5823 (saepissimeque.
1410 5760 1528 5812 sint
1550 5773 1693 5811 con-

134 5807 274 5879 ditae,
293 5807 601 5889 exquirunt
618 5807 1016 5896 ζὲιῖὼὶιὶῖέῶίέ
1026 5807 1542 5885 eiurat-absis
1558 5807 1698 5883 Qut—u-

1835 1880 1944 1927 tur.
1983 1877 2105 1926 Hoc
2128 1875 2266 1938 dixi,
2303 1881 2367 1926 ut
2407 1876 2692 1935 invenias,
2726 1876 2865 1939 quid
2909 1875 2984 1926 sit
3010 1875 3279 1939 plangere
3302 1875 3432 1926 illu-

1830 1947 2023 1998 siones
2039 1948 2252 1998 animae
2264 1984 2276 1995 .
2295 1947 2527 2012 Accepit
2544 1959 2775 2011 poenam
2790 1946 3107 2008 illusiones,
3120 1945 3313 1996 amisit
3333 1958 3434 1997 ve-

1829 2018 2069 2069 ritatem.
2118 2018 2277 2068 Sicut
2320 2018 2475 2069 enim
2519 2030 2694 2082 pmna
2730 2022 2820 2069 est
2863 2016 3073 2069 animae
3112 2016 3320 2078 illusio,
3348 2017 3431 2067 sic

1829 2088 2133 2152 praemium
2159 2088 2371 2139 animai
2394 2088 2609 2140 veritas
2634 2092 2745 2140 est.

1891 2158 1944 2212 9.
1962 2158 2210 2221 Al'ﬂict'us
2230 2174 2353 2207 sum
2371 2164 2417 2206 et
2436 2158 2762 2207 humiliatus
2774 2173 2897 2207 sum
2921 2159 3121 2207 nimis:
3147 2158 3430 2221 rugiebam

1828 2244 1864 2277 a
1886 2229 2088 2292 gemitu
2111 2229 2287 2278 cordis
2308 2230 2433 2280 mei.
2474 2231 2559 2280 Ex
2578 2228 2884 2280 afﬂictione
2906 2228 3247 2289 humiliatio,
3272 2233 3332 2281 et
3352 2243 3428 2282 ex

1827 2299 2151 2350 humilitate
2196 2299 2450 2364 procedit
2479 2300 2749 2363 gemitus.
2788 2299 2879 2350 Ad
2901 2299 3011 2351 hoc
3034 2300 3223 2363 pinnis
3249 2305 3307 2351 et
3334 2302 3430 2351 fla-

1827 2369 1994 2434 gellis
2016 2376 2283 2435 peccator
2327 2370 2616 2434 afﬂigitur,
2643 2374 2711 2421 ut
2743 2382 2779 2420 a
2818 2370 3087 2434 superbia
3109 2383 3214 2422 sua
3243 2372 3432 2422 omni-

1825 2441 2000 2493 modo
2020 2442 2385 2493 humilietur:
2415 2446 2704 2505 quatenus
2720 2441 2820 2504 qui
2840 2441 3013 2493 laetus
3029 2444 3086 2492 et
3107 2442 3291 2493 elatus
3304 2456 3432 2506 per-

1826 2513 2076 2576 petravit
2099 2512 2675 2577 peccatum,aﬂlictus
2688 2516 2746 2563 et
2769 2511 3107 2563 humiliatus
3122 2514 3318 2565 redeat
3355 2515 3429 2565 ad

1823 2581 2163 2634 lamentum.
2183 2584 2344 2644 Quod
2367 2583 2465 2644 ait,
2479 2582 2773 2645 Rugicbam
2786 2598 2822 2631 α
2835 2584 3062 2646 gemitu:
3092 2584 3324 2648 signum
3340 2590 3431 2636 est

1824 2653 2321 2705 vehementissimi
2346 2652 2579 2714 doloris,
2597 2652 2828 2714 quando
2844 2654 3018 2704 homo
3042 2665 3162 2717 prae
3182 2657 3429 2703 anxietate

1823 2725 2013 2775 cordis
2034 2724 2095 2775 in
2118 2736 2224 2775 suo
2240 2724 2475 2786 gemitu,
2501 2724 2787 2786 quendam
2804 2723 2986 2773 ferum
3009 2725 3067 2774 et
3097 2724 3427 2789 intelligibl-

1821 2793 1936 2845 lem
1960 2795 2171 2845 emittit
2216 2794 2490 2858 rugitum.
2525 2795 2596 2844 Et
2638 2793 2957 2844 notandum
2997 2795 3151 2856 quod
3175 2807 3295 2846 non
3322 2796 3421 2855 ait,

1832 2862 1980 2931 I75
2008 2869 2055 2915 Α
2079 2864 2297 2929 gemitu
2319 2864 2537 2914 carnis:
2567 2863 2689 2927 sed,
2713 2867 2759 2913 A
2788 2864 3007 2927 gemitu
3033 2864 3239 2929 cordis,
3260 2866 3425 2917 Multi

1820 2937 1973 2986 enim
2022 2940 2172 2996 sunt,
2209 2934 2307 2998 qui
2331 2947 2432 2999 pro
2460 2933 2653 2998 aliquo
2683 2933 2913 2997 damno,
2940 2934 3033 2986 vel
3054 2935 3422 2988 incommodo

1820 3006 2117 3070 temporali
2141 3005 2512 3056 vehementer
2525 3010 2782 3068 gemunt.
2808 3008 2885 3056 At
2908 3017 3045 3057 vero
3071 3018 3275 3057 servus
3297 3006 3419 3066 Dei,

1815 3077 1950 3140 quia
1972 3076 2127 3140 rugit
2159 3088 2230 3127 ex
2258 3075 2650 3127 recordatione
2668 3076 2911 3135 sabbati,
2937 3076 3037 3127 ubi
3061 3081 3153 3127 est
3174 3090 3419 3142 regnum

1813 3147 1933 3209 Dei,
1948 3147 2103 3211 quod
2116 3158 2246 3197 caro
2259 3150 2316 3196 et
2337 3146 2576 3209 sanguis
2589 3158 2704 3196 non
2721 3146 3041 3210 possidebit
3055 3147 3119 3211 (1.
3138 3146 3259 3198 Cor.
3288 3145 3414 3210 15.):

1738 3230 1788 3301 C
1816 3217 2223 3301 convenienter
2255 3216 2412 3277 dicit,
2445 3215 2741 3301 Rugicbam
2765 3232 2798 3265 α
2842 3217 3249 3301 ge-m‘itu‘cordis
3288 3218 3413 3268 mei.

1817 3288 1980 3350 Quod
2011 3287 2306 3339 evidenter
2342 3286 2681 3349 ostenditur,
2718 3300 2849 3338 cum
2876 3288 3254 3339 subiniertur:

1872 3358 1956 3412 10.
1983 3358 2214 3407 Domine
2248 3364 2372 3406 ante
2404 3363 2449 3406 te
2478 3372 2637 3406 omne
2658 3358 2983 3407 desiderium
3016 3373 3216 3420 meum,
3255 3363 3301 3407 et
3323 3373 3414 3422 ge-

1809 3431 1976 3478 mitus
2014 3444 2160 3477 meus
2168 3444 2219 3498 έι
2242 3434 2287 3477 te
2315 3444 2428 3477 non
2471 3434 2542 3476 est
2573 3428 2931 3479 absconditus.
2958 3429 3039 3480 Sit
3062 3429 3413 3480 desiderium

1811 3503 1975 3550 tuum
2008 3499 2079 3551 ad
2126 3504 2182 3550 te
2224 3498 2405 3563 illum,
2448 3503 2506 3549 et
2540 3500 2705 3550 Pater
2728 3500 2864 3562 quid
2899 3499 3054 3550 videt
3082 3500 3141 3550 in
3165 3500 3409 3563 occulto,

1808 3570 2009 3622 reddet
2053 3570 2156 3621 tibi
2201 3570 2407 3633 (Matth.
2456 3568 2547 3632 6.).
2594 3569 2844 3621 Attende
2889 3574 3101 3630 autem,
3132 3570 3284 3633 quod
3310 3571 3411 3631 ait,

1806 3642 1944 3691 Ante
1966 3647 2027 3701 te,
2052 3653 2119 3691 ac
2152 3640 2203 3691 si
2239 3640 2393 3691 dicat
2423 3654 2436 3691 :
2474 3640 2628 3691 Nihil
2674 3640 2955 3702 desidero,
2981 3640 3096 3690 nisi
3119 3640 3274 3703 quod
3310 3641 3412 3692 tibi

1807 3712 2044 3777 placeat.
2074 3713 2217 3761 Nam
2240 3723 2483 3775 pravum
2522 3711 2871 3762 desiderium
2900 3724 3019 3762 non
3039 3715 3173 3763 ante
3204 3712 3405 3774 Deum,

1810 3784 1909 3833 sed
1929 3786 2131 3833 contra
2146 3783 2326 3833 Deum
2347 3786 2454 3832 est.
2481 3782 2536 3833 Si
2561 3784 2757 3832 autem
2779 3785 2931 3834 inest
2941 3782 3290 3834 desiderium
3308 3783 3405 3834 bo—

1808 3866 1969 3914 num,
2005 3857 2158 3904 inest
2186 3857 2243 3903 et
2275 3852 2675 3916 gemitus:qui
2691 3853 2800 3904 etsi
2822 3854 2894 3904 ad
2914 3866 3083 3905 aures
3106 3852 3408 3905 hominum

1807 3937 1925 3975 non
1938 3936 2162 3987 semper
2174 3924 2453 3986 pervenit,
2477 3925 2551 3974 ab
2565 3925 2801 3974 auribus
2825 3923 2927 3975 Dei
2943 3935 3245 3986 nunquam
3255 3936 3408 3975 rece-

1806 3994 1913 4045 dit:
1942 3994 2101 4045 hunc
2131 3996 2325 4043 autem
2350 3994 2677 4044 inferiorem
2701 3994 2983 4058 gemitum
3020 3994 3403 4057 commendat,

1805 4077 1939 4115 cum
1964 4065 2092 4126 subj
2105 4063 2268 4126 ungit
2296 4078 2308 4112 :

1867 4133 1953 4186 11.
1980 4133 2083 4183 Cor
2100 4148 2281 4180 meum
2304 4133 2685 4182 conturbatum
2709 4140 2799 4185 est.
2825 4137 3007 4195 Quare
3024 4139 3048 4184 Ρ
3064 4135 3201 4198 quia
3214 4136 3409 4185 Βενειὶ-

1803 4205 1923 4268 quit
1944 4218 2027 4251 me
2051 4203 2222 4252 virtus
2237 4218 2374 4252 mea.
2395 4204 2674 4255 Videlicet
2702 4205 3120 4267 immortalitas,
3143 4206 3405 4270 impassi-

1801 4273 2009 4335 bilitas,
2034 4274 2378 4337 innocentia,
2396 4274 2636 4337 justitia.
2662 4276 2731 4323 Et
2750 4276 2933 4324 lumen
2955 4277 3236 4325 oculorum
3258 4291 3404 4324 meo-

1799 4359 1947 4403 rum,
1981 4343 2040 4394 id
2064 4349 2170 4404 est,
2202 4344 2440 4396 rationis
2480 4344 2694 4395 lumen.
2742 4346 2811 4395 Et
2841 4347 3042 4409 ipsum,
3068 4345 3224 4408 quod
3257 4345 3395 4396 mihi

1800 4416 2060 4467 naturale
2093 4418 2231 4474 erat,
2258 4430 2371 4463 non
2394 4421 2465 4463 est
2482 4430 2707 4465 meeum.
2733 4416 2838 4466 Vel
2861 4418 3058 4466 lumen
3080 4416 3395 4477 oculorum,

1798 4485 1922 4550 ipse
1957 4487 2111 4537 Deus
2144 4490 2249 4536 est.
2290 4487 2413 4536 Hoc
2448 4485 2646 4537 lumen
2674 4498 2791 4536 non
2828 4490 2935 4549 est,
2964 4498 3097 4536 cum
3125 4486 3271 4550 ipso,
3295 4488 3398 4537 sed

1726 4578 1783 4650 D
1804 4562 2092 4650 53931"?
2101 4557 2465 4650 θέἷῗθέἓὲῗξξὶ
2477 4557 2710 4650 ίξξηῗὲἓῖι
2721 4555 3247 4650 ἓὲίὲἑξῖἷῖίὲίέῗὶῗῗί,
3259 4556 3401 4650 ἓὲῗξλ

1802 4628 2001 4680 lumen
2023 4628 2095 4679 de
2118 4640 2231 4691 quo
2261 4628 2483 4691 dicitur,
2498 4627 2811 4679 Ostendam
2828 4627 2907 4678 illi
2921 4628 3208 4690 meipsum
3233 4628 3396 4690 (Psat.

1795 4700 1920 4764 90.).
1948 4701 2242 4750 Habemus
2263 4698 2479 4761 aliquid
2512 4698 2769 4762 luminis,
2796 4700 2932 4760 quia
2949 4699 3168 4750 iiliiDei
3192 4712 3397 4751 sumus

1793 4771 1973 4831 (Joan.
2008 4770 2095 4833 1.).
2114 4774 2172 4821 et
2198 4770 2393 4832 utique
2416 4769 2526 4820 hoc
2544 4769 2603 4819 in
2621 4770 2732 4821 fide
2757 4770 3103 4821 retinemus:
3124 4771 3226 4822 sed
3250 4784 3394 4821 non-

1792 4842 1932 4892 dum
1948 4846 2036 4892 est
2051 4840 2417 4903 illudlumen,
2435 4841 2588 4903 quod
2606 4841 2949 4899 videbimus,
2966 4841 3227 4892 nondum
3242 4842 3398 4893 enim

1791 4914 2070 4975 apparuit,
2093 4913 2229 4976 quid
2253 4911 2724 4974 erimus(1.J0an.
2751 4912 2841 4976 3.).
2862 4913 3090 4964 Scimus
3113 4913 3247 4975 quia
3261 4926 3397 4964 cum

1791 4984 2134 5046 apparuerit.
2161 4982 2379 5035 similes
2408 4984 2460 5034 ei
2484 4984 2718 5046 erimus,
2754 4997 2888 5034 cum
2912 4984 3238 5035 videbimus
3262 4996 3396 5035 eum

1794 5054 1961 5104 sicuti
1982 5057 2087 5104 est.
2110 5055 2255 5105 Nam
2280 5053 2449 5105 modo
2473 5054 2669 5105 lumen
2693 5054 2845 5118 ﬁdei,
2863 5058 2922 5106 et
2942 5055 3137 5106 lumen
3163 5056 3285 5119 spei
3300 5062 3391 5105 est.

1794 5124 2060 5184 Quandiu
2088 5125 2244 5174 enim
2282 5137 2489 5174 sumus
2531 5125 2590 5174 in
2628 5138 2879 5189 corpore,
2907 5127 3339 5190 peregrinamur
3359 5137 3395 5175 a

1793 5195 2037 5244 Domino
2060 5193 2129 5254 (‘2.
2160 5194 2280 5243 Cor.
2329 5192 2417 5255 3.).
2466 5195 2570 5245 Per
2614 5196 2784 5246 ﬁdem
2818 5196 2972 5247 enim
3006 5197 3391 5259 ambulamus,

1793 5276 1911 5314 non
1944 5275 2046 5325 per
2068 5264 2335 5325 speciem.
2381 5266 2451 5314 Et
2485 5265 2761 5329 quandiu,
2788 5265 2940 5327 quod
2966 5278 3081 5315 non
3105 5265 3393 5325 videmus,

1795 5345 2096 5397 speramus
2123 5347 2135 5382 :
2164 5347 2263 5396 per
2289 5335 2618 5395 patientiam
2664 5340 3075 5399 exspectamus
3099 5334 3268 5395 (Rom.
3295 5332 3390 5396 8.).

1798 5407 1953 5455 Inter
2000 5403 2107 5453 has
2144 5403 2539 5455 tribulationes
2567 5406 2685 5468 jam
2711 5406 2783 5455 ad
2807 5405 3256 5456 consolationem
3286 5416 3395 5454 no-

1794 5479 1977 5526 strum
1999 5472 2306 5523 audiamus
2333 5475 2534 5537 capitis
2558 5476 2741 5526 nostri
2773 5487 2966 5526 voces.
2996 5477 3128 5526 Jam
3159 5474 3395 5538 incipiat

1792 5545 2084 5597 lucescere
2109 5548 2282 5605 caput
2302 5549 2567 5594 nostrum
2592 5545 2653 5595 in
2676 5547 2943 5609 passione
2969 5560 2980 5595 :
3018 5548 3099 5597 ait
3121 5558 3274 5610 ergo,

1857 5613 1942 5669 1‘2.
1981 5611 2161 5661 Amici
2190 5613 2314 5675 mei,
2352 5618 2399 5660 et
2427 5616 2672 5674 proximi
2702 5617 2827 5679 mei,
2879 5617 3159 5666 adversum
3185 5632 3270 5666 me
3290 5633 3394 5682 ap-

1791 5684 2301 5752 propinquaverunt
2316 5688 2361 5729 et
2377 5687 2645 5733 steterunt.
2672 5688 2845 5747 Quasi
2872 5688 3049 5739 dicat:
3078 5688 3223 5750 Quid
3250 5701 3392 5740 con-

1795 5751 2053 5821 quereris
2076 5754 2103 5801 ‘l
2140 5752 2283 5801 Vide
2303 5751 2596 5823 amictum,
2634 5757 2993 5822 crucillxum,
3027 5763 3262 5823 peccata
3294 5764 3395 5811 tua

1797 5827 2147 5899 portantem,
2174 5822 2375 5873 mundi
2397 5822 2659 5875 miserias
2687 5825 2984 5890 ferentem,
3003 5822 3062 5883 et
3086 5830 3393 5882 auferentem
3420 5863 3431 5869 ο
