3908 6232
433 254 536 310 787

432 451 494 488 se
515 437 808 487 ﬁnxerunt
831 436 1046 486 amicos
1065 448 1239 497 meos,
1259 441 1303 482 et
1323 436 1569 499 proximi
1587 436 1690 484 mei
1702 437 2021 486 secundum

430 521 659 559 carnem
676 508 882 570 (Matth.
910 506 957 559 1.
983 512 1027 553 ct
1052 504 1118 558 15
1144 506 1177 567 ).
1198 507 1483 553 adversum
1508 521 1589 553 me
1612 507 2024 569 appropinqua-

428 584 635 639 uerunt,
668 590 798 627 cum
836 576 1039 638 gladiis
1064 580 1121 626 et
1143 576 1396 626 fustibus
1418 577 1626 638 (Matth.
1650 576 1718 629 26
1744 582 1787 624 ct
1809 574 1935 639 27.).
1963 582 2026 628 ut

429 663 520 698 me
545 648 833 699 traderent
864 662 876 695 :
915 652 959 693 et
982 652 1233 694 steterunt
1263 647 1428 709 rigidi
1453 648 1512 696 in
1535 646 1752 696 militia
1782 659 1886 697 sua
1903 660 2027 709 per-

428 723 775 777 severantes,
818 719 1001 767 Grave
1034 720 1122 767 est
1154 729 1417 780 peccare,
1456 717 1556 767 sed
1592 717 1829 780 gravius
1854 722 1940 767 est
1969 718 2028 768 in

431 794 659 854 peccato
697 789 1047 851 pertinacem
1073 799 1419 850 permanere.
1440 790 1508 837 Et
1527 788 1848 838 notandum
1872 789 2027 851 quod

427 873 542 911 non
574 861 671 920 ait,
697 857 1318 920 lnimici,autextranei
1338 874 1349 907 :
1373 858 1473 909 sed
1499 857 1665 905 amici
1693 864 1737 906 et
1762 859 2025 922 proximi.

427 930 699 981 Graviore.
722 928 952 991 quidem
976 933 1115 978 sunt
1141 927 1290 978 mala
1315 940 1445 991 quae
1465 928 1537 978 ab
1555 928 1755 979 amicis
1780 929 2026 991 patimur

426 1013 601 1065 quam
626 1013 694 1051 ea
725 1011 858 1061 qua:
883 998 1134 1061 patimur
1150 999 1223 1048 ab
1247 997 1509 1048 inimicis.
1539 1000 1661 1049 Non
1683 997 1871 1050 solum
1888 1002 2024 1047 enim

426 1084 600 1136 paena
626 1070 854 1121 illorum
875 1081 984 1119 nos
1013 1070 1247 1129 cruciat,
1271 1068 1375 1120 sed
1395 1070 1567 1120 etiam
1590 1070 1796 1120 caritas
1811 1070 2027 1122 amissa

428 1145 756 1193 tormentat.
802 1140 869 1189 Et
905 1140 1001 1203 qui
1031 1139 1199 1202 ju.z:ta
1226 1154 1307 1187 me
1329 1145 1491 1188 erant
1514 1140 1576 1188 de
1599 1139 1750 1202 longe
1773 1146 2025 1189 steterunt

428 1212 602 1273 Idest,
650 1208 916 1273 discipuli
955 1225 966 1259 :
1004 1209 1138 1271 quia
1169 1209 1365 1260 relicto
1406 1222 1472 1260 eo
1515 1222 1717 1260 omnes
1752 1209 2025 1273 fugerunt

427 1282 641 1347 (Matth.
673 1280 801 1343 26.).
826 1281 893 1328 Et
916 1282 1024 1328 vim
1040 1279 1310 1343 faetebant
1334 1281 1430 1343 qui
1451 1280 1753 1344 quaerebant
1774 1284 2021 1329 animam

428 1368 623 1404 meam.
653 1351 970 1403 Trahentes
1004 1364 1137 1401 eum
1167 1351 1235 1401 ad
1258 1351 1534 1410 judicium
1571 1356 1628 1402 et
1661 1356 1921 1403 mortem.
1958 1353 2024 1401 Et

427 1425 524 1489 qui
549 1422 897 1487 inquirebant
918 1422 1065 1470 mala
1091 1422 1454 1485 mihiloquuti
1476 1428 1601 1471 sunt
1626 1424 1903 1471 vanitates.
1930 1424 2026 1473 Di-

426 1496 632 1546 cebant
657 1494 810 1544 enim
835 1494 1115 1543 adversus
1133 1506 1263 1543 eum
1280 1493 1420 1543 falsa
1440 1492 2021 1556 testimonia(Luc.22.

422 1572 468 1615 et
491 1565 617 1628 23.).
650 1565 716 1613 Et
740 1565 887 1613 dolos
913 1569 1019 1611 tota
1050 1563 1133 1611 die
1170 1563 1588 1613 meditabanlm'.
1638 1564 1855 1624 Quibus
1889 1569 2024 1616 ante

426 1636 669 1687 Pilatum
706 1647 980 1686 accusare
1003 1640 1242 1697 possent
1265 1635 1476 1697 (Matth.
1513 1633 1639 1698 26.).
1668 1635 1777 1686 Sed
1798 1637 1921 1699 jam
1953 1648 2027 1700 pa

428 1706 683 1758 tientiam
706 1706 887 1757 nostri
911 1704 1309 1769 Redemptoris
1333 1705 1636 1756 audiamus
1666 1722 1678 1757 :

487 1786 574 1839 13.
619 1786 734 1849 Ego
779 1790 961 1834 autem
1009 1790 1289 1848 tamquam
1335 1786 1535 1834 surdus
1575 1801 1685 1835 non
1715 1786 2020 1838 audiebam.

438 1855 591 1924 I76
637 1855 801 1909 Unde
838 1855 1076 1919 quidam
1109 1869 1307 1907 eorum
1331 1857 1409 1907 ait
1434 1874 1445 1904 :
1480 1869 1599 1907 non
1621 1857 1789 1908 audis
1810 1861 2029 1920 quanta

423 1929 737 1980 adversum
761 1932 817 1979 te
842 1927 1225 1978 testiﬁcantur
1253 1928 1399 1987 (Luc.
1424 1926 1531 1990 22.)
1555 1930 1581 1977 ‘2
1604 1928 1673 1977 Et
1691 1928 1826 1977 sicut
1847 1928 2027 1978 mutus

421 2015 536 2048 non
560 2000 809 2062 aperiam
826 2012 883 2046 os
905 2012 1067 2046 suum
1086 2016 1097 2045 :
1113 1998 1271 2049 Sicut
1295 1999 1572 2062 scriptum
1598 2001 2026 2062 est:Tanquam

421 2070 549 2122 ovis
572 2070 645 2121 ad
669 2068 962 2120 victimam
983 2067 1196 2119 ductus
1218 2072 1325 2126 est,
1350 2071 1408 2119 et.
1423 2082 1540 2119 non
1554 2070 1775 2133 aperuit
1790 2082 1855 2121 os
1874 2085 2023 2118 suum

425 2142 565 2205 (1εαὶ.
592 2138 723 2203 53.).
750 2141 820 2190 Et
845 2139 955 2189 hoc
971 2138 1190 2189 dictum
1207 2144 1298 2189 est
1322 2139 1641 2190 secundum
1665 2145 1878 2191 actum.
1899 2143 2023 2191 Cum

422 2212 658 2263 haberet
675 2215 871 2261 actum
887 2208 1157 2260 audiendi
1182 2214 1240 2260 et
1261 2210 1552 2273 loquendi,
1573 2223 1687 2261 non
1702 2211 1905 2263 eodem
1923 2218 2025 2261 ute-

420 2284 592 2333 batur
605 2280 679 2333 ad
704 2280 1037 2332 vindictam.
1056 2280 1194 2331 Htec
1215 2285 1410 2332 autem
1434 2281 1803 2344 pertinentad
1821 2289 2022 2347 poten-

421 2354 580 2415 tiam,
607 2364 739 2403 cum
763 2349 1121 2401 subinfertur
1145 2367 1156 2398 ε

485 2423 571 2477 14.
626 2422 693 2471 Et
723 2422 898 2485 factus
929 2435 1051 2469 sum
1075 2422 1211 2468 sicut
1253 2421 1412 2470 homo
1436 2436 1548 2471 non
1573 2424 1820 2488 audiens,
1844 2425 2019 2487 Idest,

422 2507 542 2545 non
578 2498 783 2557 potens
799 2491 1016 2543 audire.
1041 2492 1107 2540 Et
1129 2507 1243 2540 non
1272 2492 1470 2541 habens
1504 2494 1563 2541 in
1590 2509 1679 2542 ore
1700 2510 1797 2543 suo
1825 2512 1884 2544 re
1910 2499 2019 2545 "ar-

422 2566 679 2628 gationes.
703 2563 879 2626 Idest,
904 2563 1173 2625 quamvis
1194 2561 1467 2614 haberem
1495 2564 1650 2615 unde
1674 2578 1905 2629 possem
1927 2581 2020 2618 re-

424 2638 722 2699 darguere,
746 2639 938 2685 tamen
962 2634 1043 2684 fui
1072 2633 1238 2696 quasi
1262 2646 1378 2684 non
1398 2634 1636 2686 habens.
1664 2636 1809 2697 Quid
1831 2636 1892 2687 in
1912 2638 2021 2689 hoc

422 2706 596 2769 aliud,
614 2705 725 2756 nisi
738 2708 937 2755 nostra
956 2704 1224 2767 superbia
1236 2704 1644 2756 confunditur?
1659 2708 1797 2767 Quae
1821 2708 1868 2757 si
1884 2721 2021 2759 exa-

423 2780 604 2841 gitata
652 2775 745 2826 vel
786 2776 989 2826 leviter
1030 2775 1218 2836 fuerit,
1259 2775 1507 2826 acriores
1547 2777 1789 2840 injurias
1814 2779 2016 2843 reddit,

424 2860 601 2911 quam
633 2851 931 2910 acceperat
968 2860 981 2895 :
1021 2844 1159 2896 facit
1186 2846 1338 2896 mala
1361 2858 1492 2907 quas
1524 2851 1730 2911 potest,
1766 2849 2019 2902 minatur

424 2930 555 2981 quin
579 2930 695 2968 non
718 2921 924 2981 potest.
953 2917 1097 2967 Ecce
1119 2916 1198 2978 inj
1209 2917 1388 2967 uriam
1407 2918 1725 2981 suscipiens
1744 2920 1897 2970 Deus
1917 2936 2017 2970 non

420 2989 705 3053 irascitur,
754 3000 873 3039 non
916 2988 1332 3039 contumeliosa
1371 2989 1547 3041 verba
1586 2991 1914 3054 respondet.
1955 2994 2025 3042 Et

424 3062 703 3123 tanquam
757 3059 807 3110 si
851 3058 903 3110 ei
950 3058 1250 3110 diceretur.
1293 3059 1475 3119 Quare
1506 3072 1625 3112 non
1653 3062 1925 3125 aperuisti
1958 3075 2024 3114 os

423 3137 590 3184 tuum
610 3134 636 3181 ‘?
661 3130 945 3193 Sequitur,
981 3134 1038 3181 et
1060 3129 1197 3181 dicit
1220 3143 1233 3180 :

488 3200 573 3254 15.
610 3200 884 3258 Quoniam
917 3201 978 3248 in
1023 3204 1085 3261 te,
1122 3200 1371 3251 Domine.
1412 3201 1643 3264 speravi,
1688 3207 1745 3251 tu
1764 3203 2020 3264 exaudges

423 3286 526 3331 mc,
552 3272 781 3321 Domine
815 3271 954 3319 Deus
980 3284 1145 3321 meus.
1173 3270 1336 3321 Unde
1359 3271 1517 3321 etilli
1540 3271 1809 3323 dixerunt
1831 3287 1843 3323 :
1870 3276 2019 3324 Con-

422 3342 546 3393 ﬂdit
574 3342 635 3392 in
678 3343 817 3404 Deo,
846 3340 1051 3392 liberet
1078 3353 1233 3391 nunc
1260 3353 1393 3391 eum
1429 3341 1477 3391 si
1500 3342 1628 3393 vult
1651 3343 1860 3407 (Matth.
1889 3343 2015 3408 26.).

420 3410 609 3463 Facile
637 3411 884 3461 adversa
908 3422 1166 3473 superas,
1193 3410 1242 3460 si
1272 3423 1406 3473 spes
1433 3414 1531 3460 tua
1560 3411 1680 3462 ilxa
1702 3414 1778 3463 sit
1805 3414 1861 3463 in
1880 3415 2018 3465 Deo.

425 3484 495 3532 Et
542 3480 589 3530 si
620 3480 910 3531 tribularis
945 3480 1020 3529 ad
1055 3484 1304 3542 tempus,
1340 3480 1402 3529 in
1424 3484 1677 3544 tempore
1698 3489 2019 3545 opportuno

423 3549 694 3603 exaudiet
710 3555 765 3601 te
790 3549 1069 3601 Dominus
1080 3550 1236 3600 Deus
1252 3552 1404 3600 tuus.
1420 3550 1529 3601 Sed
1552 3552 1703 3603 unde
1718 3554 2018 3606 exaudiet?

425 3620 686 3683 sequitur
711 3633 724 3669 :

485 3689 571 3745 16.
612 3690 752 3748 Quia
786 3689 927 3749 dixi,
953 3688 1258 3752 Nequando
1281 3692 1718 3753 supergaudeant
1740 3693 1882 3743 mihi
1914 3695 2019 3744 ini-

422 3762 553 3810 mici
572 3761 694 3810 mei.
725 3762 839 3811 Nos
862 3759 961 3822 qui
986 3759 1112 3821 puri
1137 3759 1398 3810 homines
1423 3774 1649 3824 sumus,
1674 3764 1906 3825 quando
1921 3765 2019 3817 im-

423 3835 648 3896 petrare
664 3829 883 3893 aliquid
903 3829 1190 3891 volumus,
1213 3830 1508 3882 humiliter
1521 3832 1891 3896 deprecamur
1906 3839 2017 3888 Do-

422 3903 666 3953 minum.
708 3902 984 3953 Mediator
1021 3901 1121 3952 Dei
1154 3906 1213 3952 et
1234 3901 1531 3953 hominum
1561 3904 1735 3956 homo
1759 3906 2019 3959 Christus

421 3975 597 4024 Jesus
644 3972 715 4035 (1.
772 3973 905 4022 Tim.
942 3971 1035 4035 2.),
1074 3971 1208 4034 quia
1242 3973 1397 4023 Deus
1420 3978 1509 4025 est
1538 3974 1609 4027 de
1637 3977 1772 4038 Deo,
1797 3977 1933 4030 dicit
1955 3985 2021 4031 ut

420 4044 539 4107 ﬂat,
554 4048 613 4095 et
638 4045 845 4095 factum
873 4048 986 4095 est.
1006 4044 1142 4094 Orat
1165 4043 1396 4106 quando
1422 4045 1562 4110 vult,
1590 4059 1663 4097 ex
1684 4047 2019 4101 inﬁrmitate

419 4115 607 4166 carnis
632 4133 644 4164 :
673 4115 915 4179 imperat
939 4113 1172 4178 quando
1198 4113 1341 4177 vult,
1366 4128 1439 4167 ex
1459 4120 1739 4180 potestate
1763 4119 2020 4171 divinita-

420 4186 514 4237 tis.
547 4185 657 4237 Sed
683 4185 820 4249 quid
844 4184 1031 4236 dixit?
1056 4184 1370 4248 Nequando
1394 4189 1854 4251 supergaudeant
1878 4191 2018 4242 mihi

414 4256 631 4308 inimici
648 4256 779 4319 mei,
805 4269 904 4320 pro
930 4268 1023 4307 me
1045 4255 1117 4307 de
1128 4256 1291 4307 victo.
1319 4258 1820 4321 Superganderent
1842 4262 2014 4326 enim,

418 4328 467 4379 si
490 4328 601 4391 ipsi
622 4340 740 4379 non
762 4331 1103 4391 resurgeret,
1131 4326 1196 4376 Et
1224 4327 1356 4375 dum
1373 4336 1859 4393 commoventur,et
1873 4335 2016 4392 quasi

416 4396 691 4449 labuntur
710 4398 865 4461 pedes
892 4398 998 4446 mei
1020 4413 1033 4448 :
1060 4399 1120 4448 in
1150 4398 1418 4461 passione
1438 4414 1599 4463 super
1620 4416 1702 4449 me
1723 4417 1929 4465 magna
1948 4402 2021 4450 lo-

418 4470 577 4531 quuti
590 4474 735 4517 sunt.
765 4469 1130 4530 Projicientes
1141 4470 1292 4519 enim
1306 4470 1508 4533 jugum
1524 4471 1571 4534 ej
1583 4485 1668 4529 us,
1682 4476 1853 4534 atque
1870 4475 2012 4522 illum

417 4539 739 4590 contemtui
755 4539 1037 4591 habentes
1055 4541 1298 4603 superbe
1310 4540 1608 4593 dixerunt:
1629 4544 1753 4594 Non
1772 4546 2014 4593 habemus

415 4622 609 4672 regem
650 4609 763 4660 nisi
786 4612 1069 4660 Caesarem
1098 4611 1279 4673 (Joan.
1313 4611 1440 4675 19.).
1494 4615 1564 4664 Et
1593 4614 1775 4665 multa
1797 4615 1906 4665 alia
1926 4615 2013 4667 lo-

417 4679 581 4742 quuti
599 4683 738 4730 sunt
765 4690 939 4742 super
965 4693 1117 4731 eum.
1144 4684 1363 4743 Quare?

478 4749 563 4802 17.
591 4750 863 4807 Quoniam
888 4764 979 4813 ego
1004 4752 1065 4799 in
1088 4752 1298 4815 ﬂagella
1312 4760 1540 4817 paratus
1563 4770 1702 4805 sum.
1728 4757 2015 4816 Aliquando

417 4820 525 4880 (Ea:
556 4820 879 4882 Augustino)
912 4827 1237 4884 peccatores
1260 4825 1319 4874 in
1341 4824 1449 4875 hac
1475 4825 1592 4877 vita
1619 4831 1718 4876 aut
1743 4840 1878 4889 non,
1914 4832 2015 4879 aut

378 4898 383 4901 ‘
414 4890 607 4941 minus
634 4891 1013 4954 ﬂagellantur,
1037 4894 1173 4956 quia
1190 4894 1312 4957 jam
1334 4895 1633 4959 desperata
1655 4899 1744 4947 est.
1768 4899 2013 4949 intentio

414 4974 633 5013 eorum.
661 4963 738 5012 At
755 4975 889 5014 vero
911 4963 1008 5023 illi,
1024 4965 1235 5027 quibus
1258 4970 1491 5029 paratur
1504 4968 1623 5018 vita
1646 4968 2009 5032 sempiterna,

411 5044 652 5084 necesse
691 5037 782 5084 est
825 5037 892 5084 ut
933 5034 1026 5084 hic
1068 5035 1461 5098 ﬂagellentur:
1491 5037 1626 5099 quia
1648 5051 1782 5087 vera
1805 5044 1895 5090 est
1918 5038 2014 5091 illa

413 5103 712 5163 sententia,
731 5102 941 5163 Fili,ne
964 5104 1200 5156 deficias
1220 5117 1255 5156 a
1276 5106 1574 5170 disciplina
1585 5108 1830 5170 Domini,
1848 5124 1899 5157 nt
1913 5125 2012 5171 que

410 5173 666 5237 fatigeris
689 5174 828 5225 dum
851 5177 924 5225 ab
957 5187 1025 5226 eo
1047 5176 1305 5236 argueris
1331 5178 1502 5239 (Prov.
1521 5176 1612 5240 3.).
1643 5181 1823 5239 Quem
1856 5184 2010 5232 enim

410 5244 595 5308 diligit
647 5245 947 5304 Dominus,
984 5245 1215 5309 corripit
1248 5247 1519 5311 ﬂagellat,
1552 5261 1785 5301 omnem
1828 5251 2009 5303 filium

413 5324 586 5387 quem
648 5315 849 5379 recipit
920 5313 1094 5387 (Hebr.
1154 5314 1239 5369 12.
1315 5318 1479 5381 Apoc.
1556 5317 1650 5379 3.).
1697 5321 1829 5371 Ideo
1873 5334 2007 5387 ergo

406 5396 525 5455 non
566 5385 847 5437 insultent
881 5386 1094 5437 inimici
1133 5387 1260 5446 mei,
1298 5401 1418 5439 non
1440 5402 1651 5453 magna
1682 5385 2003 5455 loquantur.

409 5454 478 5504 Et
523 5455 572 5505 si
615 5457 864 5520 ﬂagellat
894 5470 983 5508 me
1022 5458 1190 5510 Pater
1211 5472 1396 5524 meus,
1424 5460 1483 5512 in
1518 5463 1745 5525 ﬂagella
1762 5454 2005 5525 paratus

410 5535 541 5573 sum
568 5540 579 5574 :
616 5527 749 5587 quia
772 5527 913 5578 mihi
938 5535 1293 5592 prmparatur
1310 5530 1635 5583 haereditas.
1657 5535 1781 5584 Non
1809 5536 1895 5586 vis
1910 5538 2004 5587 ﬂa-

409 5591 657 5652 gellum?
680 5597 806 5647 Non
836 5597 937 5648 tibi
953 5591 1123 5650 datur
1144 5600 1467 5653 haereditas.
1483 5603 1681 5655 Omnis
1693 5604 1846 5655 enim
1866 5609 2004 5655 ﬁlius

409 5673 660 5738 necesse,
675 5669 767 5715 est
786 5672 853 5738 ut
880 5669 1210 5733 ﬂagelletur.
1243 5673 1440 5735 Usque
1462 5674 1605 5725 adeo
1625 5675 1813 5727 omnis
1827 5679 2002 5738 ﬂagel-

409 5729 582 5793 latur,
607 5735 799 5785 utnec
821 5736 931 5799 ipsi
953 5729 1282 5807 pepercerit,
1307 5729 1408 5807 qui
1428 5751 1727 5808 peccatum
1759 5760 1877 5801 non
1890 5729 2002 5800 Ila-

1505 254 1773 306 RUFINO
1796 255 2248 307 PRESBY'I‘ERO
2273 256 2660 308 ASCRIPTUS

432 369 499 418 Et
531 366 639 417 hoc
673 366 763 417 est
785 364 938 427 quod
959 364 1116 427 dicit,
1144 365 1323 413 Amici
1346 365 1469 426 mei,
1489 364 1544 415 id
1565 369 1672 427 est,
1697 365 1904 424 Judaei,
1924 366 2021 429 qui
2046 370 2102 441 Α
2130 367 2255 418 buit
2279 366 2345 430 (1.
2372 368 2511 418 Petr.
2538 366 2629 429 2.).
2657 368 2724 417 Et
2747 366 2900 416 dolor
2926 381 3079 416 meus
3092 366 3154 414 in
3171 372 3461 432 conspectu
3484 381 3744 415 mensem.
3828 400 3829 441 ξ

432 451 494 488 se
515 437 808 487 ﬁnxerunt
831 436 1046 486 amicos
1065 448 1239 497 meos,
1259 441 1303 482 et
1323 436 1569 499 proximi
1587 436 2021 486 meisecundum
2122 454 2237 501 per.
2274 443 2365 489 An
2390 438 2459 489 de
2487 437 2711 502 ﬂagello
2732 437 2997 489 dolebat?
3023 436 3215 489 Absit.
3241 437 3406 489 Unde
3440 439 3633 501 ergo?
3666 450 3740 487 se-
3828 454 3829 501 ξ

2225 477 2237 489 ο
2274 471 2365 489 ιιυ
2390 471 2459 489 uu
2487 471 2710 501 μυιδυιιυ
2732 471 2989 489 υνιυυιδυι
3023 471 3215 489 Inuus!”
3248 471 3406 489 uuuv
3441 471 3588 501 νι
3610 471 3624 486 ὁ
3666 471 3740 487 ουν*-
3828 484 3829 501 ‘

2127 509 2319 571 q‘litur
2347 524 2359 558 :

2189 578 2273 633 18.
2301 580 2572 638 Quoniam
2598 579 2940 643 iniquitalem
2966 595 3149 627 meam
3184 579 3565 640 annuntiabo,
3598 584 3645 627 et
3670 596 3736 626 co-
3828 594 3829 667 χ

2191 652 2258 667 ,ι
2348 666 2351 667 ,
3234 651 3247 667 .
3316 650 3719 667 ,.-__,_J-.__

2126 651 2302 712 gilabo
2322 666 2422 715 pro
2451 657 2657 714 peccato
2681 666 2810 700 meo.
2840 653 2984 701 Ecce
3010 651 3120 711 (15.1:
3147 651 3352 709 eodem)
3389 651 3554 701 unde
3577 650 3731 700 dolor.

2128 722 2254 771 Non
2288 722 2357 772 de
2384 722 2622 784 ﬂagello,
2652 734 2769 770 non
2794 721 2864 771 de
2890 722 3152 783 vulnere,
3174 734 3293 772 non
3318 728 3393 771 de
3417 722 3729 771 medecina:

2127 792 2227 842 sed
2245 792 2312 842 de
2340 797 2586 855 peccato.
2617 794 2757 843 Nam
2783 791 3077 855 ﬂagellum
3109 791 3410 842 medicina
3445 799 3541 842 est
3559 796 3731 841 contra

2125 867 2439 925 peccatum.
2487 865 2613 913 Non
2657 875 2894 912 securus
2942 863 3044 925 sis,
3067 876 3206 913 cum
3233 864 3553 913 confessus
3584 861 3727 912 fueris

2125 938 2443 997 peccatum.
2470 935 2597 985 Non
2620 933 2729 984 hoc
2746 933 2974 994 sufﬁcit,
3000 934 3114 984 nisi
3136 933 3359 985 deinde
3397 933 3622 996 cogites
3650 946 3727 995 pro

2124 1010 2357 1069 peccato
2380 1010 2496 1056 tuo.
2516 1004 2801 1055 Detexisti
2826 1004 3045 1055 vulnus
3070 1004 3418 1055 conﬁtendo
3447 1019 3462 1054 :
3489 1003 3726 1054 sacerdos

2125 1076 2223 1139 qui
2244 1080 2335 1126 est
2351 1075 2606 1125 medicus
2629 1075 2840 1125 animas
2858 1079 2992 1133 tuae,
3008 1074 3173 1126 dedit
3192 1075 3297 1126 tibi
3320 1075 3636 1126 consilium
3654 1090 3728 1122 me.

2124 1146 2331 1199 dicinte
2354 1163 2366 1196 :
2404 1143 2551 1213 177
2579 1145 2727 1196 dixit
2751 1145 2853 1195 tibi
2872 1144 3027 1195 unde
3053 1146 3391 1206 abstineas,
3421 1144 3569 1209 quid
3593 1145 3731 1195 adhi-

2125 1217 2262 1267 beas
2288 1216 2512 1268 vulneri
2526 1220 2642 1267 tuo.
2668 1217 2855 1267 Debes
2866 1229 3003 1280 ergo
3019 1216 3279 1280 cogitare
3296 1229 3407 1279 pro
3425 1221 3673 1280 peccato,
3694 1224 3730 1263 et

2124 1300 2351 1351 semper
2374 1288 2703 1338 memoriter
2738 1287 3002 1349 retinere,
3042 1286 3320 1337 etfacere
3359 1300 3501 1348 quae
3525 1286 3725 1347 audisti,

2123 1371 2314 1409 curam
2340 1371 2553 1423 gerere,
2572 1362 2630 1409 et
2652 1370 2882 1421 operam
2906 1358 3059 1412 dare.
3086 1363 3156 1408 ut
3181 1358 3438 1408 saneris.
3459 1358 3728 1419 Cogitabat

2121 1427 2215 1479 ille
2246 1441 2347 1492 pro
2375 1433 2604 1492 peccato
2630 1441 2752 1488 suo,
2779 1428 2877 1490 qui
2900 1427 3483 1487 dieebatzQuonl-am
3516 1430 3730 1488 iniquiu-

2124 1505 2239 1551 tem
2262 1513 2450 1552 meam
2474 1513 2581 1564 ego
2604 1512 2909 1564 cognosco,
2924 1504 2981 1549 et
3000 1504 3313 1561 peccatum
3334 1512 3541 1550 meum
3561 1504 3729 1550 contra

2122 1584 2215 1622 me
2238 1576 2329 1622 est
2357 1585 2586 1635 semper
2622 1570 2781 1634 (Psal.
2812 1569 2939 1632 50.).
2960 1571 3165 1633 Neque
3189 1570 3359 1621 enim
3385 1583 3629 1621 securus
3646 1570 3729 1619 ad-

2123 1641 2238 1693 huc
2261 1646 2401 1706 erat,
2429 1643 2693 1706 quamvis
2721 1642 2984 1693 audisset
3017 1654 3052 1691 a
3086 1641 3399 1705 propheta,
3430 1641 3724 1692 Transtulit

2129 1713 2410 1765 Dominus
2433 1728 2467 1765 a
2488 1719 2546 1766 tc
2572 1719 2869 1778 peccatum
2896 1717 3060 1763 tuum
3092 1711 3163 1774 (2.
3184 1714 3317 1775 Reg.
3350 1711 3484 1776 12.).
3510 1715 3729 1763 timean-

2129 1789 2244 1835 tem
2269 1785 2443 1836 verba
2471 1784 2531 1836 in
2552 1797 2799 1849 persona
2826 1788 3026 1835 nostra
3047 1782 3209 1834 dicta
3226 1788 3397 1847 sunt,
3426 1783 3532 1848 qui
3553 1796 3727 1834 sumus

2126 1860 2475 1918 peccatores.

2188 1924 2271 1979 19.
2309 1926 2530 1974 Inimici
2565 1931 2743 1974 autem
2782 1925 2887 1973 mei
2910 1925 3118 1976 vivunt.
3146 1924 3307 1976 Bene
3332 1930 3433 1976 est
3454 1924 3587 1986 Illis,
3609 1937 3728 1988 gau-

2124 1998 2262 2050 dent
2288 1998 2350 2048 in
2381 1996 2579 2048 saeculi
2596 1996 2880 2058 felicitate,
2905 1996 3003 2046 ubi
3027 2008 3138 2059 ego
3154 1996 3385 2058 laboro,
3414 1998 3579 2060 rugio
3598 2009 3726 2060 age-

2122 2069 2269 2120 mitu
2291 2067 2478 2119 cordis
2512 2066 2640 2118 mei.
2664 2067 2734 2115 Et
2756 2066 3067 2129 conﬁrmati
3082 2071 3214 2114 sunt
3239 2082 3415 2130 super
3438 2083 3541 2127 νηί,
3577 2067 3632 2117 Id
3651 2071 3727 2117 est

2127 2142 2208 2204 (ea:
2235 2140 2580 2203 Augustino),
2619 2137 2941 2200 conglobati
2974 2140 3031 2188 et
3054 2138 3427 2189 corroborati
3453 2138 3527 2189 ad
3562 2139 3729 2201 oppri-

2120 2212 2395 2262 mendum
2419 2223 2531 2261 me.
2556 2210 2624 2258 Et
2648 2208 2997 2273 multiplicati
3018 2209 3266 2273 suntqui
3283 2209 3725 2259 oderuntmeini.

2121 2297 2240 2346 que.
2288 2281 2449 2331 Multi
2486 2281 2641 2331 enim
2681 2284 3071 2343 apparuerunt
3096 2279 3159 2329 in
3195 2280 3476 2342 passione
3511 2280 3726 2337 inimici,

2120 2353 2220 2416 qui
2264 2357 2432 2403 antea
2464 2351 2808 2402 videbantur
2844 2350 3032 2399 amici.
3061 2350 3210 2410 Quia
3235 2350 3513 2401 Christus
3544 2350 3729 2401 dilexit

2120 2437 2238 2487 eos,
2256 2423 2335 2474 illi
2352 2436 2485 2474 eum
2504 2422 2750 2473 oderunt
2766 2420 2979 2483 inique.
2994 2420 3208 2471 Odium
3227 2433 3495 2483 namque
3508 2423 3727 2482 iniquum

2120 2496 2226 2557 est,
2253 2493 2383 2545 odio
2405 2493 2613 2544 habere
2637 2492 2905 2543 amicum.
2929 2490 3141 2542 Odium
3165 2491 3447 2554 iniquum
3470 2493 3732 2554 est,odine

2119 2565 2433 2627 hominem,
2462 2577 2580 2614 non
2605 2565 2923 2626 peccatum.
2947 2562 3054 2612 Hic
3077 2566 3170 2613 est
3188 2563 3389 2613 omnis
3413 2575 3472 2614 et
3498 2576 3730 2626 magnus

2114 2640 2307 2686 reatus
2341 2635 2585 2686 illorum.
2627 2636 2770 2684 Nam
2805 2633 2941 2696 quid
2980 2645 3184 2684 nocere
3208 2638 3535 2697 potuerunt
3557 2646 3732 2697 perse-

2118 2705 2347 2769 quendo
2404 2705 2697 2757 voluntate
2748 2716 2865 2754 non
2922 2703 3263 2755 necissitate
3287 2704 3600 2755 morienti?
3629 2703 3730 2754 Sed

2112 2776 2305 2840 ipsum
2328 2775 2523 2826 odium
2540 2779 2628 2826 est
2649 2774 2865 2825 crimen
2888 2774 3209 2824 maximum
3237 2775 3662 2838 persequentis.

2179 2845 2266 2901 90.
2295 2845 2713 2905 Quiretribuunt
2728 2844 2870 2893 mala
2884 2860 2985 2909 pro
3005 2844 3160 2893 bonis
3175 2844 3730 2894 destrahebantmihi.

2118 2918 2188 2969 Et.
2208 2930 2327 2969 non
2348 2916 2457 2968 alia
2472 2916 2551 2969 .de
2567 2929 2794 2979 caussi,
2811 2916 2922 2965 nisi
2943 2917 3211 2979 quoniam
3234 2917 3506 2979 sequebar
3524 2916 3731 2966 bonita-

2129 2994 2247 3039 tem.
2286 2988 2615 3039 Debuerant
2643 2984 2875 3050 quidem
2909 2999 3010 3049 pro
3036 2988 3216 3037 tantis
3242 2986 3549 3037 beneﬁciis
3590 2988 3731 3038 bona

2124 3059 2439 3111 retribuere
2463 3072 2475 3107 :
2504 3057 2657 3121 quod
2683 3070 2800 3108 non
2833 3057 3023 3108 solum
3038 3070 3157 3107 non
3187 3057 3480 3120 fecerunt,
3506 3070 3730 3109 verum-

2050 3131 2096 3202 ς
2122 3131 2426 3202 etiampro
2457 3129 2607 3202 bona
2630 3128 2782 3202 mala
2802 3127 3183 3202 reddiderunt.
3204 3130 3324 3179 Nec
3348 3130 3546 3202 solum
3569 3141 3728 3178 noce-

2124 3202 2264 3251 bant
2295 3201 2463 3262 facto,
2500 3200 2600 3250 sed
2633 3200 2803 3251 etiam
2828 3199 2898 3250 de
2926 3198 3232 3250 trahebant
3264 3199 3469 3250 verbo.
3508 3199 3730 3263 Propter

2118 3271 2226 3322 hoc
2246 3274 2387 3334 orat,
2412 3276 2470 3323 et
2503 3270 2641 3322 dicit
2671 3286 2683 3321 :

2180 3340 2268 3396 21.
2303 3342 2383 3391 Nc
2412 3341 2754 3404 derelinquas
2790 3354 2891 3397 me,
2916 3339 3145 3388 Domine
3164 3340 3308 3389 Deus
3333 3355 3508 3392 meus.
3536 3340 3596 3391 Id
3620 3345 3723 3400 est,

2117 3425 2193 3465 ne
2214 3413 2511 3477 permittas
2539 3425 2626 3462 me
2644 3410 2846 3462 cadere
2870 3411 2927 3461 in
2944 3410 3348 3461 tentationem.
3374 3411 3461 3459 Ne
3482 3411 3721 3459 disease-

2118 3485 2196 3532 ris
2232 3500 2267 3532 a
2306 3499 2404 3533 me.
2448 3485 2525 3533 Ne
2561 3496 2660 3546 per
2689 3482 3013 3533 absentiam
3048 3481 3251 3543 gratiae
3294 3485 3418 3533 tuae
3442 3481 3721 3532 dimiseris

2117 3567 2211 3605 me
2242 3555 2439 3618 perire.
2463 3555 2585 3604 Hoc
2617 3552 2827 3603 dicitur
2851 3553 2909 3602 in
2934 3564 3181 3615 persona
3214 3552 3425 3603 nostri.

2180 3623 2266 3678 22.
2302 3625 2517 3673 Intende
2549 3626 2609 3671 in
2646 3622 2984 3686 adjutorium
3008 3637 3210 3673 meum.
3237 3622 3303 3672 Id
3327 3629 3442 3688 est,
3467 3624 3545 3675 da
3568 3630 3621 3675 te
3643 3624 3720 3673 in-

2120 3700 2364 3755 tentum,
2383 3698 2551 3745 utme
2562 3693 2805 3757 adjuves
2822 3695 2892 3743 ad
2919 3696 3066 3744 bene
3086 3694 3469 3756 operandum.
3498 3696 3716 3743 Domine

2117 3768 2256 3816 Deus
2295 3765 2485 3815 salutis
2534 3780 2675 3813 meae.
2723 3766 2928 3816 Rector
2960 3776 3148 3825 meus,
3197 3764 3437 3815 Creator
3460 3778 3646 3828 meus,
3669 3771 3717 3815 et

2118 3850 2264 3889 mea:
2292 3835 2494 3887 salutis
2517 3841 2733 3887 auctor.

2346 3922 2538 3984 TITU
2553 3922 2711 3985 LUS
2754 3922 2913 3986 PSA
2925 3921 3078 3984 LMI
3124 3922 3521 3986 XXXVIII.

2180 4006 2226 4052 1.
2252 4002 2315 4065 In
2340 4004 2505 4064 finem
2524 4017 2625 4065 pro
2655 4002 2895 4050 ldithum
2914 4002 3203 4051 Canticum
3214 4003 3324 4065 ipsi
3335 4003 3536 4051 David.
3556 4006 3718 4063 Cujus-

2118 4066 2230 4112 dam
2248 4064 2355 4124 (Ea:
2379 4064 2699 4126 Augustino)
2743 4066 2831 4123 qui
2857 4072 3060 4112 vocatur
3084 4064 3330 4122 Idithum,
3356 4080 3509 4113 voces
3531 4082 3717 4126 exspec-

2121 4130 2440 4186 tandiealque
2456 4128 2859 4174 audiendaesunt.
2876 4128 2931 4173 Et
2946 4128 2987 4173 si
3002 4141 3111 4173 esse
3123 4129 3488 4187 unusquisque
3500 4136 3713 4175 nostrum

2117 4190 2334 4248 potuerit
2359 4191 2573 4236 ldilllum
2595 4190 2647 4235 in
2674 4203 2731 4235 eo
2755 4191 2888 4247 (ιω)ιί
2914 4194 3096 4249 cantat,
3124 4189 3319 4235 invenit
3339 4203 3412 4241 se,
3440 4196 3488 4236 et
3505 4192 3712 4237 auditse.

2117 4252 2354 4309 Iditlium,
2402 4252 2587 4310 quippe
2640 4249 2967 4297 Transiliens
3000 4264 3083 4297 eos
3123 4252 3507 4309 interpretatur.
3541 4253 3716 4311 Siquis

2120 4313 2403 4359 transiliens
2432 4314 2662 4371 cantavit,
2683 4314 2891 4370 gaudeat
2914 4327 2964 4358 se
2987 4326 3094 4359 esse
3116 4313 3251 4370 quod
3277 4316 3522 4361 cantavit.
3544 4314 3713 4374 Siquis

2120 4376 2284 4420 adhuc
2312 4383 2445 4422 lerrre
2472 4376 2721 4420 inhaerens
2747 4377 2977 4433 cantavit,
3005 4380 3137 4432 optet
3159 4376 3427 4421 etstudeat
3450 4390 3562 4422 esse
3592 4374 3712 4435 quod

2119 4437 2334 4482 cantavit
2380 4436 2636 4483 Canticum
2662 4437 2774 4482 ideo
2799 4437 2997 4496 dicitur,
3026 4437 3147 4494 quia
3172 4437 3495 4495 spiri'ualem
3512 4440 3715 4484 continet

2042 4489 2097 4560 Ι)
2112 4498 2472 4555 jocunditntem
2508 4512 2522 4549 ς
2555 4499 2694 4544 docet
2730 4498 2867 4544 enim
2905 4489 2996 4544 nos
3019 4489 3272 4545 mentede
3299 4501 3518 4546 terrenis
3542 4501 3604 4546 ad
3629 4512 3714 4546 cae-

2116 4560 2260 4606 lestia
2300 4560 2566 4607 transilire.
2594 4561 2735 4606 Mittit
2772 4573 2864 4606 nos
2888 4562 2941 4606 in
2974 4560 3143 4617 ﬁnem,
3162 4561 3214 4606 id
3247 4568 3339 4618 esl,
3368 4562 3423 4607 in
3450 4563 3696 4609 Christum

2115 4622 2313 4669 Materia
2356 4629 2429 4668 est
2459 4623 2746 4669 transiliens
2765 4627 2813 4668 et
2836 4623 3081 4680 perfectus
3108 4621 3195 4667 ille
3219 4624 3311 4680 qui
3337 4625 3481 4669 omni
3510 4623 3711 4670 munda-

2115 4696 2331 4730 norunm
2352 4684 2600 4742 Voluptate
2626 4686 2912 4743 pastposita,
2949 4684 3071 4729 solis
3084 4686 3380 4731 castestibus
3396 4686 3577 4743 inhiat,
3600 4689 3709 4732 etla-

2115 4745 2181 4790 lis
2203 4747 2340 4804 quia
2356 4748 2446 4792 Deo
2469 4746 2713 4803 perfectus
2728 4751 2878 4803 est,ut
2892 4752 3036 4792 etiam
3060 4747 3287 4803 linguam
3303 4759 3455 4792 suum
3474 4762 3501 4792 ει
3524 4753 3708 4806 pecealo

2113 4809 2321 4853 omnino
2351 4808 2594 4855 cohibeat.
2632 4808 2766 4853 Hanc
2798 4820 2885 4865 per
2915 4814 3076 4866 partes
3099 4807 3166 4852 ita
3192 4808 3442 4867 disponit.
3476 4810 3529 4855 In
3560 4811 3708 4868 prima

2110 4874 2245 4927 parte
2269 4870 2482 4915 ostendit
2522 4869 2610 4915 ille
2644 4870 2957 4927 transiliens,
2996 4882 3049 4914 se
3097 4874 3255 4915 lacere
3288 4871 3507 4926 mundo,
3542 4872 3593 4917 id
3626 4874 3705 4923 est,

2114 4931 2403 4977 hominibus
2428 4931 2713 4989 pravis,qui
2738 4932 3026 4989 deprimunt
3048 4945 3184 4987 eum,
3208 4938 3255 4987 ot
3279 4938 3545 4980 conantur
3570 4943 3708 4990 lepra»

2112 4993 2330 5039 hendere
2352 4994 2480 5038 dictu
2506 4994 2632 5047 ejus,
2664 4998 2711 5038 et
2735 4994 2870 5052 loqui
2895 4994 2956 5039 de
2985 5005 3059 5038 eo.
3088 4994 3143 5038 lu
3176 4994 3404 5039 secunda
3429 5000 3707 5051 partemin-

2110 5059 2249 5113 parat
2282 5056 2388 5102 haec
2418 5056 2674 5101 mundana
2700 5068 2811 5100 cum
2847 5055 3152 5114 cmlestibus,
3177 5055 3454 5102 ostendens
3478 5057 3590 5103 haec
3615 5066 3706 5101 esse

2110 5130 2258 5171 vana,
2284 5117 2375 5162 illa
2397 5118 2689 5175 appetenda.
2717 5119 2766 5164 In
2794 5117 2934 5164 tertia
2960 5116 3097 5174 ponit
3121 5118 3425 5174 orationem,
3455 5123 3513 5163 ut
3532 5116 3703 5164 amatis

2108 5177 2366 5240 liberetur,
2400 5185 2446 5224 et
2483 5179 2704 5225 cceleslia
2736 5179 2890 5225 valeat
2930 5178 3170 5240 obtinere.
3197 5179 3418 5225 Intentio
3443 5184 3535 5233 est,
3557 5182 3702 5238 juslos

2107 5238 2392 5302 admonere,
2437 5243 2493 5286 ut
2532 5241 2804 5286 mundanis
2847 5238 3151 5299 postpositis,
3197 5240 3264 5287 ad
3298 5241 3526 5289 coelestia
3553 5251 3698 5288 trans-

2106 5307 2237 5348 eam.
2494 5378 2891 5443 PSALMUS
2922 5377 3316 5442 XXXVIII.

2167 5466 2186 5533 I
2203 5465 2252 5534 7
2263 5466 2315 5532 8
2333 5466 2542 5528 2.Di.ci,
2553 5469 2865 5519 Custodiam
2880 5469 2995 5517 vias
3010 5484 3174 5528 meas,
3190 5474 3247 5516 ut
3261 5485 3379 5519 non
3390 5470 3683 5535 delinquant

2102 5539 2165 5587 in
2184 5539 2377 5602 lingua
2399 5556 2535 5590 mea.
2556 5540 2677 5591 Vite
2701 5544 2918 5591 nostra;
2930 5539 3002 5590 ad
3016 5541 3350 5597 Dominum,
3372 5544 3513 5593 sunt
3534 5540 3686 5591 actio-

2101 5621 2206 5660 nes
2221 5615 2280 5662 et
2294 5612 2609 5662 locutiones
2625 5616 2857 5662 nostra).
2873 5612 3025 5661 Bene
3046 5612 3199 5661 enim
3211 5610 3510 5673 loquendo
3525 5621 3568 5661 ei
3582 5616 3685 5658 mw

2100 5680 2324 5743 agendo
2341 5681 2414 5733 ad
2435 5687 2651 5734 aeterna
2682 5681 3112 5745 proficiscimur.
3140 5682 3211 5732 Et
3232 5683 3377 5744 quia
3401 5684 3491 5734 vir
3502 5687 3679 5731 sanctus

2095 5752 2219 5817 jam
2230 5753 2581 5807 custodierat
2598 5752 2721 5806 vias
2733 5764 2928 5817 pravae
2940 5752 3227 5818 factionis,
3241 5755 3677 5805 deliberavitetiam

3657 254 3829 309 7887
