3908 6232
151 311 274 367 789

1180 315 1252 366 IN
1290 313 1612 367 PSALMOS
1652 315 1862 368 LXXV
1894 315 2478 370 COMMENTARIUS.

3369 319 3476 374 790

155 425 467 502 custodire
491 425 618 502 vias
625 427 846 502 illicitas
857 425 1227 502 loquutionis.
1246 427 1388 502 Nam
1403 427 1502 502 qui
1515 427 1584 502 in
1599 427 1776 502 verbo
1800 430 1855 502 Α
1881 428 2188 502 terirenon
2203 428 2381 502 valet.
2408 431 2524 480 Nec
2545 429 2674 482 ideo
2703 431 2912 484 dicitur
2937 431 3158 482 dierum
3192 443 3472 482 numerus

151 509 289 546 non
318 496 578 558 offendit,
606 497 696 547 ille
720 496 1006 561 perfectus
1041 501 1132 547 est
1164 497 1250 547 vir
1277 497 1476 560 (Jacob.
1511 496 1600 560 3.).
1629 498 1774 548 Hinc

153 567 442 617 Salomon
476 568 582 617 ait:
611 568 716 629 Qui
741 567 994 618 custodit
1025 566 1284 629 linguam
1310 580 1496 629 suam,
1523 569 1782 618 custodit

155 638 428 687 animam
479 651 643 688 suam
693 640 865 698 (Prov.
899 636 1026 700 21.).
1074 638 1226 698 Dixi,
1274 639 1532 700 inquam,
1560 644 1617 689 et
1652 639 1776 689 feci.

154 709 316 758 Nam
349 712 613 770 sequitur
637 723 649 758 :
677 709 844 758 Posui
881 710 965 756 ori
1003 723 1117 756 meo
1142 710 1460 759 custodiam.
1486 710 1724 768 Quando
1752 713 1779 759 ‘?

160 780 315 829 Cum
343 779 687 829 consisteret
709 779 919 841 aliquis
953 779 1100 840 pius,
1133 782 1189 829 et
1211 778 1538 841 religiosus,
1565 784 1622 830 et
1646 793 1779 830 san-

161 855 305 900 ctus
332 852 359 898 ?
384 850 568 900 Absit.
596 849 666 899 Hi
684 850 765 899 sic
789 850 1034 900 audiunt
1062 850 1144 911 (ea:
1158 850 1508 912 Augustino),
1535 855 1598 900 ut
1623 851 1778 912 quod

161 922 440 984 probant,
457 920 718 971 laudent:
740 921 892 982 quod
906 925 1099 970 autem
1115 921 1460 984 improbant,
1475 923 1606 968 inter
1620 923 1778 969 mulla

161 989 322 1041 forte
346 1003 478 1052 qua:
490 990 748 1053 laudant,
769 991 993 1041 veniam
1008 1003 1124 1041 non
1150 990 1398 1041 laudatis
1415 992 1571 1051 dant,
1587 992 1778 1054 potius

163 1073 352 1123 quam
369 1060 716 1112 calumniam
742 1066 960 1124 parent.
988 1061 1225 1122 Quando
1249 1074 1384 1124 ergo
1400 1064 1426 1110 9
1452 1062 1587 1111 Cum
1608 1063 1781 1110 consi-

163 1135 330 1178 steret
355 1137 594 1194 peccator
619 1132 906 1179 adversum
933 1145 1032 1178 me.
1055 1133 1178 1181 Stat
1207 1132 1363 1181 enim
1387 1133 1614 1195 propria
1636 1144 1782 1194 qua-

162 1200 308 1250 dam
325 1201 530 1251 notitia
544 1202 1435 1265 peccatorsuperbus,quisquam
1451 1202 1684 1253 invidus
1695 1217 1780 1249 au-

159 1270 608 1334 ditloquentem
639 1271 1071 1333 transilientem,
1097 1274 1490 1335 captatverba,
1514 1273 1777 1336 proponit

155 1339 430 1402 laqueos.
445 1340 681 1391 Difﬁcile
706 1347 812 1401 est,
837 1345 903 1391 ut
925 1354 1044 1392 non
1060 1342 1321 1393 inveniat
1340 1342 1555 1406 aliquid
1571 1355 1690 1393 non
1707 1345 1776 1390 ita

158 1411 413 1473 dictum,
427 1415 490 1462 ut
513 1412 622 1462 dici
639 1412 940 1463 debuisset
955 1426 1085 1464 :nec
1100 1413 1386 1464 audiendo
1404 1413 1670 1477 ignoscit,
1689 1416 1773 1462 sed

160 1481 896 1534 calumniaturinvidendo.
914 1483 1147 1534 Talibus
1160 1483 1393 1546 quidem
1415 1484 1600 1547 magis
1616 1486 1775 1532 silen-

161 1552 316 1603 dum
342 1557 450 1614 est,
477 1566 653 1616 quam
677 1553 892 1617 aliquid
916 1554 1246 1604 dicendum.
1272 1556 1416 1605 Nam
1448 1555 1585 1617 quid
1611 1555 1772 1605 dicas

165 1623 440 1687 turbidis,
453 1624 538 1674 cal
547 1625 842 1686 umniosis,
855 1625 1155 1688 litigiosis?
1171 1625 1316 1676 Hinc
1345 1626 1620 1676 Dominus
1637 1625 1775 1675 dicit

158 1695 226 1746 in
250 1695 582 1757 Evangelio,
610 1695 794 1746 Nolite
826 1696 962 1747 dare
999 1701 1267 1747 sanctum
1297 1697 1558 1757 canibus,
1582 1708 1769 1758 neque

1881 499 2032 561 quod
2056 500 2135 550 ita
2169 499 2243 550 sit
2265 499 2324 550 in
2354 512 2442 551 re:
2464 502 2565 552 sed
2587 503 2719 564 quia
2743 516 2850 553 nos
2872 503 3044 565 longa
3057 503 3242 566 spatia
3260 507 3472 566 tempo-

1878 583 2005 620 rum
2025 571 2399 633 designamus
2414 571 2736 634 pluralitate
2748 575 2969 624 dierum
2988 586 3088 637 pro
3109 583 3274 621 nostra
3286 576 3475 633 capaci-

1878 645 2011 703 tate,
2038 642 2328 692 intlnitum
2363 642 2698 693 aeternitatis
2725 647 2990 707 spatium,
3024 656 3328 694 numerum
3355 643 3474 694 die-

1878 725 2006 762 rum
2019 713 2238 775 quiest,
2266 714 2570 776 improprie
2584 715 3070 778 voluitappellare.
3087 716 3258 765 Recte
3279 718 3470 764 autem

1875 782 1971 834 illa
1987 784 2143 846 prius
2169 785 2313 834 scire
2337 784 2553 847 appetit
2569 823 2582 846 ,
2609 790 2672 834 ut
2695 785 3062 844 postmodum
3097 785 3239 835 sciat
3262 784 3400 846 quid
3424 785 3474 835 ei

1876 853 2042 905 desit.
2073 856 2195 904 Non
2217 855 2370 905 enim
2385 854 2546 918 plene
2564 855 2709 904 scire
2727 867 3036 917 possumus
3058 868 3190 917 qum
3205 855 3373 905 nobis
3386 858 3474 902 de-

1878 924 1995 975 sint
2019 925 2077 976 in
2112 925 2543 986 temporalibus,
2580 925 2693 975 nisi
2720 926 2875 987 prius
2911 928 3126 976 mterna
3147 926 3311 983 bona,
3338 937 3472 986 quae

1874 996 2192 1055 amisimus,
2216 997 2458 1047 Domino
2476 1009 2533 1046 re
2543 996 2786 1058 velante,
2806 1007 3244 1059 cognoscamus.
3259 995 3474 1046 Idcirco

1875 1067 2096 1129 reprobi
2133 1067 2271 1129 quid
2297 1068 2381 1117 eis
2419 1068 2587 1126 desit,
2613 1066 3042 1130 deprehendere
3067 1078 3184 1115 non
3207 1070 3468 1127 possunt,

1875 1137 2010 1199 quia
2034 1138 2277 1188 terrenis
2302 1139 2474 1188 rebus
2491 1151 2561 1188 ex
2577 1150 2770 1189 amore
2787 1137 3190 1188 succumbunt.
3218 1137 3476 1196 Cumque

1873 1207 1947 1258 ad
1985 1208 2401 1269 perennitatem
2427 1208 2600 1259 corda
2622 1221 2738 1258 non
2770 1207 3098 1268 sublevant,
3126 1204 3362 1257 exilium
3386 1217 3478 1268 pa-

1876 1279 2064 1339 triam,
2095 1279 2364 1330 tenebras
2380 1279 2587 1340 lucem,
2605 1291 2837 1329 cursum
2853 1278 3220 1328 stabilitatem
3243 1279 3474 1340 putant:

1872 1349 2008 1410 quia
2033 1348 2131 1411 qui
2154 1350 2369 1412 majora
2395 1351 2678 1412 nesciunt,
2692 1349 2948 1412 judicare
2972 1348 3043 1399 de
3068 1346 3324 1397 minimis
3357 1358 3476 1396 non

1872 1423 2135 1482 possunt.
2163 1420 2284 1479 Quo
2309 1423 2506 1471 contra
2517 1433 2725 1471 servus
2750 1420 2850 1470 Dei
2873 1432 3006 1470 cum
3022 1419 3092 1470 ad
3111 1429 3359 1480 superna
3381 1428 3478 1467 cor

1871 1488 2076 1547 elevat,
2123 1488 2413 1540 defectum
2446 1489 2881 1553 temporalitatis
2919 1503 2992 1541 ex
3017 1487 3475 1540 consideratione

1871 1560 2245 1623 perennitatis
2269 1560 2478 1610 melius
2501 1565 2720 1624 pensat.
2739 1561 2900 1611 Unde
2915 1566 3191 1621 tanquam
3206 1561 3343 1609 noto
3362 1557 3475 1608 ﬁne

1876 1642 2001 1694 suo,
2026 1635 2084 1680 et
2100 1643 2340 1681 numero
2364 1631 2585 1682 dierum
2603 1631 2700 1694 qui
2725 1636 2832 1690 est,
2850 1631 3097 1682 attendit
3110 1630 3182 1681 ad
3197 1630 3472 1692 haecquaa

1868 1701 2185 1762 transeunt,
2217 1707 2274 1752 et
2302 1701 2382 1752 ait
2412 1717 2424 1751 :

162 1767 517 1859 margaritas
537 1772 954 1859 spargereaante
974 1781 1175 1859 porcos
1194 1769 1405 1848 (Matth.
1433 1767 1502 1859 ξ’.)
1551 1769 1768 1859 Qualiter
1794 1785 1850 1859 B
1934 1771 1982 1824 6.
2029 1772 2160 1820 Ecce
2209 1772 2592 1859 memmi-abitu
2623 1772 2850 1859 posuisti
2885 1772 3002 1853 _dies
3043 1786 3202 1853 meos.
3255 1773 3318 1824 Id
3357 1780 3470 1836 est,

160 1841 370 1887 autem
394 1837 473 1888 ori
500 1850 606 1888 suo
627 1838 950 1889 custodiam
966 1839 1178 1902 posuit,
1201 1839 1459 1889 insinuat
1489 1851 1622 1889 cum
1646 1841 1767 1886 sub-

150 1907 388 1970 jungn:

231 1978 285 2032 3.
319 1978 588 2037 Obmutui,
627 1984 672 2027 et
725 1979 1048 2028 humiliatus
1092 1995 1231 2042 sum,
1276 1985 1323 2028 et
1351 1980 1483 2028 silui
1516 1996 1551 2028 α
1601 1979 1770 2029 bonis.

163 2049 346 2098 Recte
363 2061 495 2098 cum
513 2048 770 2111 dixisset,
801 2049 1073 2110 Obmutui,
1098 2049 1361 2113 protinus
1385 2050 1670 2112 adjungit,
1702 2049 1773 2096 Et

163 2118 501 2166 humiliatus
512 2134 632 2166 sum
649 2137 659 2166 :
677 2122 737 2169 ut
748 2119 1139 2183 intelligamus
1159 2125 1344 2171 virum
1357 2122 1586 2182 justum
1603 2124 1776 2168 obmu-

161 2189 368 2250 tuisse,
396 2202 512 2240 non
525 2202 599 2240 ex
614 2190 697 2240 ira
710 2191 831 2240 sive
846 2191 1239 2254 indignatione
1258 2210 1270 2240 :
1293 2192 1394 2242 sed
1409 2190 1772 2242 solummodo

159 2273 239 2310 ex
270 2260 616 2312 humilitate.
657 2260 823 2312 Siluit
856 2266 1051 2312 autem
1084 2273 1117 2312 a
1151 2263 1338 2324 bonis,
1369 2267 1434 2312 ut
1457 2275 1573 2313 non
1599 2261 1776 2312 delin-

159 2335 368 2392 queret
392 2331 450 2380 in
473 2331 660 2381 malis.
687 2332 755 2379 Et
771 2345 844 2382 ex
868 2332 996 2394 hoc,
1023 2333 1228 2395 inquit,
1256 2333 1408 2382 dolor
1436 2348 1583 2380 meus
1613 2347 1774 2380 reno-

155 2406 320 2448 vatus
343 2406 430 2451 est.
461 2403 509 2452 A
536 2401 728 2454 dolore
769 2403 981 2466 quippe
1006 2404 1255 2466 quodam
1284 2405 1387 2466 (Em
1417 2404 1570 2466 eod.),
1597 2416 1770 2465 quem

162 2472 312 2522 mihi
363 2473 703 2523 inflexerant
744 2473 1187 2524 calumniatores
1219 2480 1276 2525 et
1307 2474 1770 2536 reprehensores,

167 2547 448 2604 tanquam
467 2545 862 2606 requieveram
877 2545 936 2594 in
953 2544 1197 2605 silentio,
1217 2549 1271 2594 et
1285 2549 1615 2595 cessaverat
1631 2547 1772 2591 dolor

161 2612 281 2672 ille,
306 2614 400 2676 qui
430 2613 617 2664 factus
640 2614 824 2665 fuerat
848 2627 883 2666 a
907 2615 1411 2666 calumniantibus.
1437 2617 1769 2666 Renovatus

161 2689 258 2735 est
274 2688 470 2735 autem
487 2684 648 2736 dolor
661 2697 855 2746 meus,
874 2686 1010 2752 quia
1033 2698 1120 2736 ea:
1129 2686 1180 2748 pi
1199 2685 1326 2748 plus
1343 2685 1532 2736 dolere
1558 2688 1769 2732 tacuisse

159 2767 300 2818 quae
330 2755 515 2806 dicere
539 2755 825 2817 deberem,
875 2768 1051 2818 quam
1077 2755 1373 2807 dolueram
1396 2755 1610 2806 dixisse
1636 2768 1768 2818 quas

164 2826 361 2877 dicere
383 2838 499 2877 non
523 2826 808 2877 deberem.
835 2829 903 2877 Et
924 2827 1080 2877 ideo:

230 2896 285 2948 4.
309 2897 591 2946 Concaluit
605 2912 696 2945 cor
708 2912 889 2945 meum
903 2898 1056 2946 intra
1070 2912 1169 2947 me.
1191 2898 1371 2960 Cmpit
1393 2910 1524 2948 esse
1547 2896 1768 2959 inquie-

159 2971 290 3016 tum
308 2979 407 3017 cor
423 2980 642 3017 meum:
664 2968 931 3019 videbam
942 2969 1289 3028 insensatos,
1305 2972 1362 3019 et
1379 2969 1762 3019 tabescebam.

159 3040 291 3088 Non
325 3039 657 3101 arguebam,
706 3044 763 3089 et
795 3051 887 3089 me
929 3040 1010 3089 sic
1058 3044 1342 3090 tacentem
1367 3039 1524 3090 zelus
1559 3039 1766 3088 domus

160 3112 284 3161 tuae
330 3110 667 3160 comedebat
720 3111 734 3173 (
758 3110 900 3158 Psal.
949 3109 1035 3163 68.
1082 3110 1243 3160 Joan.
1293 3109 1342 3162 ‘2.
1369 3111 1404 3172 ).
1454 3113 1522 3160 Et
1565 3122 1638 3160 ne
1664 3121 1768 3171 pu-

1871 1854 1990 1892 non
2013 1847 2278 1902 aeternos,
2307 1843 2408 1894 sed
2432 1843 2764 1894 defectivos.
2793 1843 3047 1906 Quisque
3068 1844 3220 1894 enim
3237 1847 3332 1892 sub
3343 1853 3472 1894 certa

1867 1924 2141 1964 mensura
2175 1914 2332 1964 vivit.
2382 1914 2449 1962 Et
2487 1913 2789 1962 substantia
2835 1929 2990 1962 mea:
3027 1927 3143 1965 non
3174 1916 3470 1967 renovatio

1871 1995 2043 2045 quam
2070 1983 2204 2034 fecit
2227 1983 2509 2043 Christus,
2537 1984 2641 2034 sed
2665 1984 2922 2035 essentia
2944 1984 3268 2048 corporalis,
3295 1998 3470 2048 quam

1870 2053 2156 2104 traximus
2173 2068 2245 2104 ex
2258 2055 2438 2104 Adam
2459 2071 2470 2104 :
2492 2060 2757 2117 tauquam
2771 2055 3014 2102 nihilum
3033 2061 3156 2102 ante
3182 2060 3244 2102 te.
3260 2058 3469 2111 Quidam

1869 2123 2137 2174 videntur
2163 2125 2356 2186 magni
2372 2128 2503 2174 ante
2518 2137 2597 2186 se,
2617 2125 2686 2174 de
2713 2125 2926 2186 quibus
2945 2125 3218 2188 scriptum
3234 2131 3349 2177 est:
3367 2128 3470 2177 Vm

1869 2195 1969 2257 qui
2000 2195 2288 2258 sapientes
2333 2196 2472 2244 estis
2503 2195 2560 2244 in
2599 2194 2781 2244 oculis
2811 2195 3017 2245 vestris
3043 2196 3188 2255 (Isai.
3222 2195 3292 2253 3.)
3328 2212 3339 2246 :
3369 2197 3470 2247 sed

1869 2269 2000 2316 ante
2027 2267 2202 2316 Deum
2227 2265 2368 2316 nihil
2394 2271 2547 2326 sunt,
2579 2268 2722 2316 teste
2757 2265 3048 2328 Apostolo,
3088 2266 3187 2328 qui
3220 2267 3336 2316 ait:
3364 2269 3471 2328 Qui

1868 2340 2035 2399 putat
2051 2349 2113 2386 se
2135 2336 2353 2398 aliquid
2375 2349 2522 2398 esse,
2553 2349 2683 2386 cum
2719 2335 2858 2386 nihil
2885 2337 2976 2396 sit,
3002 2337 3125 2400 ipse
3163 2349 3222 2386 se
3248 2337 3472 2389 seducit

1870 2407 2050 2469 (Gatat
2095 2406 2184 2466 5.).
2215 2409 2329 2456 Nec
2353 2407 2462 2457 iste
2487 2420 2558 2457 ex
2583 2407 2694 2456 hoc
2715 2418 2960 2468 magnus
2983 2411 3089 2465 est,
3115 2419 3252 2457 nam
3276 2409 3470 2456 inﬂatio

1869 2482 1926 2528 et
1951 2482 2142 2528 tumor
2165 2477 2419 2527 imitatur
2436 2477 2908 2541 magnitudinem,
2938 2477 3038 2527 sed
3064 2491 3180 2528 non
3204 2478 3378 2528 habet
3392 2494 3465 2526 sa.-

1866 2548 2126 2598 nitatem.
2154 2548 2244 2598 Sic
2287 2547 2508 2610 primus
2532 2548 2704 2596 homo
2736 2549 2982 2598 traditus
3005 2547 3127 2607 fuit,
3157 2552 3221 2597 ut
3244 2561 3344 2611 per
3366 2560 3471 2599 au-

1865 2624 2102 2683 gmenta
2117 2623 2439 2680 temporum
2467 2618 2620 2668 tendi
2638 2622 2832 2680 posset
2849 2617 2975 2680 ejus
2992 2620 3090 2664 vita
3110 2622 3466 2678 tantummodo,

1868 2703 1984 2741 non
2013 2689 2220 2740 evolvi.
2249 2689 2353 2738 Sed
2375 2688 2509 2750 quia
2546 2692 2751 2750 sponte
2779 2688 2852 2737 ad
2871 2687 3095 2750 culpam
3119 2688 3329 2739 decidit
3353 2702 3467 2751 quo

1863 2760 2054 2823 attigit
2070 2759 2333 2820 vetitum,
2361 2757 2592 2821 pertulit
2615 2758 2946 2808 decursum.
2974 2759 3106 2808 Ideo
3131 2761 3370 2806 nunciste
3390 2762 3465 2807 vir

1865 2835 2104 2882 sanctus
2133 2829 2255 2879 dies
2281 2842 2418 2880 suos
2444 2828 2804 2879 transitorios
2829 2828 3128 2891 conspicit,
3156 2833 3213 2879 et
3238 2841 3299 2879 se
3321 2828 3465 2880 nihil

1863 2901 1978 2952 nisi
2013 2900 2308 2962 pulverem
2332 2899 2649 2964 cognoscit.
2674 2898 2837 2950 Unde
2861 2899 3033 2949 etiam
3061 2903 3346 2961 sequutus
3363 2899 3457 2949 ad-

1857 2971 2078 3036 junxit:
2107 2972 2482 3022 Verumtamen
2500 2970 2754 3017 universa.
2770 2970 3005 3030 vanitas,
3019 2969 3196 3018 omnis
3211 2970 3371 3017 homo
3387 2970 3463 3017 vi-

1863 3058 2005 3091 vens.
2026 3044 2151 3092 Jam
2183 3041 2421 3091 transilii
2445 3039 2705 3091 mortalia
2729 3041 2941 3091 omnia.
2959 3039 3194 3090 Asoendi
3218 3039 3290 3090 ad
3307 3040 3464 3091 dele-

1863 3113 2167 3163 ctationem
2185 3111 2330 3175 legis
2346 3111 2464 3162 Dei.
2483 3110 2808 3161 Desideravi
2822 3113 2970 3158 tinem
2990 3111 3092 3165 (Ea:
3112 3111 3154 3159 A
3169 3109 3458 3172 ugustino),

159 3179 599 3268 taremushhunc
623 3179 869 3268 calorem
908 3193 1034 3231 esse
1069 3193 1332 3268 parvum,
1358 3181 1630 3268 continuo
1662 3177 1764 3228 ad-
1791 3193 1840 3268 ρ
1863 3184 2030 3247 cujus
2044 3196 2159 3233 non
2175 3187 2263 3232 est
2285 3183 2509 3268 ﬁnis,et
2531 3193 2838 3268 numerum
2864 3181 3086 3231 dierum
3108 3184 3193 3240 qui
3216 3187 3316 3268 est,
3334 3186 3380 3228 et
3404 3182 3457 3228 in

152 3252 381 3314 junxit:
408 3251 476 3298 Et
502 3251 563 3297 in
586 3250 932 3299 meditatione
954 3266 1073 3298 mea
1088 3251 1389 3299 eacardescet
1413 3251 1574 3314 ignis.
1607 3252 1670 3300 In
1694 3262 1761 3299 eo

155 3321 318 3384 quod
347 3334 464 3372 non
487 3321 596 3372 ait:
638 3322 882 3381 Exarsit,
912 3321 1014 3372 sed
1048 3321 1395 3370 Eaca-rdescet:
1421 3321 1675 3371 ostendit
1699 3319 1760 3369 il-

155 3392 282 3443 lum
300 3394 489 3456 ignem
507 3405 760 3442 crescere
777 3393 961 3456 magis
979 3405 1045 3443 ac
1061 3393 1242 3455 magis
1258 3405 1331 3443 ex
1357 3392 1757 3443 taciturnitate.

158 3469 241 3513 Ac
269 3465 316 3512 si
343 3463 586 3514 diceret:
620 3463 884 3524 Quandiu
921 3463 1117 3516 silebo.
1145 3467 1304 3514 tanto
1339 3464 1584 3521 amplius
1608 3461 1760 3526 ignis

157 3534 517 3585 exardescet.
546 3536 776 3584 Positus
803 3535 914 3596 (Eas
935 3536 1067 3596 cod.)
1086 3535 1144 3585 in
1161 3535 1266 3585 hac
1287 3535 1661 3585 ﬂuctuatione
1679 3537 1764 3586 di-

159 3605 327 3654 cendi
371 3609 429 3655 et
461 3604 707 3664 tacendi,
741 3604 892 3654 inter
935 3618 1030 3655 eos
1076 3605 1173 3668 qui
1219 3604 1553 3656 calumniari
1580 3608 1759 3668 parati

159 3681 321 3738 sunt,
348 3680 404 3725 et
429 3689 527 3726 eos
544 3677 637 3738 qui
665 3676 1177 3735 ati'ectantinstrui,
1198 3675 1520 3740 periclitans
1536 3690 1608 3726 ne
1635 3691 1762 3739 pro-

148 3747 314 3811 jiciat
340 3749 679 3809 margaritas
711 3746 915 3809 porcis,
958 3747 1286 3808 periclitans
1321 3759 1393 3796 ne
1425 3759 1542 3796 non
1566 3753 1760 3811 eroget

155 3818 372 3868 cibaria
395 3818 716 3868 conservis:
743 3818 803 3867 in
827 3818 936 3867 hoc
963 3822 1111 3868 aestu
1137 3817 1412 3880 quaesivit
1439 3817 1612 3868 alium
1637 3832 1760 3870 me-

154 3889 358 3939 liorem
391 3889 600 3947 locum,
627 3894 682 3939 et.
703 3889 1076 3952 suspiransin
1100 3888 1272 3939 finem
1303 3889 1630 3951 quemdam,
1660 3892 1758 3942 ubi

156 3960 272 4009 ista
301 3972 416 4009 non
441 3959 546 4009 erit
570 3971 870 4022 passurus,
905 3960 1013 4009 ait:

219 4029 271 4082 5.
288 4031 515 4078 Locutus
538 4045 659 4077 sum
690 4031 751 4078 in
781 4030 976 4093 lingua
1013 4044 1150 4080 mea.
1178 4030 1282 4080 Sed
1306 4043 1410 4080 cur
1432 4030 1483 4079 ei
1505 4029 1760 4093 loquitur

155 4103 214 4152 in
241 4101 441 4161 lingua
456 4113 579 4161 sua,
595 4101 684 4151 cui
699 4105 834 4151 nota
849 4105 938 4151 est
961 4101 1227 4164 cogitatio
1245 4112 1351 4150 sua
1371 4103 1398 4149 ‘t
1414 4100 1522 4150 Sed
1553 4100 1759 4152 fortas-

157 4174 241 4222 sis
265 4173 394 4222 ideo
419 4172 479 4222 in
503 4171 699 4234 lingua
723 4171 994 4234 loquitur.
1034 4177 1098 4222 ut
1126 4172 1254 4233 ejus
1280 4171 1567 4222 locutione
1591 4173 1758 4222 audi-

157 4249 350 4294 torum
377 4243 498 4293 vita
541 4243 874 4293 instruatur.
914 4243 1009 4292 Ait
1045 4255 1180 4305 ergo
1208 4258 1220 4291 :
1246 4241 1450 4290 Notum
1485 4241 1572 4303 fac
1595 4244 1755 4303 mihi,

154 4314 409 4371 Domine,
439 4315 603 4375 ﬁnem
627 4329 822 4362 meum.
851 4314 991 4374 Quia
1009 4315 1131 4376 jam
1148 4313 1270 4363 vias
1295 4313 1506 4374 quibus
1532 4313 1755 4375 gradie-

154 4387 342 4443 batur,
362 4388 605 4434 noverat
627 4389 683 4435 et
707 4385 960 4448 easdem,
977 4398 1051 4435 ne
1075 4383 1399 4442 offenderet,
1416 4388 1582 4446 prout
1607 4389 1758 4446 pote-

153 4461 262 4517 rat,
288 4455 655 4505 custodiebat
681 4471 692 4504 :
729 4451 876 4522 |79
906 4454 1038 4505 Vult
1061 4455 1229 4504 etiam
1254 4453 1428 4503 ﬁnem
1455 4466 1625 4503 suum
1641 4466 1755 4516 quo

157 4527 394 4577 tendere
425 4526 647 4580 debeat,
669 4527 839 4576 scire:
865 4539 938 4576 ne
963 4525 1011 4575 si
1035 4529 1225 4575 currat
1247 4525 1302 4574 in
1327 4524 1626 4582 incertum,
1653 4537 1753 4574 va-

151 4597 270 4648 leat
280 4596 564 4646 aberrare.
581 4595 780 4646 Finem
806 4595 916 4647 viae
931 4600 1145 4646 nostra:
1165 4594 1333 4644 nobis
1345 4594 1598 4645 ostendit
1621 4599 1752 4654 Apo-

153 4667 358 4724 stolus,
385 4666 486 4716 ubi
509 4665 625 4716 ait:
663 4666 818 4715 Finis
862 4665 1004 4727 legis
1046 4665 1326 4725 Christus,
1373 4664 1443 4714 ad
1471 4664 1755 4726 justitiam

153 4738 313 4788 omni
347 4737 603 4788 credenti
646 4737 818 4800 (Rom.
870 4735 991 4797 16.).
1025 4736 1285 4787 Christus
1309 4739 1400 4785 est
1423 4735 1553 4786 finis
1576 4735 1758 4786 nostri

152 4809 363 4873 operis,
392 4813 682 4858 etmerces
699 4807 928 4858 laboris.
955 4807 1246 4868 Adipsum
1273 4806 1583 4868 tendimus,
1609 4805 1759 4856 ultra

151 4881 346 4943 ipsum
366 4890 485 4928 non
509 4883 599 4928 est
620 4890 734 4941 quo
753 4878 982 4928 tendere
1014 4876 1328 4928 valeamus.
1347 4879 1476 4939 Ipse
1496 4882 1583 4927 est
1605 4876 1757 4928 enim

153 4961 456 5001 summum
475 4949 711 5009 bonum,
731 4960 961 4999 summa
980 4947 1291 4998 beatitudo.
1312 4948 1585 5010 Quisquis
1601 4947 1758 4998 hunc

153 5023 332 5072 finem
358 5020 561 5078 nescit,
586 5020 658 5070 ad
685 5021 878 5082 ipsum
901 5032 1019 5070 non
1032 5019 1230 5069 tendit.
1248 5019 1431 5069 Etiam
1445 5021 1490 5068 si
1516 5023 1669 5070 recte
1683 5019 1759 5070 vi-

153 5104 293 5143 vere
319 5091 606 5152 videatur,
639 5091 698 5140 in
721 5103 939 5140 vanum
975 5090 1168 5140 currit.
1199 5091 1314 5140 Nec
1338 5095 1557 5140 certum
1582 5089 1758 5140 ﬁnem

154 5160 582 5220 tantummodo,
597 5160 698 5211 sed
718 5173 908 5211 veram
925 5171 1155 5222 quoque
1169 5160 1347 5210 vitam
1365 5162 1510 5211 scire
1523 5162 1757 5222 postulat,

151 5245 293 5283 cum
310 5231 615 5294 subiungit
632 5247 643 5280 :
663 5231 729 5279 Et
745 5245 1036 5279 numerum
1055 5230 1268 5278 dierum
1279 5245 1520 5279 meorum
1535 5231 1657 5294 quis
1667 5236 1754 5290 est,

151 5308 365 5353 notum
397 5301 485 5352 fac
532 5301 692 5351 mihi.
729 5303 913 5362 Quare
935 5304 962 5350 ?
992 5301 1053 5349 Ut
1089 5301 1259 5349 sciam
1281 5301 1416 5363 quid
1436 5301 1566 5349 desit
1596 5301 1754 5350 mihi.

157 5375 264 5424 Isti
291 5372 416 5423 dies
439 5385 556 5423 non
583 5375 733 5422 sunt.
755 5375 902 5422 Ante
918 5371 1296 5434 abeuntpene
1321 5384 1494 5433 quam
1520 5374 1756 5422 veniant:

151 5447 211 5496 et
235 5456 372 5494 cum
397 5443 680 5503 venerint,
705 5445 855 5492 stare
880 5455 992 5492 non
1018 5447 1280 5505 possunt.
1308 5443 1522 5504 Urgent
1545 5455 1627 5505 se,
1663 5455 1758 5492 se-

154 5518 426 5578 quuntur
449 5526 529 5566 se.
555 5518 613 5564 et
637 5525 752 5563 non
777 5525 839 5563 se
863 5517 1077 5563 tenent.
1103 5511 1254 5563 Nihil
1287 5512 1355 5562 de
1373 5513 1658 5576 praeterito
1675 5525 1757 5564 re-

157 5589 420 5646 vocatur,
461 5584 618 5646 quod
645 5583 901 5634 futurum
925 5583 1305 5634 transiturum
1341 5587 1708 5645 exspectatur
1744 5599 1756 5632 :

153 5657 420 5708 nondum
446 5655 706 5716 habetur,
729 5655 869 5703 dum
889 5666 1005 5704 non
1016 5654 1201 5705 venit:
1226 5667 1340 5704 non
1361 5655 1602 5712 tenetur,
1621 5653 1760 5704 dum

156 5727 705 5781 venerit.Numerus
729 5736 864 5786 ergo
890 5723 1106 5774 dierum
1132 5725 1226 5786 qui
1255 5727 1360 5787 est,
1379 5724 1503 5787 ipsa
1519 5729 1607 5774 est
1630 5723 1760 5775 inil-

156 5800 314 5852 nitas
327 5796 688 5859 aeternitatis,
717 5807 848 5858 quas
868 5807 1070 5847 verum
1084 5808 1209 5846 esse
1234 5795 1407 5848 habet
1425 5795 1586 5859 :quia
1612 5807 1761 5860 prae-

1779 4548 1836 4620 D

1863 3268 1930 3306 eo
1955 3254 2108 3316 quod
2127 3256 2306 3303 restat
2331 3252 2413 3302 sic
2429 3252 2602 3301 inhio.
2634 3252 3040 3302 Verumtamen
3054 3251 3309 3313 quandiu
3335 3257 3461 3298 tem-

1861 3323 2130 3388 poraliter
2143 3323 2293 3384 vivo,
2312 3320 2620 3388 quamdiul
2637 3321 2688 3386 8
2700 3319 2749 3388 ο
2785 3324 3022 3372 tentatio
3039 3326 3128 3372 est
3153 3321 3269 3371 vita
3283 3320 3464 3371 homi-

1860 3394 1953 3444 nis
1976 3405 2147 3456 super
2169 3398 2376 3443 terram
2405 3392 2534 3454 (Job.
2562 3391 2651 3455 7.),
2678 3391 2951 3454 quamdiu
2976 3391 3233 3441 humana
3256 3395 3461 3442 natura

1861 3470 1918 3515 et
1943 3463 2260 3514 secundum
2292 3475 2499 3524 corpus
2531 3467 2588 3512 et
2612 3462 2930 3514 secundum
2956 3462 3226 3521 animam,
3256 3463 3364 3512 sub
3396 3475 3460 3513 se

1862 3535 2036 3586 habet
2057 3534 2329 3585 deficere:
2382 3534 2643 3582 Universa
2671 3534 2886 3581 vanitas
2908 3539 2977 3580 est
3002 3533 3181 3581 omnis
3208 3533 3367 3581 homo
3389 3533 3464 3581 vi-

1861 3621 2004 3655 vens.
2032 3606 2311 3656 Universa
2326 3604 2480 3654 enim
2506 3616 2636 3666 quae
2661 3604 2720 3654 in
2745 3603 2978 3654 homine
3004 3606 3157 3662 sunt,
3187 3611 3296 3653 tam
3320 3603 3461 3654 inte-

1859 3677 1979 3726 rius
2003 3688 2178 3738 quam
2201 3675 2472 3733 exterius,
2491 3675 2930 3724 diminutionem
2943 3673 3176 3734 habent,
3196 3673 3318 3725 sive
3341 3686 3464 3724 mu-

1860 3747 2214 3798 tabilitatem.
2254 3745 2472 3804 Omnia,
2512 3745 2769 3809 inquam,
2817 3745 2990 3796 homo
3035 3749 3092 3795 et
3135 3757 3380 3795 manens
3405 3749 3462 3795 et

1859 3819 2203 3876 transiliens,
2229 3817 2416 3880 etipse
2434 3817 2605 3867 etiam
2623 3816 2894 3877 ldithum,
2911 3815 3188 3878 quamdiu
3206 3815 3299 3865 hic
3313 3817 3457 3878 vivit,

1857 3889 2145 3940 universae
2164 3888 2425 3951 subjacet
2447 3887 2706 3940 vanitati.
2722 3887 2883 3938 Unde
2906 3887 3174 3938 Salomon
3194 3887 3301 3937 ait:
3328 3886 3461 3936 Vidi

1859 3963 2066 4010 cuncta
2101 3971 2234 4021 quas
2273 3958 2420 4008 fiunt
2444 3959 2554 4008 sub
2591 3958 2730 4016 sole,
2757 3971 2889 4008 ecce
2921 3958 3203 4008 universa
3231 3959 3462 4008 vanitas

1862 4030 2017 4094 (Eccl.
2052 4028 2152 4090 1.).
2179 4028 2340 4079 Unde
2362 4031 2421 4079 et
2444 4027 2711 4078 subditur
2743 4045 2755 4077 :

1921 4099 1970 4152 7.
2001 4099 2382 4148 Verumtamen
2413 4097 2473 4145 in
2514 4098 2756 4160 imagine
2778 4098 3071 4161 pertransit
3092 4097 3270 4156 homo,
3303 4097 3393 4145 sed
3414 4103 3460 4145 et

1857 4171 2066 4231 frustra
2078 4168 2816 4231 conturbatttr.Quamquam
2832 4171 3016 4231 portet
3029 4168 3336 4230 imaginem
3352 4170 3456 4225 Dei,

1860 4244 2049 4290 tamen
2073 4251 2190 4289 non
2209 4238 2392 4288 solum
2410 4238 2743 4300 transit,sed
2763 4238 3083 4300 pertransit.
3104 4239 3277 4299 Cujus
3296 4244 3460 4284 trans-

1859 4310 1957 4371 ire,
1981 4311 2072 4360 est
2105 4309 2348 4372 singulis
2394 4309 2701 4359 momentis
2734 4309 2802 4358 ad
2833 4308 3004 4357 ﬁnem
3044 4307 3291 4358 tendere.
3323 4309 3458 4357 Per-

1860 4381 2102 4432 transire
2121 4393 2257 4429 vero
2271 4379 2448 4430 vitam
2466 4377 2762 4429 moriendo
2789 4378 2966 4427 ﬁnire.
2985 4379 3100 4427 Nec
3125 4375 3312 4426 solum
3329 4376 3458 4428 haac

1854 4452 2087 4514 patitur,
2115 4449 2215 4500 sed
2250 4453 2309 4499 et
2334 4449 2536 4499 usibus
2565 4447 2802 4497 terrenis
2818 4447 3034 4496 frustra
3063 4448 3457 4496 conturbatur.

1863 4521 2093 4572 Undeet
2109 4519 2401 4569 subditur:
2440 4517 2781 4566 Thesaurisat
2804 4522 2849 4564 et
2879 4517 3098 4578 ignorat
3128 4516 3216 4564 cui
3239 4531 3460 4580 congre-

1861 4591 2006 4655 gabit
2030 4607 2108 4641 ea.
2128 4593 2269 4641 Ηωο
2293 4594 2383 4640 est
2407 4589 2596 4639 adhuc
2619 4588 2805 4651 magis
2828 4587 3073 4650 lugenda
3091 4587 3459 4647 vanitas,quia

1859 4675 1990 4713 cum
2015 4663 2185 4712 homo
2215 4673 2249 4710 a
2272 4660 2361 4710 sui
2387 4659 2706 4710 Conditoris
2730 4671 2922 4709 amore
2948 4658 3170 4720 cecidit,
3196 4659 3458 4722 protinus

1858 4737 2124 4784 amoreet
2149 4731 2338 4782 studio
2362 4730 2754 4780 mundialibus
2779 4729 3028 4791 inhaesit,
3054 4729 3362 4791 inlantum,
3390 4731 3453 4780 ut

1857 4803 2095 4854 exilium
2114 4814 2284 4852 suum
2302 4801 2488 4851 libens
2506 4801 2773 4864 perferat:
2789 4800 3006 4850 invitus
3023 4799 3458 4868 recedat.czeca-y

1859 4888 1969 4938 que
1994 4873 2304 4937 cupiditate
2328 4873 2580 4931 orbatus,
2608 4871 2910 4922 thesauros
2944 4869 3199 4933 colligat:
3240 4870 3340 4921 sed
3367 4873 3463 4922 cul

1859 4949 2169 5008 congregat
2192 4943 2395 4994 nescit.
2423 4942 2584 4993 Unde
2608 4942 2832 4992 cuidam
2859 4942 3077 4992 dictum
3102 4946 3221 4992 est:
3249 4942 3440 5001 Stulte,

1857 5015 1966 5066 hac
1988 5021 2156 5066 nocte
2187 5014 2438 5065 animam
2478 5019 2634 5064 tuam
2666 5012 2862 5063 tollent
2892 5025 2925 5061 a
2949 5017 3020 5064 te.
3048 5014 3189 5074 Quae
3215 5027 3454 5072 praepara-

1860 5087 1950 5147 sti,
1979 5087 2154 5147 cujus
2177 5089 2342 5136 erunt
2376 5086 2524 5146 (Luc.
2551 5081 2700 5145 12.)?
2741 5084 2964 5134 Habere
2989 5084 3078 5133 vis
3105 5083 3258 5146 quod
3283 5083 3457 5141 Deus,

1859 5161 1916 5208 et
1938 5170 2055 5207 non
2079 5156 2311 5220 perdere
2332 5159 2357 5205 ?
2381 5155 2692 5206 Ostendam
2723 5155 2821 5205 tibi
2842 5159 3031 5204 tutum
3057 5154 3268 5204 locum.
3307 5153 3460 5203 Audi

1857 5227 2168 5278 Dominum
2185 5227 2244 5276 in
2265 5225 2574 5289 Evangelio
2594 5241 2606 5275 :
2631 5225 3031 5275 Thesaurizate
3044 5223 3208 5273 vobis
3224 5223 3458 5272 thesau-

1859 5311 1954 5349 ros
1984 5298 2042 5347 in
2066 5297 2227 5357 caelo,
2246 5297 2343 5348 ubi
2371 5298 2542 5357 fures,
2569 5309 2684 5347 non
2704 5296 3101 5354 furantur,nec
3115 5305 3330 5355 mrugo,
3355 5298 3458 5344 aut

1861 5370 2006 5420 tinea
2040 5368 2347 5418 demolitur
2385 5369 2590 5429 (Matth.
2618 5366 2702 5428 6.).
2743 5366 2853 5417 Sed
2889 5377 3040 5428 ergo,
3079 5364 3286 5426 inquis,
3318 5375 3459 5425 quo-

1860 5440 2032 5492 modo
2061 5451 2208 5501 pono
2233 5439 2292 5488 in
2316 5438 2457 5489 caelo
2480 5442 2507 5487 εἰ
2554 5439 2704 5487 Pone
2733 5437 2794 5486 in
2849 5435 3116 5486 manibus
3141 5446 3457 5497 pauperum

1863 5513 2003 5577 (Luc.
2035 5509 2169 5570 11.):
2205 5509 2278 5559 da
2318 5509 2727 5571 indigentibus.
2755 5506 2926 5569 Audi,
2960 5510 3018 5556 et
3053 5504 3141 5555 iac
3165 5503 3319 5568 quod
3346 5504 3458 5556 iste

1862 5580 2189 5634 transiliens
2218 5579 2378 5628 addit
2401 5594 2411 5627 :

1924 5651 1974 5705 8.
1994 5650 2061 5698 Et
2098 5663 2263 5707 nunc,
2299 5664 2416 5711 quae
2430 5654 2500 5696 est
2523 5649 2839 5712 exspectatio
2874 5662 2989 5696 mea
3008 5649 3032 5697 .9
3055 5646 3249 5694 Nonne
3271 5645 3461 5694 Domi-

1861 5739 1966 5772 nus
1990 5724 2014 5771 .9
2037 5721 2108 5769 Et
2131 5719 2263 5780 quia
2288 5721 2494 5768 cuncta
2514 5719 2606 5768 hic
2633 5721 2952 5780 transeunt,
2978 5721 3035 5767 et
3057 5716 3197 5766 nihil
3226 5720 3460 5764 retinetur

1861 5795 2105 5851 certum,
2131 5793 2232 5839 aut
2269 5801 2538 5840 securum
2570 5803 2735 5848 nunc,
2762 5787 2820 5840 id
2847 5791 2953 5851 est,
2981 5787 3042 5838 in
3071 5787 3178 5838 hac
3210 5787 3461 5839 vanitate
