3908 6232
448 299 477 351 7
484 298 513 351 9
522 298 546 351 1

446 496 574 533 sum
600 497 611 532 :
642 482 778 544 quid
795 482 997 543 debeo,
1015 482 1124 531 nisi
1144 483 1323 530 Deum
1341 481 2040 542 exspectaretEtconver-

446 562 574 607 telis
601 568 663 603 se
687 554 757 603 ad
776 567 907 603 eum
933 565 1103 616 quem
1128 555 1472 614 exspectans
1496 551 1698 613 diligit,
1716 550 2039 600 eifamiliari

444 632 503 679 et
524 626 763 687 antiqua
785 624 1073 674 locutione
1098 623 1261 673 dicit:
1292 623 1357 670 Et
1379 621 1680 671 substantia
1697 637 1811 669 mea
1836 622 2041 684 apudte

445 704 531 749 est.
563 696 732 759 Apud
756 696 1063 745 Dominum
1089 694 1261 744 habet
1285 692 1665 743 substantiam
1684 693 2039 753 suam,quis-

445 770 576 833 quis
594 770 820 831 propter
832 768 1015 816 Deum
1034 770 1242 815 cuncta
1256 775 1389 826 quae
1406 763 1594 825 habet,
1614 762 1906 813 distribuit.
1924 780 1934 810 :
1953 770 2039 810 aut

446 854 515 893 ea
546 850 679 902 quae
702 838 926 895 retinet,
951 836 1023 885 ad
1040 836 1317 886 honorem
1344 834 1527 896 ipsius
1544 833 1849 896 expendit:
1876 837 1932 882 et
1954 833 2041 883 ni-

446 912 527 964 hil
550 909 786 962 omnino
812 911 1020 972 praater
1045 909 1227 956 Deum
1244 904 1612 967 concupiscit.
1638 905 1768 954 Post
1784 909 2041 954 contem-

448 989 572 1036 tum
599 992 808 1042 rerum,
827 976 1081 1043 postulat
1095 976 1494 1027 remissionem
1510 979 1894 1039 peccatorum,
1908 987 2041 1026 cuin

452 1051 756 1118 subjungit
782 1064 794 1099 :

511 1117 572 1178 9.
594 1122 672 1171 Ab
689 1118 938 1169 omnibus
962 1117 1344 1179 iniquitatibus
1364 1118 1493 1165 meis
1507 1132 1631 1165 erue
1645 1132 1742 1165 me.
1760 1118 1847 1168 Ab
1864 1118 2043 1167 omni-

450 1196 580 1256 bus,
616 1194 878 1253 inquam,
905 1194 1031 1249 {tam
1064 1188 1429 1250 cogitationis
1463 1201 1636 1251 quam
1657 1187 1964 1239 locutionis
1989 1191 2046 1238 et

451 1264 657 1330 cperis.
684 1264 825 1312 Tam
843 1260 916 1310 ab
941 1259 1181 1310 occultis
1212 1270 1387 1321 quam
1410 1260 1481 1309 ab
1501 1258 1721 1317 alienis,
1747 1260 1860 1308 tam
1887 1270 1922 1308 a
1947 1270 2045 1308 ve-

448 1335 701 1389 nialibus
727 1343 899 1395 quam
919 1342 954 1381 a
985 1330 1396 1380 criminalibus.
1422 1332 1491 1380 Et
1514 1330 1649 1392 quia
1675 1334 1894 1379 terrena
1909 1341 2046 1379 con-

454 1414 669 1467 temno,
686 1403 822 1467 quia
843 1401 1027 1453 laetari
1052 1402 1110 1450 in
1136 1400 1478 1451 transitoriis
1497 1400 1646 1462 nolo,
1671 1400 1809 1462 quia
1826 1398 2047 1450 humili-

452 1481 632 1530 tatem
665 1478 722 1526 et
767 1476 1159 1538 paupertatem
1196 1476 1423 1534 appeto,
1468 1475 1525 1522 et
1573 1471 1695 1522 sola
1736 1470 2047 1522 invisibilia

454 1550 820 1611 concupisco,
847 1542 1208 1608 Opprobrium
1236 1544 1514 1606 insipienti
1546 1542 1734 1592 dedisti
1757 1556 1855 1594 me.
1882 1542 2046 1594 Unde

453 1618 766 1685 Apostolus
788 1616 869 1666 ait
892 1629 904 1664 :
924 1613 1335 1685 Spectaculum
1351 1613 1485 1664 facti
1510 1626 1714 1685 sumus
1737 1613 1972 1677 mundo,
1989 1617 2048 1664 et

452 1683 690 1753 angelis,
729 1692 788 1738 et
823 1685 1157 1736 hominibus
1192 1683 1261 1743 (1.
1309 1684 1429 1733 Cor.
1466 1683 1550 1747 4.).
1589 1686 1639 1735 Α
1676 1685 1893 1736 dextris
1925 1689 1984 1736 et
2014 1695 2050 1734 a

1506 298 1772 349 RUFINO
1806 295 2267 354 PRESBYTERO
2301 298 2682 349 ASCRIPTUS

444 398 503 463 in
527 411 635 462 hac
660 411 1132 483 peregrinatione,
1165 410 1304 460 dum
1328 409 1514 461 adhuc
1538 410 1747 483 habere
1768 422 1886 459 non
1915 422 2042 472 pos—
2062 414 2115 483 Α

3660 292 3771 345 ’ἵᾘ

2144 408 2278 469 mal,
2303 421 2474 471 quam
2502 410 2750 460 tabidum
2777 414 2886 461 est.
2913 411 3069 462 Pone
3094 420 3274 472 supra
3294 406 3577 470 digitum,
3603 404 3767 454 ruina

2144 486 2251 531 est.
2266 480 2657 531 Nihilomnino
2671 486 2758 532 est
2778 481 3258 532 tabidius.Talem
3277 478 3761 530 fecistihumanam

2140 552 2409 611 animam,
2429 551 2500 602 ad
2525 552 2902 602 erudiendum
2919 564 3047 602 eam
3066 564 3168 615 pro
3185 550 3521 612 iniquitate.
3543 549 3769 593 Erudit'm

2136 623 2281 684 justi
2300 623 2399 672 Dei
2416 624 2560 673 banc
2575 623 2965 674 inﬁrmitatem
2984 623 3138 674 fecit.
3158 619 3471 687 Fortitudo
3488 618 3761 680 quaedam

2141 696 2260 743 erat
2288 693 2509 750 vitium,
2528 693 2860 745 fortitudine
2883 694 3134 757 quadam
3160 690 3674 755 diSplicuithomo,
3699 696 3767 738 ut

2141 764 2459 815 erudiretur
2489 765 2841 825 inﬁrmitate,
2878 767 2935 816 et
2969 765 3108 828 quia
3146 762 3429 827 superbia
3452 761 3765 824 displicuit,

2142 835 2400 885 eruditur
2420 835 2757 897 humilitate,
2785 834 2876 887 vel
2898 835 3254 886 inﬁrmitate.
3276 836 3399 884 Iste
3430 845 3646 883 versus
3665 844 3761 896 ap-

2141 906 2336 969 plicari
2366 911 2554 970 potest
2579 911 2636 957 et
2651 906 2721 957 ad
2749 907 3105 969 bonos,etad
3125 905 3338 957 malos.
3355 904 3450 954 Ad
3474 905 3766 955 bonoshoc

2142 977 2340 1028 modo:
2374 979 2458 1027 Ita
2478 978 2799 1042 corripuisti
2819 978 3131 1039 hominem,
3154 982 3224 1028 ut
3236 976 3478 1040 penitus
3501 978 3767 1025 SEmun-do

2142 1048 2529 1107 mortiﬁcaret,
2549 1049 2699 1100 sicut
2713 1061 2923 1101 aranea
2940 1061 3003 1100 se
3022 1049 3341 1099 mortiﬁcat
3357 1047 3423 1096 in
3447 1058 3563 1096 suo
3581 1057 3767 1107 opere.

2143 1119 2407 1169 Tabescit
2428 1120 2619 1170 anima
2634 1120 2777 1182 justi
2802 1122 2951 1171 sicut
2968 1131 3201 1181 aranea,
3214 1117 3463 1181 quando
3479 1128 3517 1166 a
3541 1116 3771 1180 pingue-

2143 1190 2274 1240 dine
2296 1190 2545 1241 carnalis
2561 1191 2872 1255 voluptatis
2886 1190 3247 1253 deﬂcit,eum
3272 1200 3522 1239 carnem
3531 1188 3767 1250 jejuniis

2143 1265 2202 1312 et
2234 1261 2445 1325 vigiliis
2477 1266 2746 1321 macerat,
2778 1266 2837 1312 et
2871 1267 3124 1313 mentem
3148 1273 3185 1312 a
3207 1259 3533 1311 desideriis
3557 1258 3767 1307 illicitis

2144 1331 2389 1394 castigat
2424 1346 2436 1382 :
2483 1345 2613 1383 cum
2647 1331 2844 1383 studet
2875 1345 2936 1382 se
2968 1332 3127 1383 vitiis
3158 1335 3220 1382 et
3270 1329 3769 1393 concupiscentiis

2144 1403 2505 1465 mortiﬁcare,
2532 1408 2706 1466 atque
2732 1404 2795 1453 in
2823 1403 3135 1454 virtutibus
3150 1405 3484 1453 extenuare
3512 1415 3529 1450 :
3557 1404 3765 1459 texere,

2144 1480 2353 1527 utcum
2367 1479 2529 1526 veste
2541 1474 2783 1538 nuptiali
2806 1473 3023 1525 caelesti
3035 1485 3254 1537 sponso
3266 1472 3456 1535 digna
3489 1469 3582 1537 |8
3593 1469 3643 1536 2
3676 1483 3771 1520 va-

2144 1546 2257 1599 leat
2286 1559 2574 1611 apparere.
2615 1546 2718 1597 Vel
2750 1546 2899 1596 sicut
2930 1556 3142 1595 aranea
3164 1543 3241 1595 ad
3266 1541 3483 1594 inutile
3507 1555 3658 1606 opus
3684 1542 3768 1592 fa-

2145 1618 2415 1669 ciendum
2431 1617 2701 1668 interiora
2712 1628 2819 1667 sua
2842 1615 3097 1667 extrahit
3118 1619 3177 1666 et
3197 1614 3537 1664 consumit:
3560 1613 3643 1662 sic
3654 1628 3765 1673 pec-

2146 1692 2304 1740 cator
2334 1688 2597 1739 inteiiora
2618 1688 2827 1737 animm
2851 1699 2992 1747 sum,
3030 1687 3090 1736 in
3114 1685 3378 1749 appetitu
3404 1690 3764 1735 terrenorum

454 1758 1020 1844 sinistrishabemus‘
1036 1767 1203 1844 arma
1226 1754 1438 1844 quibus
1460 1768 1802 1844 pugnamus,
1817 1768 1913 1819 per
1927 1755 2049 1844 glo-
2065 1772 2120 1844 B
2146 1760 2391 1844 inaniter
2411 1759 2958 1844 e‘xp‘enditLAVa‘rus
2973 1757 3331 1844 enimjetiam
3349 1757 3615 1844 animam
3628 1770 3764 1844 suam

452 1833 598 1884 riam
627 1834 685 1881 et
706 1828 1141 1893 ignobilitatem,
1180 1838 1280 1889 per
1315 1824 1609 1876 infamiam
1642 1830 1701 1877 et
1731 1827 1941 1877 bonam
1966 1826 2050 1877 fa-

453 1916 629 1963 mam,
664 1906 730 1951 ut
764 1899 1100 1950 seductores
1133 1902 1191 1947 et
1224 1909 1460 1948 veraces
1508 1896 1573 1960 (‘2.
1620 1897 1739 1948 Cor.
1781 1897 1867 1961 6.).
1904 1898 2050 1949 Hinc

456 1973 591 2026 alibi
614 1970 921 2023 Psalmista
944 1969 1083 2020 dicit
1104 1968 1379 2019 :Multum
1400 1968 1597 2030 repleti
1626 1981 1830 2019 sumus
1860 1969 2056 2033 despe—

456 2045 644 2096 ctione
680 2040 840 2105 (Psat.
888 2039 1050 2102 122.).
1086 2038 1331 2089 Multum
1356 2038 1571 2102 repleta
1606 2044 1697 2089 est
1728 2039 1919 2090 anima
1950 2054 2053 2092 no-

457 2122 596 2177 stra,
621 2111 994 2177 opprobrium
1019 2109 1844 2173 abundantibus,etdespectio
1866 2124 2053 2175 super-

456 2187 567 2237 bis.
592 2186 747 2234 Inter
782 2183 908 2233 haec
953 2180 1254 2243 opprobria
1302 2179 1672 2239 constitutus,
1717 2181 2053 2244 patientiam

458 2268 626 2309 suam
661 2254 751 2303 vir
789 2255 1027 2303 sanctus
1061 2251 1229 2301 nobis
1260 2250 1534 2310 insinuat,
1562 2263 1692 2301 cum
1716 2252 2047 2316 subjungit:

522 2326 603 2380 10.
632 2322 904 2382 Obmutui,
922 2327 968 2370 et
988 2337 1099 2370 non
1123 2322 1316 2384 aperui
1340 2335 1396 2368 os
1418 2336 1619 2372 meum.
1644 2323 1772 2373 Non
1788 2324 2054 2386 respondi

460 2398 544 2449 eis
576 2396 842 2454 verbum,
879 2406 985 2443 nec
1025 2392 1384 2443 murmuravi
1421 2398 1619 2444 contra
1656 2397 1713 2445 te
1745 2392 1867 2461 |8|
1911 2398 2054 2455 Quia

456 2467 744 2534 potuisset
758 2464 1041 2515 obmutire
1072 2463 1233 2527 prius
1250 2469 1307 2514 et
1333 2468 1533 2531 postea
1556 2463 1731 2524 loqui:
1751 2466 1877 2516 ideo
1897 2470 2055 2528 post-

459 2551 632 2603 quam
658 2536 823 2599 dixit,
853 2534 1123 2597 Obmutui,
1149 2534 1423 2585 continuo
1450 2536 1714 2597 subjecit,
1730 2536 1917 2585 Etnon
1936 2552 2056 2601 ape-

459 2611 553 2659 rui
576 2624 632 2658 os
652 2621 834 2657 meum
864 2622 877 2657 :
900 2609 967 2657 ut
981 2606 1071 2656 sui
1088 2605 2056 2669 silentiiostenderetlonganimita-

461 2685 595 2733 tem.
621 2678 838 2729 Deinde
865 2675 1312 2728 misericordiam
1345 2680 1403 2727 et
1438 2676 1745 2728 sanitatem
1784 2679 2053 2742 postulat,

459 2762 725 2804 caussam
749 2747 1170 2812 praamittendo,
1198 2760 1332 2797 cum
1356 2747 1660 2811 subjungit
1684 2762 1697 2798 :

521 2822 607 2877 11.
651 2820 924 2879 Quoniam
976 2826 1035 2867 tu
1066 2818 1267 2880 fecisti:
1303 2833 1488 2867 amove
1527 2835 1562 2867 a
1590 2834 1673 2866 me
1692 2820 1885 2883 plagas
1914 2826 2051 2873 tuas.

462 2898 602 2956 Qure
627 2896 766 2943 sunt
786 2894 909 2942 istae
930 2890 1132 2954 plagae,
1159 2890 1371 2952 quibus
1393 2889 1757 2953 omnipotens
1779 2892 1933 2943 Deus
1960 2906 2057 2954 per

459 2964 644 3017 cussit
658 2962 953 3014 hominem
971 2964 1346 3024 peccatorem,
1360 2960 1471 3011 nisi
1491 2962 1798 3024 corruptio,
1813 2964 2057 3024 passibi-

458 3036 609 3096 litas,
635 3038 694 3085 et
716 3031 1038 3083 mortalitas
1055 3035 1078 3080 Ρ
1093 3032 1179 3081 Ab
1196 3031 1324 3081 istis
1350 3030 1533 3095 plagis
1554 3032 2055 3097 sanaridesiderat,

460 3113 518 3160 et
540 3107 612 3158 ad
640 3117 834 3157 veram
865 3103 1172 3153 sanitatem
1196 3101 1412 3165 reduci,
1438 3103 1494 3153 id
1508 3105 1615 3162 est,
1639 3102 1712 3153 ad
1737 3103 2057 3167 impassibi-

2145 1832 2409 1883 venalem
2438 1829 2628 1880 habet.
2656 1828 2801 1879 Hinc
2822 1828 3106 1879 Dominus
3130 1827 3271 1878 dicit
3308 1828 3372 1876 in
3401 1825 3715 1888 Evanger
3750 1839 3764 1873 :

2146 1905 2216 1954 Et
2238 1901 2374 1965 quid
2400 1900 2632 1965 prodest
2655 1899 2873 1950 homini
2894 1898 2942 1949 si
2966 1898 3223 1949 lucretur
3244 1900 3441 1948 totum
3466 1895 3765 1951 mundum.

2146 1973 2356 2024 animae
2376 1974 2567 2023 autem
2593 1984 2716 2022 sua-3
2729 1971 3139 2021 detrimentum
3159 1973 3381 2029 patiatur
3406 1968 3631 2029 (Matth.
3657 1965 3765 2027 6.)?

2149 2046 2219 2095 Et
2240 2044 2365 2094 ideo
2391 2042 2658 2093 subditur
2684 2059 2694 2089 :
2733 2041 3097 2090 Veruntamen
3116 2055 3253 2088 vane
3276 2038 3766 2088 conturbatur-om-

2149 2116 2236 2163 nis
2256 2116 2434 2179 homo.
2452 2114 2650 2164 Omnis
2675 2112 2890 2163 scilicet
2913 2112 3105 2175 homo,
3132 2110 3234 2174 qui
3257 2109 3579 2160 carnaliter
3610 2109 3764 2159 vivit.

2148 2186 2287 2237 dum
2307 2190 2531 2236 terrena
2543 2188 2808 2247 appetere
2830 2196 2928 2245 per
2941 2182 3319 2246 cupiditatem
3336 2181 3568 2240 nititur,
3582 2181 3767 2228 inutili-

2150 2262 2235 2319 ter
2264 2255 2810 2316 conturbatur.Quis
2830 2254 2941 2316 (Eae
2963 2253 3296 2316 Augustino)
3311 2252 3402 2302 vel
3423 2251 3501 2301 de
3522 2251 3648 2315 ipso
3664 2261 3765 2299 suo

2150 2329 2300 2379 bono
2332 2340 2569 2378 securus
2582 2328 2708 2376 est?
2733 2325 2879 2386 Quid
2905 2325 2965 2374 in
2987 2324 3095 2374 hac
3120 2328 3276 2373 terra
3287 2326 3521 2372 certum
3535 2321 3766 2382 est,nisi

2149 2401 2343 2449 mors?
2370 2397 2738 2448 Considerate
2768 2395 2979 2456 omnia,
3005 2393 3098 2445 vel
3129 2394 3303 2453 bona,
3332 2391 3422 2443 vel
3452 2391 3611 2443 mala
3635 2391 3765 2440 vita:

2150 2469 2344 2533 hujus,
2371 2467 2463 2519 vel
2480 2469 2538 2518 in
2556 2468 2681 2531 ipsa
2690 2466 2933 2530 justitia,
2963 2464 3127 2515 velin
3143 2463 3599 2527 ipsainiquitate
3621 2477 3635 2511 :
3658 2477 3767 2510 om-

2151 2540 2307 2590 mnia
2316 2540 2534 2589 incerta
2544 2543 2694 2588 sunt.
2711 2536 2850 2597 Quid
2867 2537 2948 2587 sis
2965 2535 3135 2586 hodie
3150 2535 3291 2585 scis:
3312 2534 3468 2596 Quid
3482 2535 3685 2581 futurus
3696 2535 3765 2580 sis

2151 2610 2419 2672 crastino,
2448 2609 2660 2659 nescis.
2678 2609 2894 2671 Pauper
2917 2609 3019 2658 es?
3040 2606 3333 2657 incertum
3358 2610 3457 2655 est
3479 2618 3559 2655 an
3592 2604 3763 2654 dites-

2152 2694 2266 2732 cas.
2293 2680 2567 2731 Indoctus
2581 2683 2606 2725 ί)
2621 2680 2904 2730 incertum
2933 2682 3024 2743 est
3038 2689 3114 2727 an
3127 2676 3435 2727 erudiaris.
3456 2678 3728 2723 Imbecillis
3740 2676 3763 2721 2’

2150 2752 2433 2803 incertum
2458 2755 2548 2801 est
2570 2762 2643 2800 an
2667 2749 3057 2801 convalescas.
3081 2748 3265 2799 Natus
3288 2750 3388 2797 es?
3408 2751 3635 2796 certum
3657 2749 3761 2804 est,

2153 2823 2287 2886 quia
2309 2822 2585 2872 morieris.
2612 2823 2963 2883 Quocunque
2986 2824 3043 2870 te
3076 2818 3341 2881 verteris,
3381 2817 3610 2867 incerta
3633 2819 3762 2866 sunt

2153 2894 2363 2943 omnia.
2399 2892 2529 2942 Sola
2564 2904 2721 2941 mors
2752 2895 2941 2941 certa:
2969 2894 3028 2940 et
3056 2888 3183 2939 sola
3214 2888 3477 2938 multum
3510 2893 3759 2947 cavetur,

2152 2976 2283 3027 (111213
2298 2962 2456 3014 nullo
2475 2963 2643 3013 modo
2666 2962 2971 3013 devitatur.
3003 2959 3282 3023 Quisquis
3297 2971 3440 3022 ergo
3463 2959 3760 3008 conturba-

2158 3039 2250 3085 tur
2273 3036 2452 3097 jactet
2482 3034 2543 3085 in
2572 3035 2879 3085 Dominum
2904 3044 3102 3083 curam
3128 3043 3318 3090 suam,
3346 3035 3407 3081 et
3430 3030 3592 3080 dicat
3613 3027 3760 3092 quod

2157 3106 2418 3167 sequitur
2444 3119 2457 3154 :

457 3179 678 3231 litatem
702 3180 759 3227 et
788 3174 1291 3254 immortalitatem.
1308 3175 1375 3224 Et
1398 3173 1591 3254 debes,
1617 3174 1820 3254 inquit,
1844 3175 1953 3254 hpc
1968 3175 2059 3254 fa:
2083 3179 2132 3252 ρ
2161 3250 2169 3254 _
2220 3174 2302 3228 13.
2331 3173 2879 3254 Εφᾳιεάίρναιίρτιιξηι
2900 3186 3095 3251 meam.
3131 3173 3209 3223 Ut
3230 3171 3408 3223 ﬁnem
3431 3183 3639 3254 meum
3660 3182 3759 3221 no—

462 3262 607 3309 cere,
640 3246 913 3310 quoniam
937 3248 1002 3295 tu
1026 3244 1213 3295 fecisti
1235 3256 1347 3304 me,
1377 3244 1469 3294 vel
1494 3245 1768 3307 quoniam
1795 3246 1859 3295 tu
1876 3245 2059 3297 fecisti
2092 3242 2132 3252 ν
2158 3250 2280 3296 tum
2310 3247 2450 3295 mibi
2475 3245 2666 3295 facias.
2702 3244 2767 3291 Et
2790 3242 3219 3306 deprecationem
3238 3257 3441 3292 meam.
3472 3243 3551 3292 Ut
3566 3243 3639 3291 ab
3655 3252 3761 3290 om-

459 3319 587 3372 illas
621 3318 838 3382 plagas,
875 3328 1148 3367 amovere
1177 3327 1276 3366 eas
1313 3313 1491 3365 debes
1517 3327 1552 3365 a
1588 3326 1696 3365 me.
1723 3315 1882 3367 Sicut
1905 3317 2057 3367 enim

460 3396 628 3442 tuum
651 3394 741 3440 est
766 3387 927 3438 ferire
944 3390 1303 3449 peccatorem
1327 3398 1401 3436 ex
1417 3385 1663 3448 justitia,
1683 3387 1765 3436 sic
1787 3390 1951 3437 tuum
1969 3392 2059 3439 est

460 3471 693 3525 parcere
718 3471 790 3508 ex
814 3456 1219 3507 misericordia.
1241 3457 1437 3517 Neque
1460 3455 1613 3505 enim
1634 3460 1853 3507 tantum
1863 3458 2059 3521 justus

462 3544 544 3593 es,
572 3530 670 3579 sed
694 3529 866 3579 etiam
895 3526 1236 3576 misericors.
1264 3525 1529 3576 Ostendit
1547 3531 1740 3577 autem
1760 3527 2062 3580 vehemen-

466 3602 551 3650 ter
571 3612 633 3648 se
656 3597 952 3653 afﬂictum,
979 3607 1111 3645 cum
1136 3594 1332 3644 subdit
1359 3614 1369 3642 :

474 3694 475 3697 π
526 3668 613 3722 12.
644 3668 687 3716 Α
721 3666 1047 3729 fortitudine
1084 3679 1284 3712 manus
1306 3671 1407 3712 tuae
1430 3680 1521 3727 ego
1546 3666 1708 3727 defeci
1734 3668 1791 3715 in
1811 3668 2062 3731 increpa-

463 3739 714 3790 tionibus.
767 3735 1064 3786 Fortitudo
1107 3746 1319 3784 manus
1356 3736 1455 3785 Dei
1488 3736 1613 3798 ipsa
1645 3742 1734 3786 est
1763 3740 2062 3800 percussio

463 3808 693 3874 ﬂagelli.
721 3810 852 3871 Ipso
877 3806 1202 3869 ﬂagellante
1229 3818 1263 3857 a
1286 3806 1472 3869 rigore
1507 3806 1821 3858 defecimus
1846 3814 2061 3861 nostra:

465 3876 1384 3944 superbialpsiuspercussiones
1396 3876 1564 3927 nobis
1580 3883 1715 3929 sunt
1726 3879 2063 3943 increpatio-

463 3965 585 4005 nes.
610 3953 675 4000 1n
702 3962 769 4001 eo
793 3949 965 4007 enim,
996 3946 1149 4010 quod
1173 3947 1440 4011 ﬂagellat,
1464 3948 1718 4012 increpat
1741 3962 1847 4000 nos
1872 3966 1884 4000 :
1928 3952 2063 4014 quia

464 4020 850 4088 peccavimus.
879 4018 1042 4070 Unde
1068 4019 1172 4080 (Ea:
1194 4019 1759 4081 Augustino)Domini
1777 4022 2061 4084 justitiam

464 4091 893 4154 commendans,
910 4095 966 4141 et
990 4094 1246 4140 nostram
1272 4090 1499 4153 culpam
1522 4089 1843 4155 insinuans,
1868 4093 2064 4155 adjun-

463 4164 549 4229 git
572 4176 584 4213 :
616 4164 838 4226 Propter
873 4161 1222 4224 iniquitatem
1244 4160 1552 4223 corripuisti
1579 4162 1826 4210 homines.
1854 4164 2061 4214 Totum

464 4234 619 4298 quod
648 4232 769 4297 feci,
803 4232 953 4296 quod
982 4232 1248 4282 infirmus
1278 4244 1428 4294 sum,
1454 4232 1608 4295 quod
1637 4233 1696 4283 in
1721 4234 1835 4285 imo
1859 4235 2061 4296 clamo,

464 4309 649 4357 totum
674 4317 776 4369 pro
800 4304 1101 4367 iniquitate
1127 4318 1138 4353 :
1167 4307 1222 4352 et
1248 4303 1305 4353 in
1332 4303 1726 4355 hoc-erudisti
1751 4306 2058 4356 hominem.

464 4376 615 4428 Audi
638 4376 748 4426 hoc
773 4374 998 4438 planius
1023 4386 1095 4425 ex
1120 4373 1229 4425 alio
1246 4375 1484 4437 psalmo.
1500 4376 1720 4425 Bonum
1736 4376 2059 4435 mihiDeus,

464 4447 619 4510 quod
644 4445 960 4496 humiliasti
995 4457 1106 4504 me,
1131 4448 1195 4494 ut
1222 4444 1439 4495 discam
1459 4444 1902 4507 justiﬁcationes
1931 4450 2058 4496 tuas

2154 3317 2327 3367 nibus
2339 3316 2734 3379 iniquitatibus
2751 3326 2922 3365 eruas
2938 3326 3049 3364 me.
3064 3316 3132 3363 Et
3148 3313 3327 3365 debes
3342 3313 3760 3375 exaudire,quia

2157 3399 2288 3437 cum
2325 3387 2534 3437 affectu
2571 3390 2627 3436 et
2676 3383 2943 3448 lacrymis
2980 3384 3258 3446 deprecor
3293 3389 3368 3434 te.
3411 3386 3478 3434 Et
3520 3384 3630 3433 hoc
3661 3386 3756 3441 est,

2156 3457 2311 3520 quod
2336 3457 2472 3507 dicit
2495 3472 2507 3506 :
2534 3456 2772 3505 Auribus
2795 3456 3002 3518 percipe
3037 3454 3315 3517 lacrymas
3350 3470 3523 3504 meas.
3548 3456 3760 3514 Quanto

2158 3529 2401 3591 quisque
2427 3528 2675 3578 sanctior
2697 3529 2803 3587 est,
2830 3530 2987 3576 tanto
3018 3525 3315 3576 uberiores
3344 3526 3645 3588 lacrymas
3676 3524 3759 3574 ha-

2160 3601 2255 3649 bet
2276 3599 2333 3649 in
2357 3599 2636 3649 oratione:
2669 3610 2813 3659 quas
2830 3596 3119 3658 benignus
3146 3596 3301 3647 Deus
3325 3596 3575 3646 auribus
3599 3593 3761 3658 perci—

2159 3670 2261 3734 pit.
2286 3669 2516 3732 quando
2527 3667 2968 3719 misericorditer
2983 3668 3258 3730 suscepit.
3280 3667 3335 3717 Si
3352 3667 3441 3717 vis
3466 3681 3504 3716 a
3527 3665 3757 3716 Domino

2159 3740 2418 3791 exaudiri
2446 3755 2455 3785 :
2484 3752 2582 3789 OI‘.t
2606 3752 2735 3789 cum
2757 3738 3044 3801 lacrymis,
3071 3741 3305 3788 contere
3318 3750 3420 3788 cor
3434 3734 3757 3788 tuum.Nul-

2158 3810 2277 3861 lum
2313 3812 2497 3873 majus
2512 3809 2853 3859 sacriﬁcium
2877 3811 2996 3859 Deo
3018 3808 3209 3858 afferri
3234 3812 3446 3868 potest,
3474 3819 3656 3870 quam
3674 3816 3757 3855 cor

2156 3883 2465 3933 contritum
2500 3887 2558 3931 et
2590 3880 2950 3930 humiliatum
2985 3879 3147 3939 (Psat.
3185 3877 3315 3937 50.).
3350 3880 3460 3930 Ubi
3506 3883 3651 3929 sunt
3687 3876 3757 3926 la-

2160 3966 2392 4017 rryinae,
2434 3952 2513 4002 ibi
2555 3951 2790 4001 divinus
2825 3950 2975 4013 ignis
3006 3950 3365 4001 accenditur.
3401 3949 3598 4010 Quaeri
3626 3948 3755 3997 solet

2161 4036 2335 4086 quare
2374 4022 2628 4073 orandus
2661 4022 2737 4071 sit
2771 4023 2940 4081 Deus,
2968 4026 3027 4072 et
3052 4021 3194 4084 quid
3213 4033 3365 4084 opus
3389 4021 3468 4070 sit
3493 4020 3755 4075 oratione,

2162 4107 2290 4144 cum
2317 4094 2439 4156 ipse
2460 4094 2602 4144 sciat
2622 4096 2934 4154 antequam
2960 4104 3212 4152 oremus,
3231 4091 3373 4153 quid
3398 4104 3554 4154 opus
3578 4092 3658 4141 sit
3670 4101 3757 4140 no-

2163 4165 2251 4215 bis
2289 4166 2494 4227 (Matth.
2524 4163 2592 4226 6.)
2652 4163 2761 4215 Sed
2786 4163 2913 4214 ideo
2939 4162 3223 4213 orandum
3253 4166 3362 4224 est,
3391 4163 3532 4225 quia
3560 4161 3755 4213 oratio-

2162 4236 2254 4287 nis
2291 4236 2531 4287 intentio
2576 4248 2672 4285 ccr
2701 4241 2963 4286 nostrum
3001 4239 3233 4284 serenat
3255 4237 3314 4284 et
3338 4236 3572 4297 purgat,
3600 4246 3753 4296 capa-

2162 4307 2401 4368 ciusque
2438 4306 2612 4356 efﬁcit
2645 4304 2717 4356 ad
2755 4304 3093 4367 excipienda
3116 4304 3317 4355 divina
3341 4316 3607 4365 munera,
3640 4313 3752 4365 qua

2165 4376 2528 4440 spiritualiter
2541 4375 3120 4426 nobisinfunduntur.
3140 4375 3276 4425 Pius
3299 4375 3589 4425 Dominus
3612 4375 3756 4424 oﬁert

2156 4448 2321 4499 nobis
2343 4448 2580 4509 gratiam
2607 4460 2793 4505 suam,
2806 4451 3096 4510 etsemper
3111 4450 3349 4509 paratus
3366 4450 3461 4496 est
3477 4446 3638 4496 dare.
3658 4446 3753 4496 Nos

482 4517 631 4609 Fiat;
654 4516 690 4609 in
691 4516 815 4609 12.5.).
830 4514 1192 4609 humiliatus
1217 4528 1367 4609 sjum,
1391 4516 1699 4609 etwl‘io'num
1711 4521 1801 4567 est
1816 4517 1985 4609 mihi":
2000 4521 2058 4567 et
2086 4538 2139 4609 D
2160 4532 2296 4569 vero
2312 4531 2678 4609 nongsemper
2703 4519 2881 4609 parati
2905 4531 3111 4609 sumus
3126 4518 3417 4609 accipere:
3454 4515 3753 4609 cum-iacit-

504 4599 638 4638 (Βηᾶ
662 4591 769 4649 est,
795 4591 853 4637 et
874 4586 1057 4649 gratia
1078 4591 1184 4637 est.
1218 4586 1363 4636 Hinc
1391 4586 1526 4637 alibi
1548 4586 1755 4638 dicitur
1782 4602 1795 4638 :
1823 4590 1925 4648 Qui
1951 4589 2055 4637 ﬁn-

508 4657 556 4708 is
579 4659 831 4708 laborem
855 4658 914 4706 in
939 4662 1244 4720 praecepto,
1262 4657 1318 4707 id
1335 4661 1442 4720 est,
1465 4657 1717 4709 laborem
1740 4658 1975 4720 formas,
2000 4664 2063 4710 ut

464 4728 605 4779 mihi
639 4731 993 4790 praeceptum
1032 4728 1123 4776 sit.
1150 4728 1306 4789 Dico,
1340 4741 1564 4779 amove.
1603 4730 1668 4779 Et
1691 4742 1837 4793 opus
1868 4734 1974 4793 est,
2000 4735 2064 4781 ut

462 4810 754 4860 amoveas,
781 4797 913 4859 quia
936 4809 1045 4860 ego
1069 4797 1266 4861 defeci,
1293 4799 1350 4849 id
1375 4804 1483 4863 est,
1509 4800 1794 4851 sustinere
1819 4813 1935 4851 non
1961 4813 2062 4863 po-

464 4871 547 4922 tui
573 4882 608 4920 a
636 4867 971 4919 fortitudine
993 4880 1205 4919 manus
1231 4875 1367 4932 tuae,
1392 4871 1451 4921 id
1474 4876 1580 4933 est,
1601 4884 1637 4922 a
1658 4870 1785 4921 forti
1810 4872 2065 4924 vindicta

462 4945 565 4992 tua
589 4941 739 4990 facta
760 4939 819 4989 in
846 4939 1351 5003 increpationibus.
1377 4943 1482 4992 Per
1509 4941 1619 4992 hoc
1643 4942 1797 5004 quod
1826 4942 1979 5003 dicit,
2005 4944 2064 4993 in

462 5010 972 5075 increpationibus,
989 5012 1340 5062 notatDeum
1364 5012 1679 5062 vindictam
1704 5026 1869 5063 suam
1880 5014 1953 5064 ad
1974 5018 2065 5063 hoc

462 5083 665 5144 facere,
701 5086 767 5132 ut
802 5082 1055 5133 retrahat
1088 5081 1379 5132 hominem
1416 5095 1451 5132 a
1484 5086 1731 5145 peccato.
1770 5084 1909 5134 Cum
1936 5085 2065 5137 dico

460 5155 660 5219 plagas
684 5158 834 5212 tuas,
852 5157 954 5203 aut
976 5152 1179 5203 fortem
1194 5164 1431 5202 manum
1455 5154 1764 5216 tuam,non
1783 5159 2021 5205 teaccuso
2047 5172 2063 5204 :

461 5225 564 5277 sed
594 5224 870 5276 conﬁteor
885 5235 976 5273 me
997 5222 1206 5272 habere
1228 5222 1609 5284 iniquitatem,
1636 5229 1864 5287 propter
1888 5238 2062 5288 quam

462 5295 779 5359 disciplinis
800 5294 917 5345 tuis
941 5293 1266 5355 corripuisti
1290 5306 1382 5343 me
1406 5293 1719 5345 hominem.
1741 5296 1845 5346 Hic
1868 5303 2065 5346 notatur

457 5367 745 5430 judicium
769 5370 826 5416 et
856 5363 1244 5415 misericordia
1266 5364 1382 5414 Dei.
1404 5366 1467 5415 1n
1484 5365 1591 5416 hac
1600 5366 1903 5431 judicium,
1927 5371 2060 5427 quod

463 5441 698 5500 propter
721 5436 1087 5498 iniquitatem
1120 5435 1388 5498 ﬂagellat.
1422 5437 1485 5486 In
1516 5435 1624 5487 hac
1654 5437 2061 5502 misericordia,

463 5508 616 5570 quod
630 5508 995 5570 corruptione
1008 5506 1174 5568 quasi
1189 5510 1351 5570 pater
1366 5507 1627 5570 castigat,
1646 5510 1706 5558 ut
1717 5509 1791 5559 ad
1804 5509 1954 5561 viam
1973 5524 2067 5561 ve-

462 5578 649 5627 ritatis
688 5577 945 5628 reducat.
978 5576 1140 5628 Unde
1174 5578 1364 5629 adhuc
1398 5580 1712 5642 subiungit.
1742 5580 1808 5628 Et
1841 5580 2065 5629 tabscere

461 5645 631 5705 fecisti
643 5646 782 5694 sicut
800 5661 1065 5695 araneam
1076 5648 1326 5697 animam
1338 5648 1468 5712 ejus.
1482 5649 1731 5701 Attende
1747 5650 1938 5714 ipsum
1952 5652 2064 5702 ani-

528 5786 547 5805 “
569 5779 993 5840 Augustiniana
1013 5782 1181 5836 lectio
1192 5778 1281 5837 est
1294 5798 1397 5852 pro
1420 5786 1738 5853 corripuisti

2159 4590 2452 4640 namurad
2480 4593 2719 4651 terrena,
2742 4593 2799 4640 et
2822 4601 3013 4639 rerum
3045 4588 3457 4651 temporalium
3497 4590 3753 4649 cupiditate

2162 4661 2543 4712 tenebramur.
2561 4662 2649 4710 Fit
2665 4671 2799 4722 ergo
2819 4659 2878 4709 in
2902 4658 3158 4709 oratione
3174 4658 3481 4708 conversio
3505 4656 3750 4708 cordisad

2161 4733 2365 4793 Deum,
2395 4737 2451 4782 et
2476 4732 2536 4781 in
2558 4731 2684 4795 ipsa
2698 4730 3074 4781 conversione
3099 4729 3359 4792 puriores
3384 4738 3447 4781 et
3473 4729 3750 4793 digniores

2161 4802 2457 4854 efficimur.
2483 4803 2644 4853 Unde
2668 4801 2858 4852 adhuc
2882 4800 3186 4851 subditur:
3214 4800 3297 4848 Nc
3315 4800 3477 4848 sileas
3501 4802 3749 4864 quoniam

2162 4874 2372 4922 advena
2388 4889 2479 4935 ego
2505 4887 2631 4924 sum
2656 4874 2809 4937 apud
2831 4878 2893 4921 te.
2924 4871 3203 4934 Loquitur
3221 4872 3377 4921 enim
3398 4873 3560 4923 Deus
3587 4875 3748 4920 secreta

2162 4956 2267 4995 sua
2289 4944 2575 4995 locutione
2592 4944 2651 4995 in
2674 4944 2945 4994 cordibus
2972 4955 3210 4995 suorum
3234 4942 3518 5004 ﬁdelium,
3536 4948 3597 4994 et
3618 4942 3752 5005 aspi-

2160 5016 2439 5065 rationem
2462 5014 2716 5065 infundit
2730 5014 2929 5077 gratiaa
2947 5026 3089 5065 suae.
3111 5013 3243 5063 Ideo
3262 5013 3401 5064 alibi
3413 5014 3673 5077 postulat
3683 5010 3751 5061 di-

2163 5099 2315 5138 cens.
2333 5087 2430 5136 Dic
2453 5098 2662 5138 anima)
2678 5098 2843 5146 meae,
2864 5086 3035 5136 Salus
3063 5090 3159 5134 tua
3173 5096 3282 5146 ego
3306 5084 3623 5145 sum(Psal.
3640 5082 3744 5141 34.).

2163 5160 2232 5209 Et
2266 5159 2495 5209 iterum.
2539 5157 2784 5207 Audiam
2823 5156 2961 5219 quid
2986 5156 3253 5218 loquatur
3274 5154 3338 5205 in
3360 5168 3456 5206 me
3482 5157 3747 5206 Dominus

2161 5230 2337 5291 Deus,
2372 5234 2429 5280 et
2466 5233 2676 5280 cmtera
2714 5228 2855 5291 (Psal
2905 5225 3033 5286 84.).
3070 5226 3202 5276 Ideo
3223 5232 3423 5277 autem
3444 5240 3567 5279 non
3594 5227 3745 5278 debes

2165 5301 2334 5351 silere
2363 5311 2397 5350 a
2428 5313 2519 5350 me
2543 5315 2555 5350 :
2585 5299 2859 5362 quoniam
2882 5298 3111 5349 advena
3134 5310 3242 5361 ego
3267 5310 3426 5355 sum,
3448 5298 3742 5349 translatus

2161 5370 2232 5421 de
2257 5371 2487 5422 civitate
2508 5370 2832 5434 Babylonis,
2862 5371 2922 5420 in
2947 5382 3062 5432 qua
3085 5373 3258 5419 natus
3284 5369 3513 5421 fueram
3539 5383 3639 5434 per
3656 5366 3742 5418 ori-

2162 5441 2349 5505 ginale
2372 5448 2669 5505 peccatum
2695 5442 2857 5502 (Psat.
2884 5439 2991 5504 50.)
3026 5459 3036 5489 :
3068 5453 3311 5490 manens
3334 5441 3492 5503 apud
3537 5447 3613 5504 te,
3647 5448 3740 5505 ser-

2164 5504 2325 5563 viens
2353 5504 2470 5576 tibi,
2489 5519 2549 5564 et
2575 5514 2644 5564 de
2670 5518 2768 5563 tua
2791 5512 3005 5563 familia
3026 5512 3308 5563 existens.
3329 5513 3450 5562 Nec
3472 5504 3738 5562 tzimenad-

2163 5583 2277 5635 huc
2300 5584 2359 5633 in
2381 5584 2613 5634 civitate
2646 5588 2744 5633 tua
2766 5596 2915 5633 sum.
2940 5584 3245 5645 Propterea
3273 5581 3479 5633 subdit
3497 5597 3515 5627 τ
3544 5583 3614 5631 Et
3626 5591 3734 5646 perr-

2163 5655 2375 5719 grinus,
2400 5655 2536 5706 sicut
2555 5669 2679 5703 omn
2687 5669 2737 5703 cs
2756 5660 2938 5723 patres
2952 5655 3059 5703 mei
3076 5654 3311 5706 fuerunt
3330 5645 3637 5721 peregrini.
3651 5645 3733 5706 SGi'
