3908 6232
128 364 245 419 79ό

1156 360 1230 410 ΙΝ
1263 358 1587 412 PSALMOS
1623 359 1831 412 LXXV
1867 360 2432 416 COMMENTARIUS

3334 363 3441 419 794

124 478 274 529 licet
299 477 611 541 Abraham,
627 477 804 537 Isaac,
830 479 889 526 et
906 474 1106 536 Jacob,
1130 476 1304 550 atque
1332 472 1446 525 alii.
1470 473 1739 550 Quandiu
1762 482 1821 550 Α
1844 474 2601 550 telligebant.“attendentes
2644 479 2702 530 et
2743 479 3038 531 imitantes
3062 478 3269 531 cantici
3296 478 3436 530 novi

127 551 296 600 enim
342 549 401 600 in
443 560 678 612 corpore
721 558 944 608 sumus,
982 544 1464 608 peregrinamura
1493 546 1735 596 Domino

132 620 293 683 (Heb.
332 618 449 680 13.).
474 621 601 669 Non
624 618 778 669 enim
805 616 1087 667 habemus
1119 615 1214 665 hic
1233 620 1561 665 manentem
1600 616 1739 666 civi-

129 697 344 755 tatem,
372 690 474 741 sed
496 691 746 741 futuram
766 689 826 739 in
852 687 992 739 caelo
1007 686 1368 752 requirimus.
1402 686 1548 746 Quid
1565 690 1741 747 ergo?

132 764 365 825 Restat,
397 766 465 812 ut
482 766 692 825 petam,
718 760 853 823 quia
872 759 997 810 sine
1011 757 1186 809 dubio
1211 757 1565 819 migraturus
1590 769 1738 807 sum.

136 835 420 896 Sequitur
439 838 498 883 et
519 833 683 884 dicit:

222 903 242 971 I
258 902 372 970 83
388 904 474 957 14.
489 903 709 953 Remitte
718 902 835 951 mih
843 902 942 962 i,ut
958 901 1262 971 refrigerer.
1306 900 1373 971 in
1393 898 1743 950 conscientia.

130 970 296 1033 mea,
312 981 375 1025 ut
398 979 711 1026 exonerata
726 974 800 1025 sit
811 974 961 1025 aestu
978 970 1361 1023 solicitudinis
1376 973 1741 1032 peccatorum

132 1059 428 1098 meorum.
446 1047 779 1110 Priusquam
794 1044 998 1104 abeam,
1025 1056 1094 1095 ex
1116 1043 1225 1095 hac
1248 1041 1394 1091 vita:
1411 1039 1481 1110 Et
1503 1041 1743 1104 amplius

129 1132 259 1165 non
292 1132 400 1181 ero,
436 1109 753 1178 idest,non
776 1116 960 1167 habeo
990 1127 1193 1167 verum
1225 1124 1371 1174 esse,
1411 1109 1460 1160 si
1494 1122 1601 1174 ego
1624 1125 1741 1165 non

132 1188 409 1239 remissis
434 1189 593 1253 prius
618 1186 869 1252 peccatis
892 1187 1037 1238 meis
1059 1187 1196 1238 hinc
1218 1188 1424 1239 abiero.

391 1293 762 1357 TlTULUS
822 1293 1147 1357 PSALMI
1181 1295 1499 1358 XXXIX.

210 1403 263 1457 1.
278 1404 477 1450 Titulus
492 1403 748 1461 sequentis
760 1402 939 1466 psalmi
951 1406 1044 1466 est,
1061 1401 1122 1449 In
1138 1403 1302 1463 ﬁnem
1315 1402 1558 1466 psalmus
1568 1401 1743 1451 David

137 1469 379 1515 Psalmus
405 1467 495 1512 iste
528 1465 762 1511 convenit
780 1464 953 1522 David,
972 1465 1022 1511 id
1048 1470 1121 1511 est
1147 1464 1359 1526 Christo,
1380 1467 1568 1512 scilicet
1588 1465 1740 1524 capiti

137 1535 195 1578 et
219 1529 479 1575 membris.
526 1528 728 1574 Materia
768 1532 842 1572 est
879 1527 1163 1573 immutatio
1194 1530 1372 1574 veteris
1399 1528 1648 1575 sacriﬁcii.
1682 1527 1739 1573 In

134 1592 313 1652 prima
335 1597 474 1650 parte
493 1589 634 1647 ponit
650 1589 989 1636 testimonium
1009 1590 1164 1646 hujus
1186 1590 1548 1637 innovationis.
1595 1590 1650 1636 In
1667 1602 1742 1636 se-

134 1651 316 1701 eunda
338 1658 475 1712 parte
493 1652 688 1698 inducit
707 1651 875 1710 ipsum
905 1652 1156 1698 Christum
1177 1652 1356 1711 legalis
1372 1653 1740 1711 destituentem,

135 1721 191 1764 et
206 1728 351 1763 suam
366 1714 739 1761 innovationem
751 1714 1147 1762 conﬁrmantem.
1162 1716 1217 1761 In
1246 1715 1423 1761 ultima
1438 1720 1573 1773 parte
1584 1714 1741 1760 indu-

138 1779 216 1825 cit
239 1791 478 1836 sequaces
503 1776 705 1831 Christi,
741 1776 790 1821 id
820 1779 910 1831 est,
945 1776 1321 1823 annuntiantes.
1364 1777 1579 1822 Intendit
1622 1789 1740 1833 per-

1842 549 2177 611 cantatores,
2190 547 2493 600 illuminati
2510 555 2665 601 sunt.
2688 551 2974 602 Videbunt
2987 563 3119 613 ergo
3134 550 3433 603 credentes

1836 619 2494 682 timebuntpmnitentes.
2510 622 2821 685 sperabunt
2833 622 3085 673 caelestia
3095 625 3435 685 appetentes

1838 690 2152 752 Postquam
2171 690 2341 741 homo
2360 690 2469 740 ﬁde
2486 690 2840 743 illuminatus
2856 705 2887 743 e
2900 697 2973 754 st,
2984 692 3206 758 primus
3221 692 3438 755 gradus

1837 761 1909 813 ad
1942 762 2120 811 Deum
2143 765 2231 811 est
2256 761 2438 823 timor,
2473 762 2625 812 sicut
2649 764 2926 825 scripturn
2957 767 3065 826 est,
3090 762 3436 826 Principium

1839 832 2139 895 sapientiae
2163 832 2334 883 timor
2350 832 2573 883 Domini
2601 832 2767 894 (Psal.
2795 832 2957 895 110).
2988 834 3057 883 Et
3079 837 3296 896 quanto
3320 843 3440 882 ma-

1838 903 1927 967 gis
1958 903 2205 967 quisque
2221 903 2281 953 in
2305 915 2367 954 se
2380 901 2712 954 humiliatur
2727 914 2823 965 per
2846 903 3126 964 timorem,
3143 908 3302 954 tanto
3314 915 3436 953 am-

1838 973 2049 1039 pliusin
2076 976 2189 1025 Deo
2209 974 2446 1038 erigitur
2461 986 2561 1038 per
2583 985 2766 1036 spem.
2792 973 2899 1036 Spe
2922 977 3115 1023 autem
3142 973 3214 1024 ad
3239 972 3439 1024 invisi-

1841 1044 1976 1096 bilia
2016 1046 2166 1096 bona
2207 1048 2453 1105 erectus,
2502 1042 2970 1106 incipitczelestia
2997 1042 3229 1106 diligere
3252 1047 3310 1093 et
3333 1043 3437 1093 de-

1841 1116 2059 1179 spicere
2076 1123 2300 1168 terrena
2336 1115 2403 1180 (1.
2430 1118 2553 1166 Cor.
2578 1114 2705 1179 13.).
2746 1109 2888 1165 Ecce
2922 1114 3088 1177 ﬁdes,
3132 1126 3262 1177 spes
3300 1112 3437 1164 cari-

1843 1192 1947 1243 tas.
1987 1189 2199 1251 quibus
2229 1188 2619 1251 coliturDeus,
2645 1190 2703 1237 et
2731 1186 2975 1237 efﬁcitur
3006 1185 3180 1237 homo
3211 1185 3436 1235 beatus.

1839 1258 2003 1310 Unde
2025 1265 2083 1311 et
2105 1259 2375 1311 subditur
2403 1273 2416 1310 :

1901 1332 1953 1383 5.
1983 1331 2174 1380 Beatus
2198 1332 2283 1379 vir
2303 1328 2457 1393 cujus
2473 1334 2544 1377 est
2567 1343 2766 1378 nomen
2783 1328 3011 1377 Domini
3031 1341 3147 1391 spes
3168 1326 3301 1388 ejus.
3335 1327 3441 1376 No-

1836 1413 1969 1452 men
1998 1401 2221 1452 Domini
2237 1403 2410 1452 Jesus
2434 1405 2540 1462 est,
2570 1400 2724 1463 quod
2750 1399 3160 1463 interpretatur
3184 1398 3438 1448 Salvator

1842 1473 2050 1535 (Matth.
2093 1473 2144 1526 1.
2193 1473 2317 1521 Luc.
2352 1471 2441 1535 1.).
2468 1473 2679 1523 Beatus
2704 1480 2838 1534 ergo
2874 1469 2988 1529 ille,
3028 1468 3126 1532 qui
3156 1480 3219 1519 se
3241 1469 3438 1519 aJesu

1839 1543 2048 1594 salvari
2060 1547 2266 1605 sperat.
2296 1544 2363 1592 Et
2386 1558 2497 1605 non
2518 1542 2750 1605 respexit
2770 1543 2828 1589 in
2850 1542 3169 1605 vani‘tateset
3186 1539 3438 1605 insanias

1837 1605 2029 1668 falsas.
2077 1601 2149 1656 Ut
2171 1605 2430 1656 avaritia:
2467 1601 2806 1662 dese'rviret,
2848 1607 2951 1653 aut
2975 1601 3127 1652 idola
3149 1601 3435 1651 adoraret.

1840 1677 2086 1728 Terrena
2109 1676 2316 1741 quippe
2340 1675 2767 1739 concupiscere,
2785 1673 2847 1723 in
2862 1673 3144 1723 vanitates
3157 1672 3436 1735 respicere

1840 1752 1948 1798 est.
1974 1748 2134 1798 Unde
2158 1747 2436 1798 Dominus
2461 1745 2672 1795 dicitin
2696 1742 3027 1807 Evangelio,
3052 1744 3229 1793 Nemo
3253 1743 3435 1806 respi-

135 1812 356 1908 suade‘l-e
382 1812 913 1908 legtliainsiilutajam
932 1837 1456 1908 ﬁnem_babere,elper
1486 1812 1733 1908 Chris‘t’um

1842 1821 1998 1870 ciens
2028 1823 2178 1870 retro
2202 1822 2372 1908 aptus
2402 1822 2685 1879 estregno
2703 1815 2803 1865 Dei
2826 1813 3068 1908 (‘Luc.9.).
3089 1812 3297 1908 Ideoin
3320 1812 3433 1908 alio

1843 1890 2057 1908 ..-Αἱ-Δ-
2098 1889 2225 1908 ---ρ
2299 1889 2453 1908 :--_...
2508 1890 2526 1908 Δ
2549 1891 2705 1908 -.Α-ιι.
2726 1899 2825 1908 Α-..
2857 1899 2918 1908 ,υ-
2941 1897 3182 1908 ...ηηιυινιη
3203 1884 3252 1908 ..ἒ
3301 1897 3402 1908 nn“

134 1902 206 1948 ad
236 1902 390 1948 Deum
403 1900 737 1947 accedendum
767 1912 898 1946 esse:
923 1900 1182 1946 utseilicet
1199 1901 1487 1959 postpositis
1500 1899 1739 1959 supersti-

140 1964 376 2010 tionibus
394 1964 679 2009 Judmorum
711 1967 758 2007 et
800 1962 1083 2008 idololatria
1117 1962 1402 2021 gentilium,
1446 1964 1739 2010 accedamus

140 2026 210 2072 ad
247 2026 395 2073 ﬁdem
422 2024 623 2073 Christi.
649 2024 729 2070 Ait
751 2036 896 2081 ergo:

577 2128 970 2194 PSALMUS
998 2128 1296 2192 XXXIX

204 2235 259 2291 2.
285 2237 593 2301 Εατρεοῑαηε
616 2237 889 2300 expectaui
918 2236 1234 2299 Dominum,
1259 2241 1305 2284 et
1328 2235 1560 2285 intendit
1575 2234 1734 2283 mihi.

134 2312 227 2360 Ac
243 2308 294 2359 si
317 2308 484 2372 dicat,
501 2310 587 2360 Ita
608 2307 941 2371 exspectavi
956 2307 1280 2370 Dominum,
1294 2310 1361 2358 ut
1384 2305 1636 2369 quotidie
1652 2317 1739 2355 es-

136 2394 269 2432 sem
292 2385 668 2443 exspectans:
687 2384 743 2430 et
766 2379 898 2441 quia
921 2380 1303 2442 perseveravi,
1322 2377 1739 2429 intenditDomi-

132 2453 338 2504 minus
360 2450 518 2509 mihi,
544 2451 711 2514 idest,
737 2450 809 2501 ad
826 2449 1127 2501 utilitatem
1140 2460 1348 2509 meam,
1367 2447 1583 2499 scilicet
1604 2460 1739 2510 prm-

134 2523 354 2573 stando
369 2522 608 2585 gratiam
626 2521 931 2581 suam.Qui
959 2521 1109 2572 enim
1136 2519 1527 2583 perseveravit
1551 2530 1738 2580 usque

132 2595 203 2646 in
233 2594 430 2655 ﬁnem,
455 2592 549 2643 hic
588 2591 785 2643 salvus
808 2592 916 2643 erit
939 2592 1103 2656 (Matt.
1129 2590 1258 2655 24).
1284 2592 1428 2642 Hinc
1458 2591 1739 2653 Propheta

135 2678 254 2716 nos
291 2663 579 2725 admonet,
614 2662 830 2722 dicens,
871 2663 927 2714 Si
958 2674 1179 2713 moram
1219 2664 1426 2725 fecerit,
1464 2663 1739 2725 exspecta

133 2748 301 2788 eum:
328 2734 463 2797 quia
485 2734 722 2784 veniens
749 2734 937 2785 veniet
969 2732 1146 2798 (Abac.
1187 2731 1278 2796 2.).
1298 2734 1595 2795 Quomodo
1631 2745 1735 2784 au-

139 2813 265 2859 tem
290 2804 539 2856 intendit
560 2806 611 2855 ei
650 2805 946 2866 Dominus,
975 2804 1215 2868 exponit
1236 2816 1369 2855 cum
1402 2804 1733 2867 subjungit:

205 2876 338 2931 3.Et
366 2876 649 2925 exaudivit
658 2891 834 2940 preces
846 2891 1006 2926 meas.
1021 2877 1081 2926 In
1095 2888 1210 2938 quo
1222 2874 1519 2926 exaudivit
1533 2878 1558 2924 ?
1585 2875 1735 2926 Audi

132 2949 295 3012 quod
340 2948 618 3009 sequitur.
643 2948 711 2996 Et
744 2947 931 2996 eduxit
959 2962 1042 2995 me
1062 2948 1124 2995 de
1148 2946 1269 2994 lacu
1291 2946 1537 2994 miser-ie.
1560 2946 1732 3010 Idest,

131 3020 212 3071 de
229 3019 369 3070 certi
398 3018 782 3082 profunditate
814 3018 1038 3081 erroris,
1058 3030 1192 3080 qum
1216 3016 1476 3068 homines
1494 3017 1735 3069 miseros

132 3090 295 3143 facit.
330 3090 398 3138 Et
420 3089 482 3137 de
506 3089 616 3137 luto
636 3089 801 3152 faecis.
821 3090 993 3146 Idest,
1029 3088 1098 3139 de
1122 3088 1598 3152 concupiscentiis
1613 3101 1735 3139 car-

133 3162 249 3219 nis,
279 3172 412 3224 quae
433 3161 656 3211 animas
679 3158 1254 3211 redduntlutulentas
1271 3171 1461 3210 coram
1476 3160 1731 3224 Domino,

133 3238 199 3285 et
222 3233 285 3282 in
312 3232 430 3282 imo
458 3232 737 3295 jacentes.

201 3304 255 3357 4.
282 3304 350 3351 Et
390 3304 578 3351 statuit
613 3318 784 3365 supra
820 3307 1027 3364 petram
1068 3302 1225 3366 pedes
1254 3317 1414 3363 meos,
1448 3307 1494 3351 et
1531 3302 1734 3351 diremit

129 3389 351 3439 gressus
368 3389 527 3424 meos.
559 3372 821 3438 [Vers.5.]
853 3374 918 3422 Et
942 3373 1171 3422 immisit
1194 3373 1253 3422 in
1277 3387 1334 3422 os
1358 3388 1536 3422 meum
1558 3373 1737 3421 canti-

136 3460 269 3494 cum
298 3459 501 3493 novum
529 3460 751 3493 carmen
784 3445 889 3493 Deo
912 3449 1113 3494 nostro.
1144 3444 1443 3495 Notandus
1480 3449 1571 3496 est
1598 3444 1737 3495 ordo

138 3516 469 3567 berborum.
487 3515 648 3567 Prius
663 3516 818 3566 enim
828 3515 898 3565 de
914 3515 1035 3566 luto
1063 3515 1359 3579 pravitatis
1375 3516 1659 3576 educitur,
1673 3520 1737 3566 ut

132 3588 266 3650 ejus
296 3587 473 3649 pedes
516 3598 614 3650 per
650 3586 819 3636 ﬁdem
843 3586 903 3636 in
927 3591 1084 3650 petra
1110 3586 1444 3638 solidentur.
1477 3588 1583 3639 Sed
1602 3586 1735 3649 quia

134 3662 355 3709 rectam
376 3657 549 3708 fidem
568 3660 720 3708 recta
733 3657 1009 3720 subsequi
1026 3656 1197 3708 debet
1210 3659 1479 3721 operatio,
1497 3671 1735 3723 gressus

135 3730 270 3791 ejus
311 3727 510 3779 directi
546 3732 699 3790 sunt,
734 3731 797 3778 ut
841 3732 970 3791 post
1006 3728 1376 3780 directionem
1406 3742 1733 3793 gressuum,

134 3799 308 3857 idest,
356 3799 760 3863 perfectionem
795 3799 933 3849 boni
977 3799 1179 3862 operis,
1230 3800 1289 3850 in
1340 3813 1436 3852 ore
1479 3803 1736 3865 accipere

136 3871 313 3921 etiam
341 3882 557 3921 novum
583 3871 872 3921 canticum
897 3870 1334 3932 prmdicutionis.
1361 3872 1566 3923 Adhuc
1582 3873 1735 3924 enim

140 3941 315 3992 nobis
340 3941 400 3992 in
414 3941 760 3992 inﬁrmitatis
777 3940 1113 3992 confusione
1123 3942 1737 4007 jacentibusgprmberi

131 4025 256 4063 non
280 4012 771 4063 debetauctoritas
786 4012 1234 4076 prtedicationis.
1255 4014 1365 4065 Sed
1387 4027 1520 4065 cum
1533 4015 1651 4077 jam
1675 4014 1737 4064 in

133 4084 291 4134 bono
314 4095 484 4146 opere
519 4084 831 4147 surgimus,
860 4097 990 4133 cum
1012 4084 1133 4146 jam
1156 4084 1294 4134 recti
1315 4089 1465 4136 stare
1500 4085 1738 4147 emperi-

133 4167 289 4212 mus,
317 4153 559 4217 dignum
572 4160 679 4213 est,
712 4157 777 4204 ut
800 4154 871 4204 ad
898 4153 1204 4204 lucrandos
1229 4155 1372 4205 alios
1396 4156 1453 4205 in
1469 4155 1739 4219 praedica-

130 4227 352 4276 tionem
371 4226 520 4275 mitti
541 4225 873 4276 debeamus.
896 4225 1076 4275 Valde
1093 4225 1267 4275 etiam
1280 4227 1598 4276 notandum
1627 4229 1734 4287 est,

133 4296 291 4359 quod
325 4298 632 4359 postquam
658 4296 801 4346 dixit
821 4297 1141 4357 Canticum,
1169 4297 1444 4346 continuo
1469 4296 1737 4357 adjunxit

133 4368 399 4429 Carmen,
419 4366 586 4431 idest,
602 4368 880 4429 hymnum
900 4369 1014 4417 Deo
1028 4372 1239 4417 nostro.
1263 4368 1405 4418 Sunt
1419 4368 1572 4418 enim
1590 4380 1736 4417 non-

134 4436 283 4488 nulli
321 4438 533 4500 quibus
575 4450 610 4489 a
632 4439 874 4488 Domino
897 4439 1079 4501 gratia
1118 4437 1391 4488 doctrinas
1418 4438 1604 4501 datur,
1631 4439 1734 4489 sed

133 4508 402 4560 eamdem
416 4508 472 4558 in
489 4520 655 4559 suam
670 4509 951 4573 propriam
977 4508 1213 4573 gloriam
1226 4510 1517 4560 reﬁectere
1531 4522 1736 4560 conan-

133 4580 329 4631 tur.Hi
353 4580 625 4630 nimirum
641 4580 1001 4631 eanticumin
1018 4593 1114 4630 ore
1125 4581 1462 4644 percipiunt,
1490 4580 1590 4631 sed
1615 4594 1734 4631 cur-

1841 1890 2064 1955 psalmo
2092 1889 2232 1950 orat’,
2257 1888 2475 1947 dicens,
2496 1890 2707 1938 Averte
2723 1886 2920 1936 oculos
2941 1897 3183 1936 meosne
3203 1884 3436 1955 videant

1838 1953 2150 2013 vanitatem
2199 1959 2359 2023 (Psal.
2410 1957 2570 2021 118.)¹
2626 1956 2784 2008 ldola
2813 1968 2949 2007 vero
2987 1955 3187 2018 colere,
3213 1953 3433 2018 lapides

1836 2031 2091 2090 adorare,
2123 2036 2399 2082 creaturis
2424 2029 2617 2093 potius
2651 2028 2944 2078 deservire
2969 2039 3144 2090 quam
3183 2026 3432 2078 Creatori

1839 2104 2006 2166 (Rom.
2056 2102 2147 2164 1.),
2194 2101 2294 2164 qui
2334 2101 2527 2151 omnia
2550 2100 2702 2163 fecit,
2728 2098 2924 2150 omnia
2945 2097 3190 2161 sapienti
3212 2097 3432 2160 cogita-

1838 2174 1991 2224 tione
2014 2172 2283 2236 disponit,
2298 2183 2507 2229 magna
2527 2175 2585 2221 et
2610 2170 2750 2220 falsa
2771 2169 2997 2219 insania
3019 2172 3125 2220 est.
3141 2167 3303 2218 Unde
3320 2166 3433 2217 ﬁde

1836 2249 1895 2296 et
1929 2243 2234 2295 devotione
2258 2244 2601 2293 convertens
2628 2253 2689 2291 se
2714 2240 2787 2292 ad
2818 2239 3149 2301 Dominum,
3174 2241 3239 2289 ut
3260 2237 3434 2288 corda

1836 2315 2097 2366 similiter
2124 2314 2195 2364 ad
2220 2314 2409 2376 ipsum
2442 2316 2738 2363 convertat
2757 2310 3132 2374 aliorum,qui
3151 2308 3433 2360 vanitates

1836 2389 1894 2440 et
1915 2385 2170 2436 insanias
2194 2384 2366 2435 falsas
2390 2382 2731 2447 respiciunt,
2757 2381 2871 2432 ait:

1898 2457 1949 2512 6.
1995 2457 2171 2505 Multa
2210 2455 2380 2516 fecisti
2422 2460 2499 2518 tu,
2538 2454 2770 2503 Domine
2794 2453 2935 2502 Deus
2957 2466 3129 2512 meus,
3156 2448 3435 2499 mirabilia

1837 2534 1947 2577 tua.
1975 2527 2182 2578 Fecisti
2206 2527 2360 2577 enim
2383 2523 2587 2577 caelum
2613 2528 2672 2576 et
2689 2529 2899 2576 terram
2922 2527 2978 2574 et
3001 2518 3192 2573 omnia
3218 2533 3349 2584 quas
3373 2519 3435 2570 in

1836 2600 1921 2651 eis
1946 2602 2086 2650 sunt
2116 2613 2130 2649 :
2155 2601 2213 2648 et
2236 2597 2364 2648 haec
2387 2595 2622 2659 quidem
2649 2592 3308 2655 tua,idesttibisubdita,
3328 2590 3435 2642 tibi

1836 2668 2191 2721 famulantia.
2208 2668 2275 2716 Et
2290 2665 2705 2729 cogitationibus
2727 2666 2853 2727 tuis,
2867 2664 3088 2725 Quibus
3100 2664 3293 2714 omnia
3313 2662 3433 2712 dis-

1834 2742 2021 2807 ponis,
2049 2740 2176 2790 Non
2198 2743 2269 2787 est
2292 2739 2387 2801 qui
2409 2736 2604 2807 similis
2627 2736 2694 2784 sit
2715 2735 2827 2807 tibi.
2846 2735 2985 2807 Quis
2996 2731 3432 2807 enim_cog_novit

1836 2804 2075 2863 sensum
2091 2809 2353 2861 Domini?
2368 2813 2469 2858 aut
2480 2806 2611 2869 quis
2626 2806 2981 2857 consiliarius
2996 2806 3120 2868 ejus
3132 2804 3243 2855 fuit
3259 2804 3427 2867 (Rom.

1835 2883 1940 2945 11.)
1957 2887 1980 2931 ?
2003 2883 2142 2933 Haec
2162 2885 2261 2931 tua
2275 2877 2552 2930 mirabilia
2575 2889 2745 2941 opera
2770 2880 2889 2927 tam
2904 2874 3153 2928 visibilia
3166 2886 3339 2938 quam
3352 2873 3435 2945 in-

1833 2943 2096 3009 visibilia,
2128 2955 2185 3003 et
2199 2957 2297 3003 tua
2313 2947 2905 3012 incomprehensibilis
2925 2946 3204 3010 sapientia
3216 2943 3428 3009 praadi-

1832 3039 1865 3079 ο
1880 3029 1968 3076 int
1986 3029 2040 3075 te
2062 3023 2249 3074 solum
2261 3020 2562 3072 colendum
2577 3032 2720 3079 esse,
2748 3022 2802 3068 te
2826 3019 3013 3069 solum
3034 3016 3343 3081 amandum
3369 3017 3427 3066 et

1831 3096 2108 3162 appetend
2121 3107 2217 3146 um
2242 3108 2255 3145 :
2281 3105 2399 3143 non
2415 3091 2556 3142 istas
2581 3090 2867 3141 vanitates
2882 3094 2954 3162 et
2976 3088 3231 3139 insanias
3248 3086 3425 3162 falsas

1835 3156 1886 3218 A'
1905 3156 1956 3214 ἷη
1969 3167 2198 3215 untiavi.
2218 3165 2356 3215 Haec
2368 3162 2778 3213 nescientibus.
2794 3161 2861 3209 Et
2873 3161 3077 3210 locutus
3091 3173 3232 3219 sum,
3247 3156 3427 3208 scien-

1838 3241 2012 3290 tibus.
2027 3236 2391 3299 Sapientibus
2403 3233 2555 3284 enim
2570 3231 3042 3296 etinsipientibus
3059 3230 3282 3281 debitor
3297 3240 3427 3299 sum

1841 3311 2009 3374 (Rom.
2043 3298 2136 3372 1.).
2154 3305 2257 3358 Vel
2283 3303 2619 3357 annuntiavi
2635 3303 2795 3367 prius
2818 3315 2919 3367 per
2934 3298 3430 3374 patres,_etnovis-

1832 3370 1976 3432 sime
1991 3370 2219 3431 locutus
2244 3390 2374 3428 sum
2392 3388 2487 3437 per
2500 3374 2920 3437 memetipsum.
2941 3370 3430 3436 Multiplicatisunt

1830 3467 1993 3517 super
2006 3463 2315 3499 numerum.
2335 3447 2497 3498 Multi
2515 3448 2669 3496 enim
2685 3445 2886 3496 audita
2899 3442 3305 3517 praedicatione
3322 3452 3429 3517 ve-

1833 3511 2045 3575 nerunt
2072 3521 2146 3573 ad
2172 3519 2505 3570 societatem
2529 3516 2907 3577 credentium,
2939 3514 3039 3577 qui
3063 3526 3176 3564 non
3202 3516 3341 3563 sunt
3369 3511 3433 3560 in

1833 3606 2076 3645 numero
2093 3591 2424 3651 electorum,
2443 3590 2588 3639 teste
2603 3587 2867 3643 Veritate,
2885 3598 3017 3648 quae
3027 3585 3107 3635 ait
3132 3599 3145 3635 :
3165 3582 3324 3633 Multi
3340 3592 3435 3632 vo-

1835 3664 1965 3726 cati,
1993 3662 2160 3729 pauci
2189 3674 2325 3713 vero
2350 3658 2511 3712 electi
2546 3657 2751 3721 (Matth.
2778 3655 3100 3729 ‘20.).Super
3113 3664 3432 3729 numerum

1835 3725 1971 3800 ergo
1994 3725 2541 3800 prmdestinatorum
2580 3730 2649 3781 ad
2680 3730 2878 3791 vitam,
2908 3725 3274 3800 multiplicati
3286 3727 3433 3800 sunt

1835 3794 2151 3859 crédehtes.
2179 3807 2250 3855 Et
2272 3804 2409 3867 quia
2428 3803 2487 3854 in
2513 3808 2770 3866 tempore
2788 3798 2941 3863 quod
2956 3797 3100 3849 ﬁdes
3120 3794 3435 3867 praedicata

1834 3883 1944 3941 est,
1976 3882 2144 3929 vetus
2158 3864 2331 3927 etiam
2345 3864 2686 3924 sacrificium
2701 3874 2990 3922 mutatum
3014 3872 3105 3920 est
3130 3865 3304 3931 (Hebr.
3321 3864 3352 3918 7
3363 3874 3393 3929 .)
3414 3878 3429 3915 :

1834 3947 2178 4009 ostenditur,
2203 3944 2703 3996 cumsubinfertur
2729 3956 2742 3992 :

1898 4019 1949 4071 7.
1976 4018 2321 4080 Sacriﬁcium
2347 4022 2393 4064 et
2416 4015 2741 4063 oblationem
2764 4011 3006 4073 noluisti,
3049 4024 3207 4059 aures
3250 4013 3433 4057 autem

1845 4087 1993 4155 '85
2020 4088 2285 4151 perfeciin
2299 4086 2460 4135 mihi.
2480 4087 2624 4135 Ecce
2635 4083 2927 4155 quomodo
2941 4082 3027 4133 vir
3044 4084 3283 4155 sanctus
3301 4095 3435 4155 pras-

1837 4149 2071 4210 videbat
2092 4158 2434 4207 mutandum
2460 4168 2590 4206 esse
2615 4154 2978 4213 sacriﬁcium,
2993 4152 3245 4214 etlegem
3265 4149 3434 4213 spiri-

1837 4229 2067 4280 tualiter
2089 4226 2539 4290 intelligendam.
2564 4227 2680 4275 Nec
2708 4225 2921 4275 factum
2945 4222 3155 4273 esthoc
3171 4221 3435 4284 tempori-

1836 4301 1947 4350 bus
1971 4300 2109 4361 suis,
2138 4299 2238 4348 sed
2273 4297 2503 4348 nostris.
2538 4299 2666 4360 Ipse
2691 4296 2799 4345 hoc
2819 4293 3029 4357 Spiritu
3047 4296 3247 4342 sancto
3269 4303 3433 4361 reve-

1835 4371 1985 4422 lante
2023 4360 2397 4433 praevidebat.
2426 4368 2542 4416 Nos
2571 4371 2767 4416 autem
2792 4365 2939 4414 sicut
2970 4362 3328 4433 audivimus,
3349 4360 3432 4433 sic

1835 4431 2086 4492 vidimus
2102 4441 2160 4490 in
2177 4439 2406 4489 civitate
2430 4436 2675 4487 Domini.
2691 4438 2831 4485 Ecce
2852 4432 3194 4483 sacriﬁcium
3213 4435 3267 4481 et
3281 4431 3434 4481 obla-

1835 4513 2068 4575 tionem,
2084 4511 2233 4561 sicut
2243 4510 2401 4573 prius
2414 4507 2769 4559 consuetudo
2787 4510 2922 4561 erat,
2937 4502 3119 4575 noluit
3136 4502 3429 4553 Dominus.

1835 4586 1962 4648 Ipse
1978 4573 2165 4633 factus
2177 4586 2268 4632 est
2278 4579 2451 4630 nobis
2465 4577 2732 4648 sacerdos
2755 4580 2813 4627 et
2828 4573 3333 4648 sacriﬁcium.lpse
3344 4577 3435 4648 est

133 4662 294 4723 men,
320 4650 747 4723 idest,laudem,
765 4651 1009 4701 Domino
1031 4652 1146 4723 Deo
1164 4654 1359 4701 nostro
1381 4651 1450 4701 de
1468 4657 1733 4715 percepta
1759 4652 1813 4723 D
1838 4645 2010 4706 verus
2033 4666 2219 4717 agnus
2240 4652 2357 4714 Dei,
2385 4647 2849 4723 quifimmolatus
2873 4648 2959 4723 est
2985 4657 3083 4709 pro
3108 4645 3298 4723 nobis,
3321 4646 3431 4723 qui

135 4722 326 4786 gratia
338 4720 576 4773 reddere
590 4726 986 4773 contemnunt.
1007 4722 1111 4773 Sed
1127 4723 1262 4785 quia
1278 4724 1385 4773 iste
1400 4724 1486 4773 vir
1497 4728 1734 4774 sanctus

145 4792 573 4855 praedicationis
599 4794 834 4843 verbum
858 4793 929 4843 de
952 4806 1102 4843 novo
1125 4795 1496 4845 Testamento
1522 4795 1740 4846 scilicet

135 4863 211 4914 de
249 4863 546 4913 Dominica
562 4863 970 4924 incarnatione,
991 4864 1275 4927 passione,
1303 4865 1737 4931 resurrectione,

135 4934 484 4986 ascensione
505 4939 562 4985 et
577 4934 647 4985 de
672 4935 899 4986 caeteris
919 4947 1052 4997 qum
1078 4935 1149 4986 ad
1174 4948 1388 4986 novam
1408 4936 1583 4987 vitam
1595 4941 1652 4987 et
1666 4936 1737 4987 ad

137 5003 525 5071 novum|84
573 5005 869 5057 hominem
912 5006 1211 5069 pertinent,
1237 5008 1478 5072 accepit:
1507 5012 1564 5059 et
1612 5007 1740 5058 haec

137 5076 421 5127 omniaad
434 5075 660 5127 laudem
679 5077 1086 5141 omnipotentis
1097 5078 1192 5128 Dei
1207 5079 1498 5141 expendit,
1521 5091 1637 5129 non
1655 5091 1741 5129 so-

139 5146 262 5197 lum
281 5148 341 5197 in
354 5159 452 5198 ore
471 5159 577 5198 suo
594 5148 923 5199 immissum
938 5161 1065 5198 esse
1082 5150 1369 5201 canticum
1388 5163 1622 5208 novum,
1637 5149 1738 5200 sed

136 5219 313 5270 etiam
343 5230 579 5269 carmen
607 5220 723 5269 Deo
746 5224 968 5281 nostro,
1002 5224 1159 5271 recte
1186 5224 1430 5271 testatus
1465 5225 1570 5272 est.
1604 5223 1739 5271 Esto

136 5302 328 5340 novus
344 5289 537 5353 homo,
552 5290 802 5353 prmdica
818 5291 1109 5342 Christum
1127 5308 1138 5338 :
1158 5297 1212 5341 et
1228 5292 1309 5342 sic
1323 5293 1584 5353 cantasti,
1605 5304 1741 5342 can-

138 5361 322 5412 ticum
347 5372 589 5411 novum.
616 5361 742 5411 Noli
761 5373 1020 5425 quaerere
1041 5361 1269 5413 laudem
1288 5367 1463 5427 tuam,
1489 5365 1587 5415 sed
1611 5363 1740 5415 lau-

133 5432 285 5482 dans
318 5431 529 5482 invoca
555 5433 898 5483 Dominum:
934 5438 993 5484 et
1016 5433 1098 5483 sic
1147 5445 1376 5485 carmen
1401 5436 1519 5485 Deo
1542 5440 1740 5485 nostro

135 5503 341 5554 dixisti
388 5501 587 5552 Fidem
613 5504 841 5554 Domini
869 5504 1193 5567 praedicare,
1221 5506 1525 5570 etinsuper
1547 5506 1741 5570 ipsum

133 5574 350 5625 devote
373 5572 625 5634 laudare,
646 5575 932 5625 canticum
946 5581 1004 5626 et
1023 5587 1252 5625 carmen
1272 5577 1381 5626 Deo
1397 5584 1590 5628 nostro
1603 5589 1741 5628 can-

137 5648 256 5695 tare
281 5648 394 5695 est.
424 5645 759 5707 thuiahoc
784 5647 1004 5697 cantico
1028 5650 1084 5697 et
1106 5648 1355 5697 carmine
1377 5648 1572 5699 audito
1596 5650 1745 5699 mul-

133 5722 225 5767 tos
240 5715 317 5766 ad
336 5714 511 5765 ﬁdem
529 5728 915 5767 conversuros
937 5717 1023 5767 vir
1039 5721 1277 5767 sanctus
1301 5718 1601 5779 vidit,ideo
1625 5733 1743 5782 pro-

134 5787 300 5839 tinus
324 5785 582 5836 addidit:
621 5786 882 5836 Videbunt
909 5788 1083 5848 multi,
1103 5794 1151 5837 et
1180 5788 1457 5848 timebunt,
1484 5794 1530 5838 et
1551 5805 1741 5853 spera-

134 5858 351 5909 buntin
385 5857 639 5908 Domino.
673 5858 779 5920 Qui
803 5860 938 5912 caeci
963 5863 1144 5923 erant,
1168 5863 1226 5911 et
1257 5859 1328 5912 de
1355 5861 1473 5913 Deo
1496 5860 1637 5914 nihil
1666 5861 1748 5914 in-

1837 4726 1985 4777 tollit
2007 4728 2242 4789 peccata
2258 4721 2474 4773 mundi.
2491 4719 2780 4789 Transivit
2797 4718 3022 4776 umbra,
3040 4718 3303 4781 apparuit
3321 4717 3435 4768 Ve-

1837 4797 1976 4848 ritas
1999 4788 2025 4850 :7
2055 4800 2248 4847 vetera
2270 4793 2639 4851 transierunt,
2684 4788 2743 4841 et
2780 4800 2912 4841 ecce
2936 4789 3082 4839 facta
3106 4795 3243 4838 sunt
3264 4801 3432 4839 nova.

1836 4868 2074 4919 Perfecit
2087 4870 2280 4917 autem
2298 4866 2466 4915 nobis
2480 4875 2666 4914 aures.
2686 4867 2750 4912 ut
2764 4872 2895 4924 qua:
2913 4859 2984 4911 de
3005 4859 3129 4923 lege
3144 4859 3431 4922 audimus,

1837 4936 2204 5002 spiritualiter
2218 4935 2623 4999 intelligamus.
2653 4934 2771 4982 Has
2805 4931 3129 5002 requirebat
3152 4931 3430 5002 Christus,

1837 5001 2069 5072 quando
2093 5009 2340 5067 dicebat,
2366 5006 2472 5067 Qui
2496 5005 2669 5056 habit
2704 5016 2875 5055 aures
2919 5001 3189 5053 audiendi
3235 5001 3432 5052 audiat

1835 5081 1981 5143 (Luc.
2005 5078 2094 5141 8.).
2124 5084 2308 5130 Aures
2332 5075 2700 5140 perfecitsuis
2716 5072 3039 5138 Discipulis,
3063 5073 3432 5136 quandoape-

1837 5151 1952 5201 ruit
1975 5150 2085 5199 illis
2111 5161 2369 5207 sensum,
2401 5152 2465 5198 ut
2498 5146 2879 5206 intelligerent
2915 5144 3237 5207 Scripturas
3282 5144 3425 5204 (Luc.

1837 5220 1962 5283 94.).
1995 5220 2098 5271 Vel
2121 5232 2293 5271 aures
2316 5219 2484 5270 nobis
2514 5217 2887 5283 perficiuntur
2904 5228 2938 5266 a
2954 5217 3088 5276 Deo,
3108 5212 3340 5277 quando
3356 5213 3428 5283 ad

1837 5291 2221 5344 obediendum
2267 5291 2318 5341 ei
2343 5303 2443 5354 per
2465 5290 2660 5340 omnia
2689 5286 2921 5352 perfecti
2943 5286 3238 5337 efﬁcimur.
3268 5282 3429 5335 Unde

1839 5363 2115 5425 scriptum
2151 5366 2258 5423 est,
2296 5361 2493 5412 Melior
2525 5365 2613 5411 est
2634 5358 2956 5410 obedientia
2979 5369 3153 5418 quam
3178 5354 3429 5425 victimae

1838 5432 1907 5496 (1.
1943 5422 2060 5495 Reg.
2091 5430 2215 5494 15.).
2246 5430 2528 5481 Perfectas
2551 5441 2770 5481 auresa
2787 5426 3313 5496 Dominopopulus
3338 5422 3430 5496 ille

1838 5503 2041 5555 habuit
2070 5501 2138 5552 de
2163 5514 2278 5563 quo
2299 5501 2431 5551 alibi
2479 5501 2760 5550 Dominus
2784 5511 2884 5562 per
2928 5495 3286 5547 Psalmistam
3330 5495 3429 5557 ait,

1840 5572 2092 5638 Populus
2117 5584 2288 5634 quem
2302 5584 2416 5621 non
2431 5572 2693 5634 cognovi,
2714 5569 2952 5621 servivit
2966 5567 3102 5618 mihi
3117 5566 3273 5629 (Psal.
3291 5563 3396 5628 17.)
3413 5581 3426 5618 :

1839 5648 1899 5698 in
1922 5646 2122 5697 auditu
2145 5642 2299 5693 auris
2341 5642 2599 5692 obedivit
2638 5641 2776 5692 mihi
2814 5639 3004 5702 (Ibid).
3045 5638 3429 5688 Holocaustum

1838 5725 1883 5768 et
1914 5732 2014 5782 pro
2036 5719 2245 5780 peccato
2268 5728 2381 5762 non
2401 5711 2684 5777 postulasti
2711 5712 2881 5774 (Hebr.
2912 5710 3047 5782 10.).
3089 5711 3215 5782 Hoc
3249 5709 3431 5761 distat

1839 5781 1991 5842 intra
2014 5787 2419 5839 holocaustum
2435 5788 2493 5834 et
2512 5782 2856 5834 sacriﬁcium
2875 5781 3056 5846 :quod
3068 5781 3276 5833 hostias
3296 5794 3429 5845 pars

1839 5862 2031 5926 aliqua
2051 5856 2241 5911 oblata
2273 5857 2408 5921 Deo,
2434 5854 2774 5907 sacriﬁcium
2799 5854 3113 5905 dicebatur.
3140 5853 3430 5905 Holocau-
