3908 6232
446 298 551 354 795

1500 308 1769 361 RUFINO
1802 306 2265 360 PRESBYTERO
2298 306 2683 359 ASCRIPTUS

3686 300 3794 356 796

449 418 606 497 stum
629 419 823 497 autem
857 421 1041 497 totum
1065 420 1368 497 incensum
1393 422 1720 497 erat_(Levit.
1749 421 1819 497 1,)
1843 421 2043 497 :_vide-
2066 425 2121 497 Α
2147 425 2314 497 tuum
2337 420 2481 497 (Luc.
2525 418 2622 481 2.).
2662 421 2733 497 lat
2756 418 2899 497 alibi
2917 416 3523 497 Psalmista-postulat

447 481 579 535 licet
607 488 838 548 quando
866 493 983 541 tota
1005 491 1196 543 hostia
1225 493 1287 543 in
1303 481 1582 544 sacriﬁcio
1606 481 2038 543 incendebatur.

2147 491 2404 543 Salutare
2452 496 2615 543 tuum
2647 490 2723 541 da
2766 490 2937 541 nobis
2982 488 3149 553 (Psat.
3184 487 3487 551 84.).‘Non
3514 486 3787 536 asbcondi

450 555 560 605 Sed
590 557 868 610 Dominus
904 574 1011 611 nec
1040 564 1264 615 minora
1285 577 1391 614 nec
1418 565 1630 627 majora
1662 564 1872 615 veteris
1904 564 2048 627 legis
2144 563 2577 611 misericordiam
2601 566 2772 622 tuam,
2785 568 2831 610 et
2852 561 3127 610 veritatem
3145 566 3306 609 tuam
3329 574 3366 608 a
3389 558 3783 608 conciliomul—

451 627 732 679 sacrificia
764 631 1019 694 requirit,
1046 634 1139 683 cui
1162 646 1278 684 non
1297 635 1417 697 jam
1442 635 1664 697 umbra,
1699 634 1799 685 sed
1833 634 2048 685 veritas
2148 632 2951 696 to.Inconciliisetsynagogis
2967 636 3104 683 ante
3120 644 3294 694 reges
3311 632 3650 691 etpraesides
3671 645 3779 678 cum

451 702 613 760 grata
638 700 833 750 existit
869 716 881 750 :
910 704 1377 767 quandoquidem
1413 705 1539 756 hmo
1564 717 1680 756 non
1714 704 2047 769 postulavit.

453 770 593 828 QUEB
615 774 770 832 sunt,
797 783 929 833 quae
956 775 1314 834 postulavit?
1339 776 1616 838 sequitur,
1641 780 1698 826 et
1722 775 1858 826 dicit
1882 789 1894 825 :

510 840 566 891 8.
609 840 752 889 Tunc
775 842 833 889 di
846 842 912 892 ri.
938 844 1068 893 Ecce
1082 847 1251 894 venio.
1269 847 1393 897 Vox
1411 846 1620 896 Christi
1636 847 1793 897 estin
1808 858 2053 910 persona

452 920 590 960 sua:
614 910 777 975 Tunc,
794 912 961 973 idest,
979 928 1047 965 eo
1073 920 1343 981 tempore,
1363 930 1479 980 quo
1506 917 1645 968 mihi
1665 922 2053 981 opportunum

452 980 773 1045 videbatur,
806 988 869 1035 ut
898 987 1162 1038 veterain
1174 980 1905 1052 novamutarenturizDiaci,
1924 988 2053 1036 Ecce

452 1052 605 1101 venio
639 1052 811 1115 (Hebr.
836 1054 962 1119 10.),
986 1056 1155 1115 idest,
1180 1057 1489 1111 deliberavi
1526 1062 1593 1109 ut
1635 1058 1696 1109 in
1719 1057 2053 1109 manifesta—

454 1122 607 1176 tione
632 1124 793 1176 Ileret
816 1126 1101 1180 adventus
1126 1142 1309 1182 meus.
1328 1131 1518 1194 Hujus
1529 1130 1820 1181 adventus
1834 1131 2053 1178 testimo-

452 1195 614 1245 nium
639 1195 709 1247 de
728 1199 1011 1263 scriptura
1035 1200 1225 1261 trahit,
1267 1215 1400 1253 cum
1419 1202 1615 1253 subdit
1638 1203 1970 1251 convertenda
2002 1215 2054 1249 se

454 1265 524 1315 ad
556 1267 784 1321 Patrem
807 1274 866 1321 et
886 1270 1131 1324 dicendo
1158 1290 1169 1321 :
1199 1274 1263 1322 In
1303 1273 1473 1336 capite
1502 1273 1629 1322 tibri
1671 1272 1935 1337 scriptum
1984 1275 2055 1320 est

455 1337 518 1386 de
540 1352 623 1386 me
650 1337 833 1402 [νει-8.
867 1340 940 1407 9.]
972 1348 1029 1391 ut
1060 1342 1295 1405 facerem
1328 1344 1654 1394 voluntatem
1680 1348 1832 1391 lnam
1866 1358 1882 1391 :
1916 1342 2057 1391 Deus

454 1422 606 1457 meus
640 1410 817 1462 volui:
854 1412 923 1461 Et
957 1413 1120 1477 legem
1155 1420 1308 1463 tuam
1337 1416 1397 1463 in
1430 1415 1607 1463 medio
1633 1414 1810 1463 cordis
1842 1413 1966 1463 mei.
1992 1414 2058 1463 In

455 1479 638 1543 primo
661 1481 880 1545 psalmo
895 1484 1070 1549 hujus
1085 1485 1220 1537 libri
1232 1486 1511 1550 scriptum
1535 1490 1642 1547 est,
1658 1490 1723 1536 ut
1743 1484 1945 1536 faciam
1962 1497 2058 1536 vo-

452 1551 733 1603 luntatem
758 1558 934 1617 tuam,
960 1556 1124 1618 idest,
1163 1562 1228 1608 ut
1253 1556 1522 1620 impleam
1536 1554 1923 1609 obedientiam
1946 1566 1981 1606 a
2004 1559 2059 1606 te

454 1620 596 1673 mihi
629 1623 973 1688 injunctam.
1024 1629 1093 1678 Et
1127 1628 1210 1679 sic
1236 1629 1517 1692 scriptum
1543 1632 1670 1679 est:
1699 1629 1787 1677 Ita
1822 1625 1998 1690 volui,
2025 1637 2059 1676 ο

454 1694 610 1744 Deus
632 1707 811 1746 meus.
841 1698 1109 1750 Nonveni
1132 1698 1319 1750 facere
1345 1698 1702 1751 voluntatem
1731 1709 1941 1758 meam,
1960 1695 2064 1746 sed

455 1763 813 1819 voluntatem
840 1768 967 1831 ejus
990 1770 1089 1833 qui
1113 1770 1271 1821 misit
1286 1782 1379 1821 me
1396 1770 1594 1821 Patris.
1625 1768 1904 1829 Attende,
1924 1767 2063 1831 quid

456 1834 518 1886 in
541 1837 725 1900 capite
746 1838 925 1901 hujus
945 1840 1072 1892 libri
1098 1842 1374 1905 scriptum
1399 1842 1476 1892 sit
1490 1841 1562 1893 de
1588 1841 1830 1893 Christo.
1847 1839 2063 1890 Dicitur

457 1906 607 1957 enim
631 1907 727 1973 ibi,
760 1911 968 1962 Beatus
992 1912 1077 1962 vir
1099 1912 1197 1975 qui
1212 1924 1327 1964 non
1343 1912 1502 1976 abiit,
1525 1916 1584 1963 et
1599 1916 1823 1963 caetera.
1846 1910 1950 1961 Hic
1965 1926 2062 1958 nu-

459 1979 574 2028 tem
597 1978 696 2043 ait,
724 1980 852 2030 Ecce
873 1983 1045 2032 venio.
1076 1984 1293 2035 Dicitur
1314 1984 1394 2034 ibi
1422 2002 1433 2031 :
1461 1983 1571 2035 Sed
1597 1984 1655 2033 in
1685 1982 1813 2047 lege
1838 1981 2064 2033 Domini

458 2050 732 2103 voluntas
759 2053 884 2117 ejus
911 2068 923 2103 :
957 2054 1050 2105 hic
1080 2067 1215 2106 vero
1249 2056 1346 2117 ait,
1391 2055 1454 2104 Ut
1477 2054 1707 2116 facerem
1738 2055 2063 2103 voluntatem

461 2125 630 2171 tuam.
668 2124 887 2176 Dicitur
904 2125 1009 2176 ibi:
1028 2128 1096 2177 Et
1118 2126 1178 2176 in
1189 2126 1316 2189 lege
1340 2124 1566 2176 Domini
1583 2124 1953 2176 meditabitur
1968 2124 2063 2175 die

459 2202 527 2241 ac
549 2197 717 2243 nocte
743 2208 756 2243 :
784 2194 876 2244 hic
900 2200 1094 2247 autem
1125 2196 1279 2254 dicit,
1315 2195 1385 2244 Ει
1422 2196 1585 2258 legem
1610 2202 1760 2243 tuam
1792 2195 1853 2243 in
1887 2194 2063 2242 medio

459 2261 636 2310 cordis
657 2264 777 2312 mei.
806 2267 947 2315 Haec
977 2266 1118 2316 satis
1146 2263 1577 2328 mquipollentia
1601 2269 1757 2315 sunt.
1785 2264 1946 2326 Quod
1970 2277 2064 2316 me

461 2330 616 2382 dium
634 2338 742 2395 est,
760 2346 877 2386 non
894 2334 1337 2399 declinatmagis
1359 2336 1433 2387 ad
1454 2335 1704 2399 aliquam
1718 2341 1956 2400 partem.
1977 2338 2065 2383 Ille

462 2415 596 2466 ergo
622 2403 795 2455 habet
816 2405 1003 2469 legem
1029 2407 1129 2457 Dei
1153 2420 1213 2469 tn
1234 2406 1425 2458 medio
1448 2407 1637 2458 cordis
1662 2407 2065 2470 sui,quiman-

460 2472 594 2524 data
621 2474 749 2536 ejus
773 2475 854 2526 ita
874 2476 1186 2529 meditatur
1209 2483 1268 2529 et
1299 2481 1509 2537 servat,
1528 2482 1593 2528 ut
1616 2490 1733 2527 non
1744 2476 1989 2527 declinet
2001 2479 2061 2525 ad

462 2543 779 2607 dexteram,
811 2560 998 2610 neque
1020 2550 1095 2600 ad
1132 2549 1425 2599 sinistram
1453 2548 1620 2612 (Deut.
1650 2546 1741 2611 5.).
1769 2547 1866 2598 Ille
1890 2548 2065 2599 habet

461 2613 649 2679 legem
675 2617 774 2668 Dei
800 2618 859 2669 in
883 2618 1074 2672 medio
1097 2620 1284 2671 cordis
1309 2620 1418 2684 sui,
1434 2620 1534 2682 qui
1552 2619 1738 2683 diligit
1754 2618 2063 2670 Dominum

464 2686 645 2738 Deum
671 2700 743 2739 ex
769 2694 888 2741 toto
913 2690 1084 2743 corde
1101 2703 1226 2751 suo,
1254 2695 1311 2741 et
1334 2703 1407 2741 ex
1433 2694 1554 2741 tota
1576 2690 1771 2741 anima
1783 2701 1908 2749 sua,
1926 2691 2062 2741 etex

463 2758 599 2808 totis
634 2758 852 2811 viribus
878 2761 1020 2825 suis,
1045 2766 1102 2813 et
1121 2762 1452 2826 proximum
1477 2774 1650 2812 suum
1676 2761 2059 2820 sicutseipsum

464 2828 612 2888 (Luc.
644 2829 767 2893 10.).
795 2832 1068 2895 Quisquis
1085 2832 1215 2884 talis
1237 2837 1344 2897 est,
1357 2832 1584 2896 justum
1602 2831 1852 2896 profecto
1872 2833 1980 2893 est,
1996 2835 2061 2882 ut

457 2899 759 2961 justitiam,
784 2914 959 2964 quam
982 2903 1107 2965 ipse
1132 2903 1323 2965 habet,
1347 2902 1476 2954 aliis
1501 2902 1935 2967 prmdicarenon
1947 2914 2066 2953 ces-

469 2973 557 3020 set
578 2970 773 3031 (Gatat.
800 2970 891 3036 3.).
920 2973 1081 3024 Unde
1104 2978 1160 3024 et
1184 2974 1451 3025 subditur
1483 2987 1498 3023 :

532 3038 617 3093 10.
643 3040 994 3091 Annuntiavi
1014 3043 1290 3107 justitiam
1314 3050 1463 3092 tuam
1492 3044 1555 3093 in
1578 3042 1810 3092 Ecclesia
1839 3057 2066 3106 magna,

477 3107 627 3178 |86
654 3112 796 3163 Toto
822 3114 959 3165 orbe
989 3119 1270 3165 terrarum
1294 3115 1519 3166 diliusa.
1546 3113 1896 3165 Annuntiavi
1913 3113 2067 3176 quod

2147 716 2359 769 magna
2369 704 2707 755 auctoritate
2730 708 2789 755 et
2810 703 3053 754 audacia
3075 699 3346 765 Apostoli
3363 700 3564 751 sancti
3578 705 3644 751 et
3660 716 3781 747 mar-

2154 781 2306 839 tyres
2330 775 2787 839 praedicaverunt
2811 774 2942 838 (Act.
2974 771 3052 834 5.)
3068 771 3553 824 misericordiam
3564 777 3627 823 et
3644 772 3778 822 veri-

2152 849 2329 897 tatem
2371 846 2598 896 Christi.
2636 846 2738 895 Vis
2758 843 2956 896 audire
2984 843 3453 896 misericordiam
3477 843 3589 894 Dei
3616 845 3646 892 ‘t
3665 846 3772 905 Age

2150 916 2647 981 pmnitentiam,et
2660 916 3032 966 remittuntur
3059 915 3161 965 tibi
3188 917 3432 978 peccata
3460 913 3771 976 (Matt/1-4,).

2153 987 2254 1038 Vis
2276 987 2475 1039 audire
2499 988 2798 1038 veritatem
2813 986 3313 1048 ‘tTenejustitiam
3333 989 3393 1036 et
3420 984 3668 1035 dabitur
3687 985 3770 1034 tibi

2151 1071 2375 1110 merces
2399 1062 2615 1109 interna
2640 1056 2852 1121 (Eccles.
2883 1054 3008 1120 18.).
3035 1055 3190 1107 Audi
3212 1054 3772 1107 misericordiamsi-

2151 1128 2274 1181 mul
2289 1132 2346 1180 et
2370 1130 2688 1180 veritatem.
2715 1129 3122 1180 Pmnitentiam
3144 1127 3320 1190 agite,
3347 1127 3770 1191 appropinqua-

2154 1201 2238 1253 vit
2267 1200 2424 1251 enim
2449 1212 2691 1264 regnum
2714 1199 2988 1251 caelorum
3008 1198 3224 1261 (Matth.
3244 1197 3341 1261 4.).
3366 1198 3768 1249 Ρωοὶιεηιὶειω

2155 1271 2403 1336 pertinet
2421 1271 2493 1322 ad
2510 1269 2977 1334 misericordiam,
3002 1281 3255 1333 regnum
3271 1267 3570 1320 caelorum
3591 1267 3667 1318 ad
3692 1281 3769 1318 ve-

2156 1343 2399 1394 ritatem.
2416 1341 2584 1392 Modo
2600 1339 2988 1392 misericordia
3011 1338 3383 1405 prmdicatur,
3416 1344 3635 1402 postea
3658 1342 3771 1386 veri-

2156 1418 2247 1464 tas
2282 1413 2601 1464 exhibetur.
2620 1414 2841 1463 Rursus
2858 1412 2957 1475 qui
2990 1410 3167 1462 modo
3192 1410 3536 1463 contemnit
3558 1411 3765 1461 miseri-

2157 1484 2410 1536 cordiam
2426 1498 2439 1533 :
2457 1482 2714 1535 districto
2739 1486 2937 1546 postea
2963 1483 3174 1533 sentiet
3198 1481 3514 1533 veritatem
3539 1481 3769 1543 nonqui-

2158 1555 2288 1606 dem
2299 1554 2373 1606 ad
2396 1554 2657 1619 gloriam,
2682 1553 2782 1604 sed
2805 1553 2878 1604 ad
2902 1564 3151 1613 pmnam.
3179 1552 3402 1603 Deinde
3430 1552 3695 1616 respexit
3708 1551 3765 1601 ad

2162 1626 2421 1677 membra
2446 1624 2659 1683 saucia,
2686 1628 2746 1675 et
2771 1636 2872 1688 pro
2895 1622 3009 1674 illis
3034 1628 3179 1684 orat,
3193 1623 3401 1675 dicens
3428 1639 3447 1672 :

2225 1695 2311 1751 12.
2348 1697 2425 1745 Tu
2447 1702 2645 1756 autem,
2672 1695 2917 1759 Domine,
2943 1710 3011 1743 ne
3032 1694 3187 1757 longe
3208 1694 3392 1757 facias
3403 1694 3765 1743 miseratione:

2092 1783 2147 1857 B
2167 1773 2335 1857 ea?
2356 1759 2902 1857 sarrieris;
2914 1764 3764 1857 f‘ff?£‘3§.£’ff‘3§‘°£f§:§l£‘i‘§

2165 1837 2337 1901 longe
2380 1838 2565 1889 facere
2600 1838 2673 1888 ab
2704 1837 2786 1888 eis
2812 1841 2940 1889 tuas
2962 1837 3392 1888 miserationes.
3419 1837 3697 1900 Quisquis
3716 1849 3764 1887 se

2161 1910 2336 1962 sentit
2358 1909 2610 1972 elongari
2639 1922 2674 1959 a
2699 1909 2941 1960 Domino
2960 1922 3058 1970 per
3079 1920 3324 1972 pravam
3342 1908 3557 1968 vitam,
3572 1921 3666 1972 per
3683 1924 3764 1955 ma-

2159 1983 2275 2033 lam
2296 1980 2669 2043 voluntatem,
2694 1979 2847 2031 dicat
2867 1980 3094 2039 devote,
3131 1979 3286 2031 dicat
3310 1979 3759 2043 lacrymabiliter,

2167 2053 2243 2101 Tu
2266 2058 2464 2113 autem,
2479 2051 2724 2111 Domine,
2741 2067 2808 2100 ne
2827 2050 2981 2114 longe
3008 2051 3183 2113 facias
3207 2051 3597 2100 miserationes
3612 2057 3719 2099 tuas
3734 2065 3761 2097 α

2160 2138 2261 2172 me.
2290 2123 2407 2186 Ego
2430 2123 2622 2185 miser,
2650 2123 2735 2173 Tu
2758 2121 3103 2173 misericors.
3130 2121 3328 2173 Multas
3354 2134 3513 2174 mem
3541 2123 3763 2183 iniquiu-

2165 2197 2270 2251 tes,
2297 2193 2399 2244 sed
2422 2198 2694 2257 superant
2711 2197 2828 2244 tum
2840 2192 3242 2244 miserationes
3255 2229 3267 2240 .
3281 2192 3671 2242 Misericordia
3683 2200 3761 2239 tua

2172 2261 2320 2331 187
2350 2269 2396 2313 et
2418 2265 2611 2313 veritas
2635 2270 2730 2311 tua
2760 2277 2965 2327 semper
2985 2269 3339 2326 susceperunt
3370 2277 3481 2313 me.
3504 2262 3763 2314 Attende,

2162 2338 2300 2398 quia
2318 2334 2645 2386 misericors
2666 2347 2754 2385 es:
2781 2332 3036 2397 attendo,
3063 2334 3204 2397 quia
3215 2346 3400 2386 verax
3424 2347 3515 2386 es.
3529 2339 3670 2385 Amo
3684 2333 3768 2383 mi-

2163 2406 2528 2467 sericordem,
2578 2405 2750 2456 timeo
2793 2416 3070 2456 veracem.
3106 2407 3177 2455 Et
3210 2405 3295 2455 sic
3327 2417 3502 2456 amor
3524 2409 3583 2456 et
3615 2405 3768 2456 timor

2161 2476 2390 2527 ducunt
2426 2488 2520 2527 me
2560 2475 2633 2527 ad
2678 2480 2760 2527 te:
2811 2474 2948 2538 quia
2980 2475 3362 2524 misericordia
3388 2481 3438 2524 et
3460 2476 3759 2524 verilastua

2160 2562 2365 2611 semper
2386 2554 2727 2611 susceperunt
2750 2560 2853 2597 me.
2876 2545 3012 2598 Ideo
3038 2559 3157 2610 oro,
3182 2559 3259 2598 ne
3283 2546 3463 2610 longe
3475 2545 3650 2598 facias
3669 2546 3769 2597 mi-

2163 2617 2478 2669 serationes
2508 2623 2654 2669 tuas.

2224 2686 2309 2742 13.
2352 2689 2628 2748 Quoniam
2671 2687 3141 2737 circumdederunt
3184 2702 3272 2736 me
3318 2688 3499 2749 mala,
3544 2703 3765 2753 quorum

2159 2774 2275 2809 non
2285 2765 2356 2809 est
2372 2775 2649 2810 numerus.
2670 2761 2978 2811 lnnumera
2993 2763 3131 2810 sunt
3144 2763 3386 2821 peccata
3399 2772 3550 2821 mea,
3566 2762 3765 2808 inﬁnita:

2161 2834 2300 2882 sunt
2310 2830 2674 2894 negligentiae
2690 2842 2856 2891 mem,
2870 2842 3003 2894 qum
3019 2830 3279 2892 undique
3293 2831 3769 2891 circumdanuun.

2160 2902 2333 2965 dique
2355 2902 2694 2965 impediunt.
2713 2901 2985 2952 Dicamus
3002 2901 3129 2952 haec
3144 2900 3422 2952 medullis
3434 2902 3645 2953 cordis.
3668 2901 3766 2951 Os-

2167 2972 2473 3024 tendamus
2491 2972 2708 3024 medico
2721 2977 2922 3024 nostro
2937 2971 3239 3036 passiones
3252 2975 3771 3024 nostraszhumiliter

2167 3043 2556 3108 deprecemur,
2571 3048 2636 3094 ut
2646 3056 2753 3095 nos
2767 3042 3045 3107 suscipiat
3057 3042 3132 3093 ad
3154 3043 3511 3094 sanandum.
3528 3045 3697 3095 Nemo
3708 3056 3769 3093 se

2163 3115 2391 3178 justum
2419 3119 2597 3178 putet.
2625 3116 2794 3166 Teste
2810 3114 2962 3164 enim
2988 3114 3352 3177 Apostolo,in
3386 3114 3594 3165 multis
3616 3115 3770 3166 oll‘en-

468 3193 541 3263 eﬂx
587 3181 869 3263 legalibus
911 3185 1193 3263 institutis
1222 3186 1454 3263 justitia
1472 3199 1589 3263 non
1620 3185 1742 3263 llat,
1766 3184 1867 3263 sed
1893 3197 1966 3263 ex
1995 3189 2067 3235 te.
2098 3189 2148 3263 ρ
2178 3186 2371 3236 dimus
2404 3197 2611 3263 omnes
2643 3184 2840 3263 (Jacob.
2880 3183 2951 3263 3).
2995 3184 3248 3263 Pertinet
3277 3183 3355 3263 ad
3379 3197 3494 3236 nos
3519 3185 3767 3263 clamare,

471 3252 596 3301 Ecce
621 3253 766 3303 labia
791 3270 911 3305 mea
930 3272 1044 3305 non
1064 3257 1371 3321 prohibebo.
1392 3258 1446 3308 Si
1461 3256 1637 3320 aliqui
1654 3257 1936 3307 voluerint
1958 3271 2071 3316 pro-

472 3322 687 3387 hibere,
711 3337 829 3376 non
854 3327 1072 3377 tacebo.
1102 3326 1260 3377 Talia
1283 3328 1433 3378 labia
1456 3327 1703 3378 habebat
1722 3328 2072 3385 Petrus,tam

469 3401 693 3456 promta
715 3396 788 3447 ad
808 3397 1232 3460 praedicandam
1245 3399 1531 3461 justitiam
1549 3414 1561 3448 :
1581 3398 1811 3460 quando
1828 3397 2072 3462 prohibt-

469 3469 594 3514 tum
627 3469 719 3516 est
755 3478 790 3517 a
824 3466 1193 3531 principibus,
1220 3481 1292 3519 ne
1314 3469 1465 3519 ultra
1488 3468 1815 3530 loqueretur
1834 3469 1905 3520 de
1927 3472 2067 3517 Jesu:

466 3540 525 3587 et
559 3536 679 3599 ipse
704 3536 941 3587 viriliter
965 3539 1276 3601 respondit,
1301 3538 1545 3589 Obedire
1571 3545 1796 3602 oportet
1817 3543 1935 3591 Deo
1958 3553 2074 3590 ma-

464 3607 555 3669 gis
589 3619 766 3669 quam
790 3607 1123 3658 hominibus
1149 3609 1280 3670 (Act.
1307 3610 1357 3663 4.
1386 3614 1430 3657 et
1464 3607 1556 3671 5.).
1598 3613 1667 3661 Et
1692 3611 1827 3673 quia
1850 3615 2073 3673 promta

465 3680 607 3729 sunt
631 3676 781 3727 labia
798 3690 923 3728 mea
938 3678 1009 3728 ad
1021 3680 1481 3730 annuntiandam
1498 3681 1819 3741 veritatem,
1841 3682 2072 3730 Domine

466 3753 525 3796 tu
550 3748 713 3798 scisti.
740 3749 826 3799 Tu
842 3748 995 3798 enim
1020 3749 1280 3813 cognitor
1304 3750 1509 3814 cordis,
1538 3755 1599 3801 tu
1626 3752 1788 3802 testis
1805 3754 2069 3800 conscien-

472 3818 586 3869 tias.
608 3817 891 3881 Quicquid
915 3819 1065 3869 labia
1088 3826 1286 3871 nostra
1308 3820 1635 3884 loquantur,
1662 3824 1816 3873 Deus
1843 3834 2071 3886 semper

469 3888 716 3939 attendit
740 3900 837 3938 cor
863 3893 1147 3948 nostrum,
1164 3893 1221 3940 et
1244 3890 1720 3942 secundumillud
1738 3905 1845 3942 nos
1856 3894 2066 3951 judicat.

469 3958 634 4010 Tales
659 3971 815 4031 ergo,
840 3972 949 4010 nos
974 3960 1246 4031 exhibere
1269 3962 1568 4027 debemus,
1593 3967 1659 4015 ut
1685 3965 1925 4015 Domino
1956 3965 2069 4015 Deo

469 4035 668 4082 nostro
691 4030 861 4083 corde
877 4031 1110 4083 etlabiis
1128 4032 1474 4097 placeamus.
1494 4035 1691 4091 Corde.
1711 4035 1900 4097 inquit
1914 4039 2072 4095 Apos-

469 4101 642 4163 tolus,
669 4102 922 4154 creditur
945 4104 1017 4154 ad
1033 4104 1341 4166 justitiam,
1365 4118 1459 4156 ore
1483 4111 1678 4157 autem
1696 4106 1981 4157 confessio
2007 4106 2071 4157 fit

467 4173 540 4225 ad
564 4172 810 4225 salutem
829 4174 1000 4235 (Rom.
1022 4174 1145 4237 10.).
1175 4176 1327 4226 Sona
1349 4174 1531 4237 labiis,
1547 4178 1862 4241 propinqua
1879 4176 2067 4241 corde,

468 4250 533 4295 ut
555 4248 762 4296 testem
797 4245 986 4296 cordis
1017 4246 1099 4297 tui
1127 4247 1312 4309 possis
1335 4247 1604 4298 invocare
1638 4249 1964 4310 Dominum,
1985 4248 2069 4298 di-

470 4329 610 4366 cens
648 4317 877 4365 Domine
912 4323 970 4366 tu
1002 4317 1162 4367 scisti.
1190 4318 1379 4368 Gloria
1407 4321 1557 4369 enim
1583 4324 1782 4369 nostra
1811 4319 1934 4370 hinc
1959 4323 2067 4381 est,

473 4387 867 4438 testimonium
892 4387 1265 4440 conscientiae
1293 4393 1506 4440 nostris
1534 4387 1605 4451 (2.
1636 4389 1755 4440 Cor.
1783 4388 1874 4451 1.).
1908 4388 2067 4440 Unde

472 4462 532 4508 et
565 4458 836 4509 subditur
859 4472 871 4508 :

2177 3268 2421 3321 gemere,
2447 3256 2703 3307 conﬁteri
2731 3271 2743 3306 :
2778 3268 2895 3307 non
2912 3256 3147 3318 jactare,
3173 3268 3291 3306 non
3312 3255 3387 3307 de
3412 3256 3639 3308 meritis
3662 3257 3769 3319 glo-

2172 3328 2318 3379 riari.
2358 3328 2497 3388 Qua:
2529 3326 2578 3377 si
2602 3325 2718 3377 ulla
2740 3331 2894 3390 sunt,
2924 3326 3065 3390 quid
3087 3326 3271 3377 habes
3296 3327 3461 3390 quod
3486 3341 3609 3379 non
3628 3340 3771 3379 acce-

2172 3399 2308 3464 pisti
2330 3398 2401 3460 (1.
2423 3398 2541 3448 Cor.
2570 3397 2640 3460 4.)
2653 3402 2677 3448 P
2696 3399 2868 3449 Recte
2886 3409 3022 3462 ergo
3038 3398 3335 3450 subditur:
3354 3398 3771 3463 Comprehende-

2170 3475 2303 3519 runt
2328 3485 2410 3518 me
2445 3469 2759 3532 iniquitates
2792 3484 2935 3531 meae,
2967 3475 3013 3518 et
3057 3484 3175 3518 non
3209 3471 3391 3534 potui,
3438 3476 3503 3518 ut
3534 3471 3768 3519 viderem.

2172 3545 2467 3593 lntantum
2492 3539 3103 3603 comprehenduntnos
3114 3541 3459 3603 iniquitates
3471 3546 3703 3594 nostrae.
3714 3546 3769 3591 ut

2171 3614 2342 3663 etiam
2358 3612 2407 3662 si
2423 3610 2667 3662 velimus
2681 3610 3076 3673 evadere,sine
3086 3611 3179 3675 adj
3189 3612 3379 3664 utorio
3390 3627 3496 3661 non
3510 3616 3766 3662 valeamus.

2170 3684 2317 3733 Hinc
2351 3680 2505 3732 ailibi
2542 3680 2843 3732 l'salmista
2865 3680 3035 3732 dicit:
3062 3682 3255 3732 Funes
3285 3686 3659 3746 peccatorum
3682 3684 3769 3733 cir-

2170 3752 2487 3817 cumplexit
2512 3755 2650 3802 sunt
2662 3764 2751 3802 me
2777 3751 2940 3810 (Psat.
2967 3750 3126 3815 118.).
3150 3751 3317 3804 Unde
3340 3755 3402 3803 et
3426 3756 3683 3816 postulat
3695 3754 3769 3803 di-

2171 3837 2330 3886 cens,
2358 3826 2636 3874 Converte
2657 3822 2900 3873 Domine
2917 3822 3315 3885 captivitatem
3337 3826 3611 3875 nostram
3625 3823 3767 3883 (ρεαι.

2172 3893 2334 3955 1:25.).
2358 3893 2593 3950 Amissa
2612 3897 2806 3943 autem
2827 3892 3228 3944 veritatisluce
3251 3893 3314 3945 in
3337 3897 3569 3946 tantam
3591 3899 3772 3943 cimite-

2170 3972 2289 4017 tem
2310 3965 2597 4021 venimus,
2618 3968 2684 4014 ut
2706 3964 3096 4027 nosmetipsos
3122 3964 3487 4028 ignoremus.
3502 3966 3772 4030 Perpetra-

2169 4048 2303 4086 mus
2334 4034 2500 4092 mala,
2526 4047 2632 4085 nec
2656 4033 2898 4084 celerius
2923 4034 3437 4099 deprehendimus,
3458 4038 3559 4088 vel
3586 4048 3768 4100 perpe-

2170 4110 2335 4157 trata.
2363 4105 2610 4156 Exclusa
2633 4105 2705 4155 ab
2724 4106 2947 4155 interno
2969 4104 3193 4156 lumine
3208 4105 3410 4157 anima
3425 4106 3509 4157 nil
3533 4107 3595 4157 in
3615 4120 3675 4157 se
3686 4108 3768 4153 nisi

2171 4177 2438 4227 tenebras
2464 4176 2700 4227 invenit.
2729 4175 3111 4238 Semetipsam
3128 4175 3326 4227 videre
3350 4177 3627 4239 perdidit,
3650 4177 3768 4240 quia

2168 4248 2420 4298 auctoris
2445 4246 2536 4298 sui
2554 4247 2838 4297 visionem
2859 4248 3184 4297 contemsit.
3207 4249 3293 4297 Ex
3308 4248 3771 4300 amissionelumi-

2167 4319 2261 4369 nis
2277 4316 2859 4381 crevitmultiplicitas
2871 4316 3213 4380 iniquitatis.
3228 4318 3362 4368 Ideo
3376 4321 3616 4380 adjungit
3629 4335 3641 4370 :
3655 4316 3772 4368 Mul-

2164 4389 2373 4453 plicatae
2393 4394 2520 4437 sunt
2542 4404 2704 4452 super
2724 4386 2944 4452 capillos
2966 4389 3159 4452 capitis
3185 4390 3307 4439 mei.
3334 4389 3589 4453 Capillos
3613 4389 3771 4450 capitis

2167 4460 2240 4510 ad
2253 4460 2476 4511 numeri
2493 4459 2919 4510 multitudinem
2933 4461 3447 4520 revocat.Quis(Eac
3458 4460 3767 4524 Augustino)

535 4528 559 4581 1
569 4527 620 4623 ἰ
648 4529 929 4578 Justitiam
944 4535 1102 4610 tuam
1126 4545 1243 4623 non.
1264 4529 1517 4623 a‘bscondi
1541 4531 1600 4623 ἑξ
1621 4530 1777 4623 corde
1789 4545 1927 4623 tneo.
1945 4530 2070 4623 ‘Sic—
2099 4552 2149 4623 ι)
2172 4528 2682 4623 numeratcapillos
2700 4528 3110 4623 ΡΜιΙΙιρξξλὶῐιιιε
3122 4534 3354 4623 peccata
3366 4535 3663 4623 numerat,
3677 4545 3771 4590 quer.

475 4602 538 4647 ut
566 4598 657 4648 ille
674 4612 879 4649 servus
905 4600 1079 4663 piger,
1105 4600 1205 4663 qui
1229 4599 1505 4651 talentum
1529 4600 1828 4651 abscondit
1861 4601 1921 4651 in
1945 4608 2073 4649 terra
2099 4598 2148 4623 ν
2174 4600 2779 4651 exceduntnumerum
2791 4598 3294 4663 capillorum.Jam
3308 4612 3428 4651 non
3445 4601 3768 4658 occidis,nou

476 4669 684 4730 (Matth.
711 4667 838 4731 25.).
856 4670 1000 4720 Hinc
1016 4671 1298 4722 Dominus
1325 4672 1630 4735 Discipulis
1656 4672 1777 4722 suis
1802 4671 1901 4733 ait,
1920 4676 2077 4733 Quaa-

478 4750 727 4807 cumque
760 4739 960 4791 audivi
985 4752 1019 4790 a
1043 4741 1211 4792 Patre
1227 4755 1377 4807 meo,
1408 4747 1545 4794 nota
1569 4742 1676 4793 feci
1704 4743 1869 4794 vobis
1894 4745 2074 4803 (Joan.

478 4806 609 4868 15.).
642 4808 774 4859 Ideo
797 4814 854 4860 et
874 4812 1157 4873 Apostolis
1183 4814 1549 4875 praecepit,ut
1570 4827 1759 4876 neque
1784 4814 2077 4866 sacculum

476 4883 773 4941 portarent
812 4880 954 4943 (Luc.
998 4880 1089 4943 9.).
1116 4882 1419 4933 Saeculum
1448 4896 1699 4947 namque
1739 4889 1942 4949 portat,
1979 4887 2077 4947 qui

479 4949 657 4999 verba
678 4949 874 5001 divina
898 4952 958 5002 in
986 4953 1157 5004 corde
1175 4953 1337 5005 celat.
1370 4955 1605 5005 Justitia
1630 4956 1688 5005 in
1707 4955 1814 5006 hoc
1834 4955 1958 5006 loco
1991 4955 2077 5006 in-

479 5018 756 5091 telligitur
781 5021 938 5073 fides.
974 5024 1176 5075 Justus
1199 5026 1353 5075 enim
1377 5038 1451 5076 ex
1484 5025 1597 5076 ﬁde
1623 5025 1764 5076 vivit
1786 5027 1958 5089 (Rom.
1988 5025 2077 5091 1.).

475 5090 727 5142 Credidit
753 5093 1045 5144 Abraham
1068 5095 1203 5154 Deo,
1231 5100 1289 5146 et
1321 5100 1650 5158 reputatum
1676 5101 1765 5147 est
1795 5096 1935 5148 eiad
1959 5098 2081 5159 jus-

473 5163 680 5226 titiam,
710 5164 906 5225 (Gatat.
938 5163 1032 5228 3.).
1069 5166 1232 5215 Hanc
1248 5165 1415 5216 multi
1439 5165 1887 5217 absconduntin
1911 5167 2078 5218 corde

477 5247 603 5295 suo,
633 5236 836 5286 timore
862 5237 1078 5286 mortis.
1104 5235 1266 5285 Multi
1279 5235 1466 5287 adhuc
1486 5236 1851 5288 abscondunt
1867 5238 1961 5288 Dei
1974 5241 2081 5296 jus-

474 5305 681 5368 titiam,
729 5309 833 5358 aut
869 5310 1101 5369 propter
1134 5318 1368 5370 pmnam
1400 5308 1691 5368 timentes,
1728 5313 1829 5359 aut
1850 5312 2080 5371 propter

476 5375 775 5427 damnum.
801 5376 909 5439 Qui
944 5381 1138 5427 autem
1164 5388 1270 5427 nec
1302 5389 1551 5440 pcenam,
1580 5390 1688 5433 nec
1713 5378 1989 5429 damnum
2018 5381 2082 5430 ti-

474 5453 652 5510 ment,
676 5448 749 5498 ad
765 5449 894 5498 illos
919 5448 1222 5510 pertinent,
1244 5447 1314 5498 de
1330 5448 1543 5512 quibus
1568 5448 1794 5507 dicitur,
1816 5449 1970 5500 Beati
1990 5451 2079 5510 qui

477 5519 939 5579 persecutionem
956 5520 1249 5581 patiuntur
1269 5524 1500 5582 propter
1516 5519 1824 5583 justitiam,
1842 5522 2080 5580 quoniam

478 5586 737 5649 ipsorum
761 5594 851 5640 est
875 5602 1118 5653 regnum
1143 5589 1416 5642 caelorum
1441 5590 1645 5655 (Matth.
1673 5588 1765 5654 5.).
1802 5591 2083 5639 Veritatem

481 5661 635 5705 tuam
659 5664 704 5706 et
727 5661 965 5707 salutare
985 5664 1141 5709 tuum
1183 5661 1305 5709 dimi
1356 5661 1530 5720 Idest,
1557 5660 1851 5711 Christum
1876 5660 2082 5724 praedi-

481 5727 625 5788 cavi,
653 5729 754 5789 qui
777 5729 848 5778 de
873 5729 1064 5792 seipso
1088 5731 1321 5792 ait.Ego
1348 5744 1479 5781 sum
1499 5731 1720 5782 Veritas
1745 5730 1925 5793 (Joan.
1957 5730 2078 5795 14.).

485 5795 556 5846 Et
570 5795 643 5847 de
673 5809 788 5858 quo
813 5798 1046 5851 Simeon
1071 5800 1230 5865 dicit,
1243 5800 1526 5854 Viderunt
1545 5801 1695 5854 oculi
1705 5802 1819 5854 mei
1832 5800 2081 5854 salutare

2177 4671 2502 4732 mmcharis,
2522 4684 2639 4721 non
2664 4670 2800 4721 facis
2830 4674 3067 4735 furtum,
3090 4684 3209 4722 non
3226 4670 3371 4720 dicis
3391 4671 3605 4722 falsum
3630 4669 3772 4723 testi-

2174 4743 2455 4805 monium,
2472 4747 2529 4792 et
2553 4746 2761 4793 caetera
2775 4741 3115 4804 hujusmodi
3137 4742 3379 4805 grandia
3394 4750 3601 4802 pacata:
3636 4743 3771 4791 moles

2177 4818 2316 4863 sunt
2332 4814 2461 4864 istm
2486 4818 2867 4877 peccatorum.
2886 4813 3093 4876 Magna
3117 4812 3469 4875 praecavisti,
3489 4812 3769 4864 deminutis

2175 4881 2312 4944 quid
2338 4883 2461 4932 agis
2476 4889 2500 4932 τ
2524 4882 2815 4946 Projecisti
2834 4881 3061 4942 molem,
3082 4881 3215 4932 vide
3226 4894 3298 4932 ne
3317 4893 3496 4932 arena
3508 4881 3773 4934 obruaris.

2176 4952 2285 5003 Sed
2303 4952 2494 5002 adhuc
2512 4952 2677 5003 valde
2699 4951 2931 5015 gravius
2953 4955 3060 5010 est,
3075 4950 3232 5014 quod
3257 4952 3385 5012 subj
3395 4953 3595 5015 ungit:
3624 4953 3770 5001 Etcor

2178 5039 2353 5072 meum
2373 5022 2567 5087 dercliq
2579 5023 2654 5070 uit
2670 5037 2769 5072 me.
2793 5023 2913 5072 Hoc
2930 5025 3038 5079 est,
3052 5022 3236 5073 virtus
3247 5022 3445 5073 cordis
3460 5022 3581 5074 mei
3591 5023 3770 5079 defecit,

2177 5099 2233 5146 et
2274 5107 2391 5144 non
2415 5093 2791 5144 estidoneum
2816 5092 2889 5143 ad
2909 5092 3382 5156 cognoscendum
3409 5106 3492 5145 se.
3510 5094 3768 5155 Quotiens

2179 5169 2373 5216 mente
2390 5177 2668 5228 vagamur
2694 5163 2850 5227 foris,
2876 5162 3233 5214 delectamur
3256 5164 3529 5226 terrenis,
3564 5162 3767 5229 propria

2176 5240 2378 5288 nostra
2398 5234 2592 5285 studia
2614 5234 2993 5297 relinquimus
3012 5247 3024 5283 :
3043 5238 3221 5296 atque
3236 5233 3456 5297 inania,
3470 5233 3565 5287 vel
3574 5239 3767 5296 agimus.

2180 5306 2269 5358 vel
2314 5305 2625 5369 loquimur,
2660 5304 2754 5357 vel
2775 5305 3100 5367 cogitamus
3126 5324 3136 5352 :
3166 5304 3380 5355 totiens
3406 5318 3503 5357 cor
3527 5311 3762 5369 nostrum

2180 5367 2529 5439 derelin’quit
2557 5367 2683 5426 nes.
2704 5375 2980 5436 Quotiens
2997 5387 3115 5425 non
3131 5374 3457 5437 cogitamus
3473 5377 3680 5435 Deum,
3694 5367 3763 5423 vel

2181 5461 2266 5507 ea,
2292 5459 2426 5509 quae
2448 5446 2521 5497 ad
2545 5446 2851 5497 utilitatem
2875 5444 3202 5495 animarum
3234 5445 3558 5508 pertinent:
3585 5444 3761 5496 totiens

2181 5518 2506 5570 amittimus
2530 5531 2628 5569 cor
2648 5521 2928 5567 nostrum.
2957 5515 3139 5573 Unde,
3165 5516 3407 5579 quidam
3431 5517 3663 5580 sapiens
3685 5512 3758 5563 ait.

2182 5592 2537 5651 Quocunque
2575 5592 2827 5650 tempore
2873 5598 2991 5637 non
3027 5585 3379 5648 cogivateris
3412 5588 3617 5647 Deum,
3652 5586 3756 5657 puta

2180 5659 2324 5711 illud
2357 5659 2642 5711 amisisse.
2690 5659 2949 5723 Congrue
2994 5668 3128 5720 ergo
3160 5658 3424 5721 sequitur
3462 5658 3592 5710 hmo
3614 5656 3756 5708 oratio

2182 5743 2298 5795 qua
2327 5729 2535 5781 dicitur
2559 5745 2572 5780 :

2247 5800 2334 5856 14.
2376 5801 2713 5867 Complaceat
2735 5800 2831 5850 tibi
2858 5800 3020 5864 Deus,
3043 5806 3106 5852 ut
3128 5814 3291 5852 eruas
3315 5814 3420 5861 me,
3451 5798 3685 5859 Domine,
3701 5786 3754 5840 αιί
