3908 6232
133 341 247 398 797

1157 345 1232 397 ΙΝ
1264 345 1587 400 PSALMOS
1620 346 1828 400 LXXV
1862 346 2445 403 COMMENTARIUS.

3342 349 3449 408 798

134 454 535 534 adiuvandum
685 452 1077 536 respice.‘Bene
1100 455 1198 536 ait,
1227 456 1604 536 complanet;
1632 471 1746 536 non
1770 462 1827 536 Α
1850 458 2088 536 salutare
2130 464 2304 509 tuum.
2331 459 2476 536 Quid
2507 459 2660 536 enim
2680 465 2801 514 tam
2824 460 3087 536 laudare,
3100 466 3216 513 tam
3238 462 3449 527 pradi-

132 525 300 577 enim
325 538 400 575 ex
425 524 664 584 meritis,
702 524 803 574 sed
843 524 962 574 solo
993 525 1347 590 beneplacito
1372 542 1477 579 suo
1502 529 1626 591 (Tit.
1653 530 1745 594 3.),

134 596 268 648 sola
284 596 491 657 gratia,
507 594 630 645 sola
642 594 892 645 bonitate
905 597 1034 659 suaj
1045 598 1460 650 ustiticatDeus
1475 603 1747 651 hominem.

133 668 450 718 Miseretur
467 666 635 717 nobis
656 667 784 728 pius
805 666 1098 727 Dominus,
1124 669 1256 730 quia
1268 670 1315 720 ei
1335 674 1413 721 sic
1432 672 1632 734 placet,
1648 686 1747 719 non

134 739 285 800 quia
307 750 417 787 nos
432 736 770 787 meruimus.
787 736 917 786 Ideo
935 737 1229 800 discipulis
1255 741 1374 789 suis
1398 742 1493 799 ait,
1516 743 1636 791 Non
1665 756 1749 789 1·οο

126 821 237 859 me
262 807 539 871 elegistis,
567 806 668 856 sed
694 819 799 869 ego
823 808 966 870 elegi
990 821 1092 858 vos
1115 809 1293 868 (Joan.
1323 810 1443 873 15.).
1475 814 1538 861 tit
1561 815 1748 874 Apos-

132 877 319 940 tolus,
344 878 531 942 gratia
546 878 651 928 Dei
668 890 800 927 sum
816 877 873 929 id
887 878 1042 940 quod
1066 892 1195 929 sum
1215 880 1282 941 (t.
1302 881 1559 945 Cor.15.).
1588 886 1747 933 Com-

128 948 476 1000 mendando
490 960 624 1011 ergo
639 948 900 1012 gratiam,
918 949 1210 1001 humiliter
1220 952 1531 1002 Dominum
1548 953 1747 1016 depre-

130 1025 352 1080 ccntur,
379 1024 445 1070 ut
468 1032 603 1070 eum
627 1024 791 1070 eruat
813 1032 846 1069 a
875 1023 961 1071 tot
985 1024 1042 1071 et
1075 1022 1267 1085 tantis,
1313 1035 1445 1084 qua:
1469 1024 1748 1087 praemisit

126 1090 333 1151 malis,
349 1094 413 1141 ut
426 1088 863 1141 misericorditer
878 1090 1235 1154 respiciendo
1250 1092 1490 1156 adjuvet
1503 1095 1562 1144 in
1579 1096 1743 1145 bonis.

128 1162 370 1213 Deinde
431 1165 632 1211 contra
686 1166 1077 1224 persecutores
1152 1164 1491 1227 deprecatur
1547 1165 1745 1216 dicens

204 1231 294 1285 15.
317 1230 754 1293 Confundanlur
774 1237 819 1279 ct
842 1238 1186 1280 revercantur
1209 1234 1745 1298 simulquiquzrunt

129 1304 399 1351 animam
410 1316 606 1350 tineam.
623 1301 772 1363 Quid
788 1309 1178 1365 revereantur,
1195 1302 1283 1354 vel
1304 1303 1741 1371 I8800minum,

128 1373 237 1425 vel
252 1385 630 1438 pmnam,qua
643 1374 913 1437 puniendi
927 1378 1089 1425 sunt?
1102 1377 1152 1425 Μ
1163 1375 1264 1426 ulti
1276 1391 1309 1439 q
1319 1377 1629 1428 umsierunt
1639 1379 1745 1425 ani-

128 1458 301 1496 mam
328 1445 556 1508 Christi,
583 1445 684 1495 sed
728 1444 822 1495 1110
852 1450 1195 1509 potestatem
1220 1446 1469 1498 habebat
1498 1448 1745 1511 ponendi

129 1516 401 1567 animam
427 1528 595 1566 suam
612 1517 886 1566 etiterum
901 1517 1167 1567 sumendi
1182 1530 1327 1579 eam,
1346 1518 1429 1568 1111
1444 1523 1634 1569 autem
1652 1531 1745 1582 ga-

130 1589 253 1639 visi
283 1593 440 1648 sunt,
480 1600 610 1637 cum
636 1588 865 1651 posuit:
891 1588 1114 1639 confusi
1152 1593 1307 1652 sunt,
1353 1602 1482 1640 cum
1510 1590 1737 1652 recepit.

132 1659 306 1710 Multi
318 1658 509 1709 adhuc
520 1663 792 1720 quaerunt
817 1671 1021 1723 corpus
1039 1660 1266 1717 Christi,
1282 1663 1617 1723 etquzerunt
1632 1662 1741 1707 ani-

134 1743 271 1780 mus
302 1729 534 1792 perdere
575 1728 753 1790 (Joan.
800 1728 908 1791 10.)
942 1746 954 1775 :
981 1729 1079 1791 qui
1103 1729 1353 1793 profecto
1376 1735 1479 1781 aut
1500 1730 1744 1781 confun—

133 1800 356 1850 duntur
370 1799 562 1861 modo,
580 1804 646 1849 ut
660 1799 1003 1849 erubescant
1021 1799 1092 1850 de
1109 1800 1295 1860 matis,
1326 1804 1383 1851 et
1397 1804 1739 1861 paenitentiam

130 1876 337 1933 agant.
365 1872 423 1921 et
446 1869 717 1920 timentes
729 1875 1127 1921 revereantur;
1154 1875 1535 1922 autmternam
1559 1874 1739 1920 confu-

135 1941 367 1992 sionem
393 1939 766 2003 postmodum
796 1940 1104 2003 patientur,
1131 1954 1262 1991 cum
1285 1942 1506 1992 dicetur
1521 1942 1621 1999 eis,
1640 1944 1741 2006 Ite,

130 2012 516 2074 maledicti,in
536 2012 729 2075 ignem
751 2015 1035 2063 mternum
1055 2013 1263 2075 (Matth.
1282 2010 1410 2075 95.).
1424 2015 1745 2062 0000010111)-

129 2086 310 2133 ditur:
337 2083 669 2132 Avertantur
681 2089 991 2144 retrorsum,
1005 2090 1049 2131 et
1061 2099 1304 2131 rerercan
1314 2090 1422 2147 tur,
1443 2085 1539 2149 qui
1560 2084 1743 2134 volunt

132 2155 284 2203 mihi
298 2154 466 2204 mata.
483 2154 811 2205 Retrorsum
827 2154 968 2205 ﬂant
984 2166 1084 2218 per
1093 2154 1742 2219 humilitatem,quiemnt

133 2225 320 2277 erecti
335 2225 486 2276 male
511 2238 609 2289 per
632 2225 978 2289 superbiam,
996 2229 1053 2276 et
1070 2226 1167 2288 qui
1190 2227 1467 2290 praeibam
1482 2229 1739 2289 trahendo,

130 2296 472 2357 occidendo,
488 2301 804 2360 sequantur
818 2296 1153 2349 obediendo.
1168 2299 1739 2364 Revereanturetiam,

131 2368 192 2418 id
220 2372 329 2428 est,
356 2369 616 2431 timeant,
638 2372 696 2419 et
711 2368 1206 2431 honorentDeum,
1223 2370 1317 2430 qui
1335 2370 1489 2433 prius
1504 2372 1743 2429 blasphe-

130 2438 415 2489 mabant:
443 2440 499 2488 et
524 2438 607 2488 sic
638 2443 1047 2490 convertantur
1069 2451 1103 2490 a
1125 2438 1275 2491 mala
1297 2439 1613 2502 voluntate,
1626 2451 1741 2502 qua

132 2522 232 2560 me
264 2508 775 2572 persequebantur.

201 2578 504 2633 16.Ferant
527 2580 803 2641 confestim
828 2580 1201 2642 confusionem
1224 2596 1400 2632 suam.
1426 2582 1498 2631 Ut
1518 2580 1629 2631 cito
1651 2592 1740 2632 rc-

133 2650 318 2701 deant
334 2650 405 2701 ad
425 2649 847 2715 pmnitentiam:
879 2651 982 2709 Qui
1014 2653 1200 2700 dicunt
1216 2652 1377 2714 mihi,
1403 2652 1569 2715 Euge,
1591 2666 1736 2713 euge.

129 2721 197 2771 ld
226 2725 340 2781 est,
366 2722 538 2781 Bene,
556 2721 734 2772 Bene:
762 2721 1015 2773 Irrisoria
1038 2722 1167 2774 laus
1192 2726 1293 2773 est.
1318 2724 1380 2773 ln
1398 2722 1526 2773 istis
1552 2723 1736 2773 tribus

128 2792 408 2844 versibus
443 2796 579 2843 nota
604 2793 707 2842 tria
723 2805 935 2856 genera
955 2799 1403 2857 persecutorum.
1423 2794 1585 2844 Prius
1616 2797 1740 2844 orat

128 2875 237 2926 pro
256 2862 358 2922 eis,
378 2862 475 2925 qui
503 2869 777 2925 quaerunt
797 2864 1048 2915 animam
1066 2864 1210 2927 ejus,
1230 2868 1293 2915 ut
1308 2864 1569 2915 auferant
1583 2878 1689 2913 eam
1718 2882 1731 2913 :

128 2932 491 2997 intelligendi
509 2938 647 2984 sunt
662 2933 762 2997 illi,
788 2936 884 2997 qui
910 2938 1103 2999 aperta
1120 2936 1511 3000 persecutione
1536 2947 1733 2986 servos

127 3004 235 3055 Dei
281 3008 566 3055 conantur
589 3005 862 3056 occidere.
906 3007 1073 3056 Tales
1097 3006 1332 3057 fuerunt
1355 3005 1450 3069 illi,
1477 3006 1734 3069 quicum

126 3074 341 3139 gladiis
358 3078 413 3125 et
430 3074 682 3126 fustibus
696 3076 1196 3139 apprehenderunt
1214 3077 1435 3139 Jesum,
1457 3081 1515 3127 et
1538 3076 1638 3138 qui
1652 3092 1731 3136 po-

128 3150 384 3196 suerunt
420 3158 554 3196 eum
583 3145 643 3196 in
674 3160 839 3198 cruce
875 3148 1057 3207 (Joltﬂ.
1080 3146 1209 3210 18.).
1242 3147 1450 3198 Deinde
1484 3151 1607 3198 orat
1630 3160 1731 3210 pro

127 3217 237 3305 eis,
265 3215 586 3305 quivolupt
608 3217 659 3268 ei
682 3218 831 3268 mala
858 3219 1062 3305 (Matth.
1088 3217 1214 3279 ‘26.).
1244 3218 1572 3305 accipiendi
1594 3222 1731 3305 sunt
1756 3232 1805 3305 ρ

124 3287 229 3345 illi,
267 3288 364 3350 qui
389 3289 646 3340 nondum
665 3294 1311 3354 persequunturapcrte.
1337 3289 1645 3340 sedodium
1672 3293 1731 3339 et

124 3357 462 3409 inimicitias
499 3364 728 3422 gestant
750 3360 809 3409 in
840 3360 1007 3411 corde
1033 3376 1044 3410 :
1073 3360 1463 3423 hialiquando
1490 3359 1730 3410 simula-

126 3428 391 3479 tionibus
421 3433 479 3479 et
501 3428 720 3479 callidis
746 3434 989 3480 utuntur
1003 3431 1371 3493 argumentis,
1389 3431 1460 3480 ad
1479 3433 1728 3491 decipien-

124 3499 273 3550 dum
297 3512 396 3551 eos
421 3512 567 3563 quos
616 3500 899 3551 oderunt:
936 3501 1241 3564 aliquando
1279 3502 1647 3552 eﬂ‘rtenantur
1670 3502 1730 3552 in

123 3571 306 3622 verba
328 3571 580 3623 malitiae.
609 3571 773 3622 Tales
784 3571 1018 3623 fuerunt
1039 3573 1225 3623 Judaei
1241 3572 1522 3623 adversus
1536 3572 1730 3624 Domi-

123 3655 273 3693 num
301 3642 510 3704 (Matth.
535 3640 617 3695 1‘2.
644 3641 828 3704 c3122.).
848 3644 1222 3695 Postmodum
1240 3650 1365 3695 orat
1390 3656 1487 3707 pro
1511 3644 1613 3705 eis,
1632 3643 1730 3706 qui

126 3712 335 3764 dicunt
357 3713 428 3770 ei,
444 3712 610 3777 Euge,
634 3713 784 3776 Euge
803 3713 1210 3777 :designantur
1232 3715 1331 3777 illi,
1357 3717 1456 3778 qui
1473 3715 1729 3766 deridere

125 3782 318 3834 selent
339 3783 669 3847 religionem
700 3789 757 3835 et
785 3784 1207 3848 simplicitatem
1227 3787 1535 3850 justorum.
1562 3787 1728 3838 Tales

123 3854 301 3905 etiam
319 3854 620 3905 fueruntin
641 3855 911 3919 passione
925 3855 1151 3907 Christi.
1170 3858 1272 3907 Isti
1288 3871 1488 3908 omnes
1501 3862 1554 3907 in
1567 3862 1729 3919 ipsius

124 3937 364 3988 corpore
389 3928 775 3988 perseverant.
805 3927 963 3977 Sicut
974 3932 1168 3978 autem
1187 3941 1302 3979 non
1327 3940 1389 3980 se
1417 3930 1730 3981 vindicavit

122 3996 196 4046 de
214 3993 327 4045 illis
364 3996 660 4059 Dominus,
688 3997 790 4049 sed
823 4010 924 4061 pro
954 3997 1064 4048 illis
1089 3999 1273 4050 oravit
1295 4000 1433 4059 (Luc.
1455 3999 1539 4053 23.
1568 4001 1725 4053 Hebr.

121 4066 194 4130 5.)
218 4066 329 4117 :sic
342 4078 577 4117 nosnon
615 4067 896 4118 debemus
924 4068 1255 4120 deinimicis
1272 4083 1529 4132 quaerere
1560 4071 1729 4124 ultio-

119 4149 280 4198 nem,
313 4137 415 4188 sed
440 4136 716 4189 humilem
736 4140 985 4203 proferre
1009 4140 1341 4201 orationem,
1359 4142 1732 4204 quemadmo-

120 4208 263 4258 dum
278 4207 402 4270 ipse
429 4210 717 4272 praecepit,
744 4210 966 4260 dicens:
993 4211 1495 4273 Diligiteinimicos
1520 4220 1726 4276 vestros,

122 4278 448 4330 benefacite
470 4279 577 4341 his,
608 4280 706 4342 qui
740 4281 985 4332 oderunt
1010 4294 1114 4331 vos
1143 4302 1155 4331 :
1182 4285 1256 4343 et,
1284 4285 1450 4332 Orate
1488 4296 1583 4346 pro
1609 4296 1729 4346 per-

120 4350 509 4412 sequentibus
554 4354 611 4401 et
628 4351 1111 4403 calumniantibus
1145 4365 1250 4403 vos
1298 4353 1503 4415 (Matth.
1530 4352 1632 4415 5.).
1660 4356 1728 4405 Et

118 4421 291 4483 quasi
318 4421 450 4483 quis
462 4428 762 4484 quaereret.
790 4435 905 4485 quo
930 4422 1138 4477 fructu.
1165 4423 1551 4485 quamercede
1569 4429 1593 4473 Ρ
1615 4440 1725 4485 pro-

119 4491 286 4541 tinus
312 4491 592 4553 adjungit,
610 4491 685 4542 Ut
702 4492 826 4542 sitis
846 4492 1067 4555 (inquit)
1088 4492 1185 4542 11111
1211 4493 1393 4544 Patris
1420 4494 1723 4557 vestri.qui

117 4561 175 4611 in
201 4560 363 4612 caelis
390 4563 496 4611 est.
524 4564 592 4612 Et
617 4562 688 4613 de
714 4563 904 4626 seipso
927 4563 1096 4614 nobis
1122 4564 1379 4614 tribuens
1395 4563 1722 4628 exemplum

118 4632 322 4683 subdit
352 4648 364 4681 :
391 4632 497 4692 Qui
524 4631 702 4683 solem
739 4647 912 4685 suum
943 4634 1074 4685 oriri
1100 4635 1233 4686 facit
1266 4649 1437 4699 super
1461 4637 1642 4687 bonos
1667 4642 1724 4689 et

118 4702 332 4763 malos,
351 4705 407 4752 et
424 4702 957 4767 pluitsuperjustos
974 4711 1031 4756 et
1054 4707 1300 4764 injustos
1331 4705 1588 4769 (Ibidem).
1617 4711 1722 4757 At-

118 4772 294 4824 tende
313 4777 570 4834 quantus
586 4774 771 4825 honor
788 4779 875 4825 est
888 4789 1017 4827 esse
1033 4776 1215 4826 11111110
1236 4778 1353 4839 Dei,
1370 4781 1433 4827 ut
1447 4777 1727 4839 patienter

118 4843 271 4894 feras
296 4843 540 4905 injurias
560 4844 791 4896 inimici.
825 4846 1036 4897 Deinde
1066 4852 1407 4898 convertens
1434 4861 1494 4898 se
1517 4847 1591 4899 ad
1614 4850 1728 4900 Do-

114 4913 370 4977 minum,
398 4913 729 4966 consolatur
744 4929 850 4967 nos
862 4921 915 4967 et
938 4918 1227 4980 admonet,
1248 4918 1472 4969 dicens:

78 5042 93 5051 η
180 4983 268 5038 17.
300 4984 563 5033 Επαιιεηι
604 4992 648 5033 et
687 4986 931 5035 laetentur
965 5003 1125 5051 super
1155 4994 1199 5036 te
1234 5004 1415 5037 01111100
1438 4995 1726 5053 quaerentes

114 5060 179 5104 te.
208 5054 432 5106 Omnes
453 5056 735 5117 perltdem
760 5063 817 5108 et
839 5058 1221 5117 dilectionem,
1241 5060 1337 5122 qui
1358 5064 1409 5111 te
1435 5067 1727 5124 quierunt,

111 5125 386 5177 exultent
404 5138 654 5190 corpore,
672 5128 942 5179 laetentur
956 5128 1153 5190 spiritu
1182 5146 1194 5179 :
1214 5144 1326 5181 non
1341 5144 1516 5193 super
1533 5146 1612 5193 se,
1640 5136 1723 5181 sed

113 5209 295 5260 super
321 5198 375 5246 te
402 5213 412 5243 :
438 5201 505 5246 ut
528 5198 626 5259 qui
649 5196 924 5261 gloriatur
945 5200 1003 5249 111
1032 5200 1272 5252 Domino
1297 5200 1585 5265 glorietur.
1614 5205 1723 5254 Ge-

112 5268 277 5317 mina
303 5278 528 5317 merces
547 5269 714 5318 nobis
759 5270 1042 5331 promissa
1066 5278 1149 5321 est
1173 5284 1205 5320 a
1224 5272 1483 5333 Domino,
1509 5273 1725 5325 scilicet

111 5337 521 5408 immortalitas
539 5340 810 5402 corporis,
828 5344 1002 5403 atque
1016 5342 1227 5393 animae
1239 5345 1493 5391 beatitudo
1513 5343 1572 5408 (εὶ.
1602 5346 1719 5395 Cor.

112 5407 242 5471 10.).
271 5409 580 5470 Propterea
608 5411 839 5471 gemina
853 5412 1207 5463 exultatione
1226 5415 1586 5478 praecipimur
1600 5432 1725 5475 gau-

110 5479 270 5540 dere,
296 5491 432 5529 cum
479 5478 704 5540 dicitur,
752 5484 1026 5533 Exultent
1051 5488 1107 5534 et
1132 5484 1418 5535 laetentur.
1454 5486 1722 5537 Exultare

109 5550 268 5600 enim
296 5550 370 5601 ad
415 5563 624 5613 corpus
658 5552 917 5615 pertinet,
950 5554 1156 5605 Laatari
1185 5567 1316 5605 vero
1344 5556 1417 5606 ad
1447 5557 1719 5607 animam.

108 5620 569 5672 Commendatur
590 5627 781 5673 autem
808 5626 934 5674 laus
957 5625 1208 5686 Domini,
1233 5638 1362 5675 cum
1389 5630 1718 5688 subiuferlur,

106 5692 176 5741 Et
199 5694 391 5741 dicant
423 5706 647 5754 semper,
673 5694 1047 5757 Magniﬁcetur
1061 5695 1347 5759 Dominus,
1365 5698 1461 5760 qui
1482 5698 1723 5762 diligunt

1761 1824 1815 1897 B

1755 4589 1807 4660 D

1851 542 1997 590 care,
2025 530 2524 597 tammagniflcare
2547 532 3033 596 debemus,quam
3056 532 3234 583 Deum
3259 538 3317 584 et
3341 546 3443 597 pa-

1853 606 1995 652 trem
2035 596 2182 667 |89
2197 599 2499 660 luminum,
2516 613 2551 652 a
2572 614 2688 664 quo
2699 608 2969 654 estomne
2981 603 3179 654 datum
3197 596 3441 664 optimum

1850 677 1908 723 et
1931 685 2101 722 omne
2136 673 2356 722 donum
2396 673 2706 734 perfectum
2755 673 2947 737 (.Iacob.
2984 673 3054 737 1.)
3081 678 3104 724 ἢ
3126 676 3255 737 Ipse
3289 675 3443 724 enim

1848 744 2063 805 primos
2076 746 2266 804 patres
2290 746 2521 792 nostros
2555 749 2960 806 exspectantes
2982 758 3132 808 eum,
3152 744 3352 795 eduxit
3372 744 3443 794 de

1848 811 1967 863 luto
1984 812 2159 875 faecis,
2185 816 2241 863 et
2268 813 2469 863 statuit
2504 825 2678 876 supra
2705 814 2929 864 firmam
2956 821 3175 878 petram
3200 827 3332 877 qum
3356 819 3443 864 est

1848 884 2108 934 Christus
2131 883 2340 945 (Ephes.
2371 882 2471 945 1.):
2502 887 2559 934 et
2582 883 2741 935 dedit
2753 886 2838 934 eis
2854 897 3026 947 opera
3051 886 3219 943 bona,
3247 884 3443 935 docuit

1846 954 2136 1005 canticum
2156 966 2397 1017 novum,
2413 952 2765 1005 illuminawt
2779 968 2880 1018 per
2896 969 2997 1006 eos
3008 955 3167 1005 alios.
3182 956 3350 1006 Dedit
3364 956 3441 1003 eis

1847 1025 2108 1076 timorem
2134 1028 2192 1076 et
2214 1036 2395 1088 spem,
2441 1025 2675 1075 trahens
2700 1037 2800 1075 eos
2823 1039 2857 1075 a
2883 1026 3235 1076 vanitatibus
3260 1023 3440 1074 falsis.

1846 1096 2021 1145 Auxit
2034 1108 2134 1146 eos
2150 1101 2206 1145 et
2229 1107 2491 1155 numero,
2506 1101 2564 1146 ct
2588 1097 2814 1146 virtute.
2836 1094 3052 1146 Deinde
3069 1095 3225 1145 misit
3242 1094 3439 1145 Filium

1844 1166 1905 1215 in
1929 1178 2161 1217 carnem
2186 1166 2283 1228 qui
2309 1166 2518 1217 faceret
2541 1166 2900 1217 voluntatem
2919 1178 3085 1217 suam
3102 1170 3160 1217 et
3174 1166 3444 1212 annuntia-

1844 1241 1931 1287 ret
1949 1237 2240 1300 justitiam
2262 1248 2430 1287 suam
2452 1237 2509 1286 in
2534 1236 2788 1287 Ecclesia
2802 1248 3033 1299 magna,
3051 1240 3109 1288 et
3130 1234 3447 1287 misericor-

1843 1306 1999 1357 diam
2024 1311 2081 1357 et
2102 1308 2404 1358 veritatem
2430 1312 2488 1358 et
2514 1306 2765 1358 salutare
2783 1320 2975 1372 suum,
2994 1307 3447 1358 utliberaremur

1841 1377 1913 1428 ab
1929 1377 2247 1428 innumeris
2275 1378 2521 1440 peccatis
2537 1383 2594 1429 et
2614 1377 2879 1441 inimicis,
2896 1384 2953 1429 et
2976 1376 3371 1428 exultaremus
3387 1380 3446 1426 et

1841 1447 2173 1499 laataremur
2194 1448 2256 1498 in
2281 1448 2541 1499 Domino.
2567 1449 2709 1500 Hac
2728 1452 2866 1499 sunt
2889 1460 3116 1500 caussae
3128 1449 3439 1511 justorum,

1840 1522 1907 1569 ut
1929 1518 2124 1568 dicant
2140 1531 2381 1581 semper,
2397 1519 2773 1581 Magniﬁcetur
2794 1519 3079 1569 Dominus.
3094 1517 3204 1570 Sed
3218 1517 3313 1580 qui
3331 1516 3441 1568 hoc

1840 1589 2067 1640 dicant?
2090 1588 2196 1649 Qui
2232 1588 2497 1652 diligunt,
2519 1589 2723 1654 inquit,
2753 1590 3005 1640 salutare
3036 1594 3219 1652 tuum,
3243 1588 3303 1638 id
3330 1591 3439 1648 est,

1840 1659 2044 1710 Filium
2061 1664 2250 1720 tuum,
2277 1672 2376 1723 per
2392 1672 2561 1723 quem
2575 1659 2741 1710 nobis
2758 1664 2973 1710 interna
2997 1659 3131 1710 data
3154 1663 3242 1709 est
3259 1658 3442 1709 salva-

1841 1731 1937 1781 tio.
1967 1730 2075 1792 Qui
2099 1743 2218 1781 non
2241 1730 2426 1793 diligit
2450 1731 2759 1781 Dominum
2785 1735 3052 1781 nostrum
3068 1733 3266 1780 Jesum
3279 1728 3439 1781 Chri-

1842 1806 1995 1853 stum
2023 1800 2090 1863 (1.
2110 1801 2230 1851 Cor.
2256 1800 2381 1865 16.),
2407 1813 2523 1851 non
2548 1804 2637 1851 est
2661 1801 2917 1864 speciosa
2936 1800 3065 1851 laus
3088 1800 3147 1851 in
3169 1813 3265 1850 ore
3290 1800 3339 1862 ej
3351 1811 3436 1849 us.

1844 1872 2099 1923 Laudem
2123 1876 2381 1922 nostram
2410 1870 2563 1936 apud
2592 1872 2899 1922 Dominum
2929 1885 3048 1922 non
3072 1869 3441 1922 commendat

1843 1944 1952 1994 nisi
1968 1943 2193 1994 affectio
2217 1946 2273 1994 et
2295 1943 2524 1993 caritas.
2544 1943 2689 2003 Quid
2713 1948 2908 1994 autem
2935 1946 3052 1993 tam
3077 1941 3309 2005 diligere
3333 1939 3438 1990 de-

1843 2015 2065 2076 bemus,
2092 2025 2268 2075 quam
2308 2025 2442 2063 eum
2466 2025 2636 2081 aquo
2662 2012 2831 2064 creati
2857 2016 2916 2063 et
2957 2012 3160 2064 salvati
3184 2022 3388 2062 sumus
3412 2013 3437 2054 Ρ

1843 2087 2064 2137 Rursus
2078 2084 2228 2135 redit
2243 2083 2316 2134 ad
2333 2084 2582 2135 miseriae
2598 2088 2655 2134 et
2673 2084 2881 2147 inopiae
2896 2083 3433 2145 considerationem,

1842 2168 2016 2220 quam
2040 2154 2100 2205 in
2123 2154 2231 2205 hac
2254 2154 2706 2218 peregrinatione
2731 2154 2941 2218 patitur
2966 2169 2979 2204 :
3006 2159 3063 2206 et
3091 2153 3265 2204 dicit:

1904 2226 1990 2281 18.
2008 2227 2123 2289 Ego
2147 2230 2327 2274 autem
2354 2225 2633 2274 mendicus
2657 2241 2777 2274 sum
2801 2231 2847 2274 et
2868 2242 3098 2290 pauper.
3125 2224 3233 2277 Sed
3262 2224 3438 2287 proti-

1840 2310 1947 2349 nus
1970 2296 2119 2348 redit
2142 2296 2475 2357 consolatio,
2503 2308 2635 2346 cum
2672 2295 2885 2360 subdit,
2907 2296 3176 2344 Dominus
3199 2294 3437 2343 solicitus

1838 2375 1907 2418 est
1930 2369 2053 2417 mei.
2102 2369 2246 2419 Ecce
2292 2367 2540 2419 mendici
2579 2367 2808 2419 Domini
2832 2378 3039 2417 sumus
3064 2380 3076 2415 :
3104 2365 3178 2417 ad
3194 2366 3437 2429 januam

1839 2452 1963 2491 sum
1987 2438 2394 2489 misericordiae
2419 2440 2690 2490 sedemus
2715 2453 2727 2487 :
2755 2437 3151 2489 mendicamus
3168 2440 3225 2486 et
3249 2438 3439 2484 clama-

1835 2523 1989 2570 mus,
2021 2510 2306 2561 Adveniat
2334 2522 2577 2573 regnum
2608 2507 2792 2569 tuum,
2830 2512 2904 2571 et,
2931 2510 3016 2559 Da
3034 2507 3201 2559 nobis
3228 2517 3435 2571 panem

1837 2587 2122 2645 nostrum,
2149 2585 2221 2642 et,
2254 2580 2451 2630 Libera
2474 2593 2582 2630 nos
2614 2592 2649 2631 a
2679 2580 2829 2631 malo
2856 2579 3067 2643 (Matth.
3093 2577 3189 2639 6.).
3222 2579 3436 2641 Paupe-

1836 2666 1928 2704 res
1956 2653 2110 2703 enim
2128 2664 2353 2714 sumus,
2374 2650 2516 2700 nihil
2530 2651 2816 2701 habemus
2832 2661 2868 2700 a
2883 2650 3071 2700 nobis.
3086 2651 3227 2700 Ecce
3248 2659 3437 2707 magna

1837 2736 1995 2787 spes:
2018 2722 2300 2773 Dominus
2318 2719 2597 2772 sollicitus
2615 2726 2706 2770 est
2716 2721 2842 2770 mei.
2860 2720 3008 2770 Dicit
3029 2719 3237 2782 aliquis
3254 2719 3314 2768 in
3329 2733 3436 2765 ser-

1836 2794 1976 2846 vitio
1991 2793 2215 2844 Domini
2228 2792 2600 2853 constitutus,
2613 2791 2908 2841 Mendicus
2921 2802 3289 2854 sum,pauper
3298 2803 3406 2836 sum
3419 2827 3432 2851 ,

1833 2877 1949 2916 non
1967 2865 2151 2916 habeo
2165 2863 2317 2915 unde
2335 2864 2547 2914 vivam.
2568 2860 2751 2913 Nolite
2768 2861 3027 2913 diffidere
3048 2872 3322 2924 pauperes
3342 2862 3430 2906 Do-

1834 2935 1991 2986 mini.
2007 2934 2250 2985 Omnem
2265 2932 2688 2984 solicitudinem
2707 2935 2959 2983 vestram
2979 2931 3227 2995 projicite
3241 2933 3295 2978 in
3308 2942 3427 2980 eum

1834 3006 2107 3069 quoniam
2131 3005 2237 3067 ipsi
2263 3016 2400 3055 cura
2424 3008 2514 3054 est
2538 3004 2608 3054 de
2634 3004 2813 3054 vobis.
2843 3005 2911 3054 Et
2934 3016 3007 3054 ne
3032 3002 3253 3062 dicatis,
3279 2999 3427 3063 Quid

1830 3076 2309 3127 manducabimus
2327 3079 2349 3123 ‘1
2372 3078 2474 3125 aut
2499 3087 2613 3138 quo
2631 3074 2986 3126 vestiemur?
3009 3073 3281 3135 quoniam
3298 3072 3427 3125 hinc

1830 3153 2033 3212 gentes
2050 3146 2322 3209 cogitant.
2343 3146 2487 3206 Quid
2505 3158 2638 3208 ergo
2656 3143 3006 3196 faciendum?
3025 3145 3274 3195 Primum
3287 3159 3424 3205 quae-

1834 3220 1938 3269 rite
1962 3228 2205 3280 regnum
2236 3216 2335 3268 Dei
2351 3216 2701 3278 etjustitiam
2715 3220 2857 3279 ejus,
2886 3220 2943 3267 et
2968 3221 3093 3266 hinc
3107 3216 3300 3265 omnia
3321 3226 3426 3265 au-

1829 3289 2098 3352 jicientur
2124 3287 2284 3337 vobis
2312 3287 2517 3351 (Matth.
2656 3286 2957 3350 Dominus,
2981 3287 3170 3349 jnquit
3196 3297 3425 3350 pauper,

1830 3359 2107 3411 sollicitus
2133 3363 2217 3409 est
2236 3358 2367 3408 mei.
2396 3359 2543 3421 Ergo
2568 3358 2615 3408 si
2636 3358 2914 3408 Dominus
2931 3356 3211 3409 sollicitus
3236 3363 3342 3415 est,
3371 3361 3427 3407 et

1828 3443 1937 3481 nos
1963 3429 2150 3480 securi
2176 3429 2376 3479 simus.
2396 3428 2505 3479 Sed
2529 3428 2664 3490 quia
2673 3428 2896 3491 jamdiu
2925 3433 3234 3493 expectans
3250 3440 3427 3491 expe-

1829 3501 2025 3563 ctavit,
2055 3500 2360 3550 Dominum
2387 3498 2657 3561 postulat,
2687 3512 2820 3550 cum
2847 3500 3168 3563 subjungit,
3191 3498 3428 3562 Adjutor

1827 3586 1999 3631 meus,
2020 3576 2066 3620 et
2089 3575 2351 3635 protector
2377 3584 2526 3618 meus
2550 3574 2607 3617 tu
2637 3585 2705 3629 es,
2735 3571 2872 3618 Deus
2896 3585 3065 3632 meus,
3089 3585 3157 3619 ne
3183 3570 3428 3618 tardave-

1826 3643 1923 3693 ris.
1951 3644 2276 3705 Expectans
2297 3641 2596 3705 expectavi
2621 3643 2675 3692 te
2693 3642 3005 3692 Dominum
3020 3653 3213 3692 meum
3233 3656 3246 3691 :
3264 3641 3428 3690 inten-

1828 3713 1963 3764 disti
1992 3712 2151 3771 mihi,
2188 3710 2369 3762 multa
2402 3711 2677 3762 beneficia
2702 3712 3023 3775 largiendo:
3063 3711 3340 3763 sollicitus
3363 3724 3427 3761 es

1828 3784 2036 3835 0101.Ιο
2049 3783 2157 3835 1100
2178 3784 2297 3834 vita
2322 3782 2511 3833 factus
2538 3795 2599 3833 es
2614 3782 2845 3845 adjutor
2877 3796 3044 3835 meus
3067 3783 3130 3834 in
3156 3783 3340 3843 bonis,
3367 3788 3427 3833 et

1828 3858 2114 3918 protector
2137 3855 2195 3905 in
2219 3854 2499 3905 adversis.
2519 3852 2686 3904 Solus
2704 3858 2839 3904 tuus
2858 3854 2998 3905 mihi
3017 3858 3196 3906 restat
3216 3854 3427 3905 adven-

1828 3931 1942 3986 tus,
1964 3927 2119 3977 Deus
2137 3938 2322 3985 meus,
2344 3938 2415 3976 ne
2433 3924 2765 3975 tardaveris.
2787 3925 3054 3986 Quandiu
3072 3930 3125 3975 te
3142 3941 3241 3972 non
3260 3924 3425 3983 video,

1827 4009 1946 4046 non
1970 3996 2254 4059 possideo,
2282 3996 2581 4045 mendicus
2606 4000 2664 4045 et
2687 4007 2903 4059 pauper
2919 4009 3068 4047 sum.
3091 3994 3240 4046 Nihil
3264 3999 3429 4046 extra

1827 4070 1884 4116 te
1908 4066 2045 4115 mihi
2076 4066 2309 4116 sutllcit.
2338 4066 2421 4114 Tu
2458 4065 2777 4128 expectatio
2803 4077 2961 4116 mea:
2991 4070 3053 4116 tu
3093 4066 3251 4115 salus
3282 4078 3374 4116 me
3412 4085 3422 4113 :

1826 4136 1943 4187 noli
1967 4136 2193 4187 morari.
2232 4137 2357 4187 Una
2392 4135 2535 4185 hora
2560 4134 2925 4195 desideranti,
2957 4136 3230 4188 aestuanti
3251 4135 3426 4200 longa

1826 4219 1988 4258 mora
2010 4210 2099 4257 est
2124 4221 2136 4256 :
2166 4208 2319 4256 Deus
2344 4218 2528 4268 meus,
2556 4217 2629 4255 ne
2664 4205 2994 4256 tardaveris.

2170 4293 2359 4356 TITU
2371 4293 2529 4356 LUS
2579 4291 2901 4355 PSALMI
2944 4292 3083 4354 XL.

1890 4389 1935 4433 1.
1961 4384 2158 4430 Titulus
2182 4384 2436 4442 sequentis
2460 4383 2637 4440 psalmi
2659 4387 2752 4438 est,
2782 4381 2843 4428 In
2868 4382 3033 4442 ﬁnem
3054 4379 3296 4443 psalmus
3314 4380 3425 4428 Da-

1828 4445 1939 4506 vid,
1963 4446 2084 4502 quia
2107 4448 2210 4503 jam
2248 4459 2388 4502 saepe
2411 4443 2672 4501 expositus
2708 4449 2798 4502 est,
2825 4456 2937 4506 non,
2953 4448 3143 4500 oportet
3168 4444 3419 4500 replicari.

1826 4505 2106 4555 Materiaest
2127 4508 2351 4553 Christus
2377 4508 2502 4551 Deus
2521 4513 2569 4550 et
2586 4506 2733 4550 homo
2758 4505 3034 4550 secundum
3062 4505 3418 4551 humanitatem

1831 4570 2117 4627 injurialus,
2146 4583 2231 4628 per
2260 4568 2491 4613 deitatem
2530 4567 2862 4624 gloriiicatus.
2898 4567 3030 4611 Facit
3054 4573 3149 4611 tres
3178 4571 3344 4624 partes
3367 4570 3420 4613 in

1829 4633 1922 4679 hoc
1936 4631 2138 4689 psalmo.
2167 4632 2219 4676 In
2243 4630 2403 4687 prima
2420 4633 2553 4687 parte
2570 4630 2819 4687 admonet,
2834 4640 2946 4674 cum
2974 4628 3117 4674 bonis
3131 4629 3422 4686 promissio-

1822 4702 1993 4761 nibus,
2011 4706 2066 4747 ut
2088 4700 2399 4755 intelligatur
2426 4699 2651 4745 Christus
2676 4712 2826 4757 supra
2845 4699 3097 4744 hominem
3111 4694 3416 4765 Deus,|90

1825 4773 1879 4817 In
1905 4772 2123 4818 secunda
2151 4774 2284 4828 parte
2300 4770 2439 4829 ponit
2459 4782 2847 4829 caussas,quare
2861 4769 3067 4827 quidam
3082 4783 3194 4815 011111
3220 4770 3421 4828 simpli-

1823 4834 1944 4881 citer
1968 4834 2221 4879 hominem
2250 4835 2569 4891 putaverunt,
2596 4832 2718 4889 quia
2741 4831 3038 4887 injurialum
3066 4831 3241 4877 multis
3259 4832 3420 4877 modis

1824 4897 2075 4944 viderunt.
2102 4896 2155 4941 ln
2187 4894 2325 4939 tertia
2348 4898 2481 4951 parte
2508 4906 2600 4938 nos
2626 4893 2785 4939 reddit
2808 4898 2981 4949 certos,
3008 4906 3121 4938 01110
3148 4893 3417 4952 plusquam

1823 4958 2075 5004 hominem
2108 4955 2279 5004 fuisse.
2308 4955 2521 5001 Intentio
2557 4960 2629 5001 est
2654 4968 2743 5001 nos
2772 4956 3055 5014 admonere,
3098 4956 3415 5002 mediatorem

1824 5020 1906 5067 Dei
1930 5024 1977 5065 et
2001 5020 2263 5065 hominum
2288 5018 2542 5064 hominem
2568 5018 2722 5063 simul
2760 5018 2827 5075 (1.
2859 5016 2993 5065 Tim.
3022 5017 3089 5076 2.)
3119 5019 3340 5064 extitisse
3373 5023 3418 5064 et

1824 5083 1975 5128 Deum
1994 5094 2007 5128 :
2024 5087 2219 5139 propter
2239 5080 2448 5138 gloriam
2466 5080 2713 5138 passionis
2725 5080 2926 5138 Christi,
2957 5080 3267 5139 imperatoris
3282 5093 3419 5126 mar-

1823 5149 2007 5203 tyrum,
2024 5144 2111 5201 qui
2146 5156 2244 5189 non
2267 5143 2365 5188 sibi
2385 5142 2616 5200 pepercit,
2641 5142 2888 5188 militibus
2910 5143 3410 5201 imperanspugnam,

1821 5206 1906 5252 sed
1925 5207 2061 5263 prior
2072 5204 2332 5264 pugnavit,
2361 5205 2494 5263 prior
2515 5204 2652 5265 vicit,
2669 5208 2724 5249 ut
2745 5210 3025 5262 pugnantes
3040 5203 3266 5261 exemplo
3294 5204 3417 5248 hor-

1818 5271 2081 5326 taretur,ct
2105 5269 2358 5324 majestate
2393 5266 2669 5326 adjuverat,
2697 5270 2743 5311 et
2779 5266 3105 5326 promissione
3137 5270 3411 5312 coronaret.

1822 5331 2097 5376 Audiamus
2114 5326 2548 5389 (ExAugustino)
2563 5328 2756 5386 aliquid
2772 5328 2825 5373 in
2840 5328 2931 5372 isto
2942 5325 3144 5385 psalmo,
3158 5326 3290 5384 quod
3313 5339 3416 5389 per-

1824 5393 1944 5437 tinet
1968 5392 2028 5436 ad
2084 5392 2191 5449 ejus
2234 5388 2534 5448 passionem.
2573 5391 2989 5437 Commendamus
3012 5392 3175 5433 autem
3202 5388 3412 5445 smpius,

1822 5453 1951 5511 quod
1977 5453 2122 5498 nobis
2160 5452 2281 5499 utile
2312 5458 2382 5497 est
2420 5453 2650 5507 retinere,
2678 5451 2942 5497 Dominum
2963 5451 3131 5495 Jesum
3162 5450 3412 5496 Christum

1822 5516 2119 5573 plerumque
2144 5514 2281 5573 loqui
2326 5526 2469 5569 exse,
2508 5514 2662 5571 idest,
2706 5526 2765 5559 ex
2800 5525 3011 5570 persons
3049 5524 3159 5568 sua,
3185 5512 3316 5569 quod
3342 5517 3419 5557 est

1822 5582 1967 5633 caput
1992 5581 2214 5621 nostrum
2237 5588 2249 5623 :
2276 5576 2572 5634 plerumque
2594 5588 2651 5621 ex
2678 5587 2886 5633 persona
2902 5574 3121 5631 corporis
3143 5573 3244 5627 sui,
3277 5575 3413 5632 quod

1820 5651 1997 5683 sumus
2010 5650 2096 5683 nos
2129 5642 2175 5682 et
2200 5636 2412 5684 Ecclesia
2433 5639 2569 5693 ejus:
2600 5638 2684 5682 sed
2711 5637 2796 5698 ita,
2831 5637 3041 5695 quasiet
3063 5638 3220 5682 unius
3249 5637 3416 5682 homi-

1821 5702 1929 5747 nis'
1948 5710 2159 5758 persona
2178 5712 2355 5745 sonare
2371 5699 2537 5756 verba,
2553 5702 2605 5743 ut
2628 5699 2969 5757 intelligamus
2983 5702 3132 5757 caput
3158 5704 3205 5745 et
3229 5711 3415 5758 corpus

172 5789 190 5809 ·
234 5780 426 5830 Minus
450 5778 1027 5849 apudnugustinum
1064 5785 1217 5835 recte
1249 5787 1341 5835 est
1375 5798 1465 5833 ore
1494 5797 1594 5849 pro
1624 5799 1875 5849 persona,
1904 5789 2079 5848 atque
2106 5782 2205 5837 illa
2237 5781 2471 5848 quidem
2502 5794 2619 5836 vox
2652 5782 2859 5836 abesse
2887 5782 3097 5836 dicitur
3122 5795 3160 5836 a
3182 5783 3316 5836 Mss.
3346 5787 3414 5835 ut

101 5855 346 5905 persona
376 5839 775 5895 subaudiatuf‘.
