3908 6232
463 380 568 436 799

457 496 513 542 in
548 493 739 542 unitate
761 492 1062 549 integritatis
1081 492 1365 551 consistere,
1404 502 1495 536 nec
1515 486 1733 551 separari
1757 487 1819 531 ab
1834 486 2049 551 invicem

459 564 698 616 tanquam
722 546 1014 612 conju‘gium
1034 554 1256 616 illud,de
1280 546 1381 613 quo
1398 552 1587 616 dictum
1604 550 1862 616 esl,Erunt
1886 546 2051 616 duoin

459 609 610 666 carne
634 631 735 664 una
761 609 941 679 (Genet;
974 619 1019 664 2.
1041 614 1213 664 Math.
1239 609 1337 679 19).
1364 614 1413 679 Si
1444 626 1561 672 ergo
1584 611 1907 679 agnoscimus
1932 609 2057 654 duos

460 682 515 728 in
551 693 698 727 carne
731 671 852 737 una,
878 691 1208 738 agnoscamus
1234 671 1362 725 duos
1399 676 1454 722 in
1493 671 1611 722 voce
1636 687 1753 721 una.
1780 671 2059 719 Audiamus

460 756 579 802 ergo
601 742 736 802 quod
762 741 964 789 dicitur.

970 850 1369 917 PSALMUS
1411 849 1551 914 XL.

520 977 573 1032 2.
601 978 795 1027 Beatus
821 975 919 1041 qui
946 975 1194 1038 intelligit
1223 990 1384 1040 super
1416 987 1645 1038 egenum
1682 978 1727 1022 et
1746 985 2059 1038 pauperem.

460 1049 526 1102 Id
560 1054 668 1110 est,
688 1059 859 1112 super
880 1046 1189 1098 Christum.
1216 1047 1394 1110 Super
1408 1057 1657 1109 egenum
1672 1049 1729 1095 et
1755 1054 2062 1107 pauperem

457 1118 796 1181 intelligere,
824 1121 912 1167 est
938 1129 1111 1180 super
1126 1116 1545 1167 humanitatem
1569 1118 1627 1165 et
1672 1113 2063 1164 inﬁrmitatem

462 1189 673 1241 Christi
710 1187 865 1239 aliud
893 1186 1064 1238 altius
1092 1188 1360 1251 cogitare.
1378 1187 1498 1236 Hoc
1522 1185 1721 1248 utique
1743 1183 2066 1247 intelligen-

463 1258 603 1310 dum
627 1262 735 1321 est,
762 1258 915 1321 quod
933 1257 1215 1308 Dominus
1231 1261 1286 1307 et
1298 1256 1609 1307 Redemtor
1621 1258 1838 1315 noster,
1851 1266 1984 1304 cum
2006 1255 2066 1305 in

464 1330 649 1383 forma
695 1329 800 1381 Dei
838 1332 1014 1388 esset,
1054 1328 1431 1391 semetipsum
1470 1325 1803 1386 exinanivit,
1826 1326 2065 1376 formam

466 1400 621 1452 servi
637 1399 924 1463 accipiens
936 1399 1020 1461 ,in
1032 1398 1461 1449 similitudinem
1477 1396 1775 1447 hominum
1788 1395 1991 1458 factus,
2008 1399 2067 1446 et

467 1471 669 1524 habitu
693 1471 968 1522 inventus
1001 1474 1068 1521 ut
1088 1470 1259 1521 homo
1288 1468 1548 1532 (Philipp.
1574 1466 1672 1531 2.).
1708 1468 1880 1517 Dives
1912 1466 2067 1531 apud

468 1544 715 1600 Patrem,
737 1553 954 1606 pauper
964 1540 1118 1605 apud
1134 1552 1261 1591 nos.
1284 1540 1392 1593 Sed
1406 1544 1599 1590 tamen
1622 1542 1928 1602 paupertas
1939 1538 2067 1601 ejus

470 1613 688 1665 divitiae
699 1614 917 1663 nostrai
930 1616 1091 1663 sunt:
1110 1610 1399 1675 quomodo
1417 1609 1719 1661 inﬁrmitas
1731 1609 1858 1671 ejus
1870 1614 2069 1659 nostra

471 1683 745 1735 fortitudo
770 1685 886 1734 est:
912 1682 1202 1745 quomodo
1225 1682 1468 1732 stultum
1484 1681 1613 1744 ejus
1631 1683 1828 1731 nostra
1850 1679 2071 1742 sapien-

475 1755 554 1806 tia
564 1759 679 1807 est:
695 1753 984 1817 quomodo
997 1753 1314 1804 mortalitas
1326 1753 1375 1816 ej
1383 1765 1452 1802 us
1463 1755 1662 1803 nostra
1673 1749 2069 1801 immortalitas

472 1830 578 1879 est.
619 1824 939 1888 Intelligere
975 1825 1148 1875 etiam
1164 1828 1408 1887 oportet,
1442 1822 1894 1886 quiapaupertas
1909 1825 1967 1872 et
1989 1822 2069 1871 in-

471 1896 714 1948 ﬁrmitas
725 1895 909 1947 nostri
922 1894 1232 1946 Salvatoris
1243 1894 1569 1957 exemplum
1582 1892 1749 1943 nobis
1760 1892 1959 1943 tribuit
1968 1891 2069 1942 hu-

472 1966 751 2028 militatis,
776 1965 1088 2029 patientiae,
1105 1964 1463 2024 obedientiaa,
1480 1962 1966 2025 mansuetudinis,
1985 1974 2074 2013 ca-

472 2037 678 2089 ritatis.
702 2038 841 2088 Haec
865 2035 1183 2097 intelligere
1200 2040 1257 2085 et
1284 2035 1551 2099 cogitare,
1576 2033 1808 2084 credere
1842 2038 1900 2083 et
1944 2033 2075 2083 imi-

474 2108 749 2171 tari,vera
762 2106 1055 2158 beatitudo
1067 2111 1172 2157 est.
1188 2106 1437 2168 thuasi
1451 2104 1584 2168 quis
1603 2109 1910 2167 quareret,
1931 2104 2073 2165 Quis

472 2178 698 2229 fructus
721 2178 828 2229 erit
848 2177 1030 2240 hujus
1052 2176 1422 2227 intellectus?
1447 2174 1711 2237 sequitur
1732 2174 1973 2225 etdicit:
2008 2176 2073 2223 tn

471 2247 558 2297 die
591 2248 742 2297 mata
763 2248 1003 2297 liberabit
1024 2263 1147 2295 eum
1177 2247 1462 2295 Dominus.
1501 2245 1562 2295 ld
1588 2247 1695 2308 est,
1726 2245 1786 2296 in
1810 2244 1901 2296 die
1918 2245 2075 2308 judi-

472 2318 561 2376 cii,
580 2318 813 2380 quando
826 2318 1100 2381 puniendi
1121 2314 1422 2375 suntmali,
1436 2316 1699 2367 liberabit
1715 2327 1849 2366 eum
1876 2315 2073 2366 Domi-

472 2401 585 2439 nus
601 2389 673 2439 ab
702 2388 860 2439 omni
884 2388 1054 2449 malo,
1088 2388 1161 2438 ab
1186 2387 1344 2438 omni
1368 2397 1539 2450 pcena
1562 2387 1635 2437 ab
1657 2386 1814 2436 omni
1837 2386 2074 2437 tribula-

472 2460 627 2511 tione
648 2463 706 2510 et
730 2459 1004 2523 angustia
1028 2459 1204 2523 hujus
1229 2456 1447 2520 saeculi,
1478 2461 1653 2521 atque
1670 2462 2000 2521 apotestate
2017 2462 2077 2509 et

476 2530 777 2581 tormentis
802 2530 1031 2589 diaboli,
1057 2534 1115 2581 et
1137 2528 1371 2581 inferni:
1399 2534 1457 2581 et
1481 2528 1789 2580 transferet
1836 2541 1973 2579 eum
2015 2528 2075 2579 in

473 2600 799 2653 libertatem
831 2600 1029 2664 glorias
1062 2600 1305 2652 ﬁliorum
1318 2600 1421 2652 Dei
1456 2601 1632 2661 (Rom.
1667 2598 1760 2661 8.).
1789 2601 1990 2650 Narrat
2019 2604 2075 2651 et

475 2672 587 2723 alia
602 2672 892 2732 beneﬁcia,
920 2684 1054 2736 qum
1076 2672 1356 2723 Dominus
1371 2670 1612 2736 largitur
1631 2671 1797 2722 beato
1816 2670 1959 2735 viro,
1976 2670 2075 2734 qui

476 2742 762 2807 intelligit,
788 2743 1073 2795 subdens:

540 2813 592 2868 3.
626 2814 896 2863 Dominus
937 2818 1201 2864 conservet
1236 2828 1378 2877 eum,
1402 2818 1448 2863 et
1481 2812 1705 2876 viviﬁeet
1728 2827 1869 2876 eum,
1887 2817 1933 2861 et
1955 2810 2077 2860 bea-

478 2889 593 2934 tum
626 2885 795 2948 faciat
817 2901 939 2934 eum
955 2886 1015 2935 in
1034 2894 1198 2947 terra,
1223 2890 1391 2933 etnon
1409 2885 1589 2933 tradat
1603 2898 1726 2932 eum
1748 2884 1805 2931 in
1824 2884 2075 2931 animam

477 2956 830 3005 inimicorum
846 2956 977 3021 ejus.
1001 2960 1142 3009 Haec
1162 2956 1343 3007 oratio
1366 2955 1671 3020 promissio
1696 2958 1800 3005 est.
1832 2955 2074 3005 Conser-

473 3031 576 3078 vat
589 3027 739 3077 enim
753 3028 1030 3079 Dominus
1041 3028 1198 3079 hunc
1209 3026 1642 3090 intelligentem.
1658 3027 1814 3076 Intra
1826 3024 2077 3088 pericula

471 3102 530 3149 et
549 3098 894 3150 tentationes
923 3099 1100 3163 hujus
1141 3097 1443 3149 laboriosas
1491 3098 1627 3149 vitae
1647 3110 1763 3148 non
1789 3096 2073 3147 siniteum

471 3169 668 3233 perire.
695 3171 822 3221 Non
838 3170 1115 3233 permittit
1160 3168 1363 3221 tentari
1388 3182 1581 3233 supra,
1607 3180 1776 3231 quam
1812 3167 1953 3219 ferre
1977 3180 2076 3231 po-

1517 371 1787 426 RUFINO
1822 369 2283 422 PRESBYTERO
2317 366 2704 420 ASCRIPTUS

3676 356 3795 409 8w

2152 479 2606 543 cantamus,quia
2620 478 2883 530 videlicet
2893 476 2965 529 de
2982 475 3164 528 trium
3172 472 3289 538 pho
3299 469 3791 543 exultamusNec

2156 541 2571 603 annuutiam'us
2590 554 2821 611 mortes,
2843 548 2945 599 sed
2983 544 3299 599 natalicia:
3324 544 3466 605 quia
3505 541 3790 611 martyrio

2155 622 2419 673 fmliciter
2442 621 2641 684 renati,
2683 610 2984 682 coeperunt
3021 618 3196 668 beate
3239 614 3442 665 vivere
3482 610 3545 661 in
3582 610 3787 684 gloria

2156 694 2542 759 Dicaturergo
2568 680 2738 753 recte,
2764 680 2829 739 Et
2846 704 2957 738 non
2977 685 3375 736 tradeteumin
3390 683 3647 759 animam
3670 680 3789 728 ini.

2155 754 2421 813 micorum
2443 763 2573 826 ejus.
2601 762 2869 824 Sequitur
2901 759 3061 810 aliud
3086 767 3379 821 magnum
3405 754 3648 826 donum.

2216 835 2265 889 4.
2293 821 2559 883 Dominus
2572 821 2726 897 opem
2746 832 2887 895 ferat
2904 830 3169 894 illisuper
3188 827 3391 876 lectum
3408 824 3618 873 datori:
3636 821 3779 897 ejus.

2159 908 2263 958 Per
2275 904 2487 956 lectum
2510 893 3097 965 doloris,intelligitur
3118 911 3254 950 caro
3272 899 3507 957 nostra,
3524 906 3657 958 quae
3681 893 3785 943 do—

2156 976 2236 1029 let
2260 975 2504 1027 inﬁrma.
2541 973 2836 1037 Quomodo
2861 964 3070 1035 aliquis
3089 971 3249 1033 jacet
3283 973 3347 1020 et
3379 965 3703 1030 requiescit
3728 964 3785 1037 in

2158 1047 2305 1099 lecto
2330 1060 2455 1108 suo,
2476 1035 2804 1097 ila'animus
2827 1044 3093 1094 inﬁrmus
3110 1041 3273 1105 jacet
3294 1043 3360 1090 et
3385 1035 3783 1108 requiescitin

2160 1130 2331 1169 carne
2356 1106 2476 1168 sua.
2503 1118 2567 1167 In
2592 1114 2919 1167 carnalibus
2936 1111 3438 1164 enimdelectatur
3463 1106 3783 1171 voluptati-

2164 1190 2290 1241 bus.
2314 1190 2582 1240 Humana
2603 1187 2813 1251 quippe
2832 1190 3041 1236 natura
3067 1183 3277 1246 eoipso
3295 1179 3465 1244 quod
3483 1182 3683 1251 creata
3698 1180 3785 1251 est

2161 1259 2224 1311 in
2251 1259 2600 1321 inﬁrmitate,
2622 1248 2851 1321 semper
2870 1257 3045 1307 habet
3067 1254 3337 1315 deﬁcere,
3367 1255 3560 1314 atque
3576 1248 3788 1321 indesi-

2163 1334 2365 1383 nenter
2386 1329 2459 1380 ad
2476 1319 2767 1380 detériora‘
2787 1326 3024 1378 labitur:
3049 1326 3164 1376 nisi
3195 1336 3304 1388 ope
3320 1322 3559 1373 divina:
3588 1319 3785 1384 gratia

2162 1405 2580 1452 sustententur.
2594 1399 2863 1450 Portabat
2889 1402 2941 1448 te
2957 1394 3415 1460 (EaeAugustino)
3439 1392 3655 1449 lectus,
3672 1402 3787 1440 non

2163 1473 2429 1537 portabas
2442 1471 2672 1522 lectum.
2701 1468 3055 1531 Paralyticus
3084 1467 3248 1518 intus
3277 1475 3445 1537 eras:
3466 1461 3787 1537 AAd‘estqui

2165 1532 2316 1594 dicat
2339 1542 2459 1604 tibi,
2482 1540 2636 1593 Tolle
2656 1541 2961 1605 grabatum
2988 1542 3178 1600 tuum,
3205 1539 3264 1588 et
3287 1534 3448 1587 vade
3464 1533 3527 1584 in
3553 1532 3789 1583 domum

2165 1618 2327 1666 tuam
2376 1614 2553 1674 (Joan.
2579 1611 2671 1673 5.).
2706 1612 2773 1661 Et
2812 1609 2977 1673 quasi
3008 1610 3393 1671 quaereretur.
3430 1605 3626 1665 Quare
3656 1614 3790 1665 ergo

2170 1698 2304 1736 cum
2327 1696 2491 1748 opem
2518 1682 2660 1734 ferat
2680 1681 2847 1732 nobis
2876 1681 3049 1738 Deus,
3078 1682 3240 1729 tanta
3263 1675 3426 1728 mala
3450 1676 3713 1748 patimur
3732 1674 3787 1722 in

2171 1755 2279 1806 hac
2302 1746 2441 1815 viia,
2458 1758 2650 1804 tantos
2664 1752 2906 1815 labores,
2927 1754 3153 1801 tantam
3177 1746 3659 1811 inquietudinem
3682 1757 3789 1794 car-

2174 1827 2267 1877 nis
2281 1831 2339 1877 et
2351 1824 2548 1877 saeculi
2559 1828 2584 1874 εἰ
2600 1823 2877 1875 convertit
2894 1836 2956 1873 se
2968 1820 3041 1871 ad
3055 1819 3372 1872 Dominum
3393 1836 3405 1865 :
3430 1822 3491 1869 et
3512 1820 3783 1879 tanquam

2175 1897 2482 1949 concilium
2504 1894 2669 1946 nobis
2685 1893 2987 1945 medicinas
3002 1903 3324 1955 exponens,
3338 1887 3655 1951 adjunxit:
3684 1886 3783 1934 Uni

2171 1983 2386 2018 versum
2417 1971 2649 2015 stratum
2683 1964 2797 2027 ejus
2824 1962 3046 2013 versasti
3074 1963 3138 2010 in
3160 1961 3497 2023 inﬁrmitate
3522 1974 3658 2022 qus.
3690 1959 3786 2007 Per

2172 2044 2415 2091 stratum
2428 2050 2633 2100 corpus
2649 2048 2779 2086 cum
2793 2038 2985 2085 mente
3002 2032 3131 2084 vult
3144 2031 3420 2094 intelligi.
3436 2030 3783 2083 Universum

2174 2110 2309 2162 dicit
2332 2108 2647 2160 secundum
2658 2118 2860 2157 omnes
2876 2117 3108 2159 sensus,
3126 2106 3193 2154 ut
3205 2101 3550 2155 secundum
3567 2112 3784 2152 carnem

2173 2186 2231 2233 et
2243 2180 2563 2232 secundum
2585 2178 2986 2236 mentem,tam
3015 2174 3283 2237 interius,
3317 2185 3507 2236 quam
3536 2172 3785 2223 exterius

2171 2251 2459 2314 intelligas
2474 2249 2766 2301 hominem
2780 2247 3157 2298 inﬁrmatum.
3178 2246 3396 2297 Lectus
3410 2244 3613 2295 carnis
3638 2242 3785 2293 inﬁr-

2174 2328 2366 2374 matur
2389 2334 2490 2385 per
2512 2321 2736 2382 famem,
2752 2331 2851 2383 per
2873 2318 3166 2381 sitim,per
3189 2316 3396 2381 frigus,
3419 2328 3526 2380 per
3543 2314 3785 2385 calorem

2173 2406 2274 2459 per
2291 2380 2635 2457 passionem,
2653 2380 3041 2455 per—dolorem,
3053 2380 3156 2445 per
3166 2380 3631 2459 corruptionem,
3646 2380 3786 2452 192

2175 2458 2276 2529 per
2297 2462 2699 2515 mortalitatem
2718 2465 2776 2512 et
2798 2459 3120 2511 innumeris
3133 2458 3262 2510 aliis
3282 2458 3501 2509 modis.
3539 2459 3787 2529 stratum

2173 2527 2388 2587 mentis
2426 2535 2748 2585 inﬁrmatur
2786 2544 2885 2594 per
2915 2530 3329 2595 ignorantiam,
3353 2542 3461 2593 per
3485 2527 3786 2579 stulttiam.

2172 2620 2273 2672 per
2296 2604 2720 2663 hebetudinezn,
2747 2615 2848 2666 per
2866 2602 3149 2664 timorem,
3178 2613 3281 2664 per
3306 2600 3675 2663 superbiam,
3698 2609 3787 2672 per

2174 2668 2383 2729 vanam
2420 2676 2679 2738 gloriam,
2710 2686 2809 2738 per
2848 2672 3149 2734 invidiam,
3180 2684 3285 2736 per
3306 2672 3477 2730 iram,
3509 2674 3573 2721 et
3608 2668 3785 2719 modis

2172 2748 2298 2801 aliis
2313 2746 2671 2798 multisJIsec
2682 2749 2877 2795 autem
2890 2743 3198 2793 inﬁrmitas
3213 2754 3391 2805 pcena
3413 2745 3506 2791 est
3518 2740 3781 2804 peccatis.

2173 2820 2314 2883 quia
2337 2818 2509 2869 homo
2543 2816 2726 2868 noluit
2759 2813 2921 2865 fortis
2936 2826 3070 2864 esse
3096 2813 3157 2863 in
3180 2813 3323 2874 Deo,
3350 2811 3593 2863 inﬁrma
3611 2816 3701 2861 est
3730 2810 3780 2859 in

2172 2891 2381 2952 seipso.
2408 2889 2551 2948 Quia
2573 2897 2743 2938 carne
2765 2890 2822 2935 et
2845 2885 3046 2949 spiritu
3071 2883 3401 2935 delectatus
3423 2885 3780 2943 est,carneet

2174 2961 2375 3026 spiritu
2393 2959 2629 3024 punitus
2640 2961 2746 3008 est.
2768 2956 3003 3007 Dicatur
3017 2967 3175 3018 ergo,
3196 2954 3531 3003 Universum
3548 2958 3777 3026 stratum

2171 3021 2284 3095 ejus
2298 3021 2519 3079 vers-usti
2567 3030 2623 3077 in
2660 3027 2978 3090 inﬁrmitate
3004 3027 3135 3090 ejus.
3174 3026 3487 3089 Propterea
3509 3023 3708 3074 adhuc
3728 3021 3779 3071 in

2172 3102 2280 3153 hac
2301 3100 2629 3152 inﬁrmitate
2642 3097 3000 3161 relinquitur,
3022 3096 3197 3146 etiam
3216 3096 3266 3145 si
3278 3095 3565 3158 originale
3580 3105 3776 3159 pecca-

2174 3177 2317 3233 tum,
2359 3174 2583 3235 propter
2614 3169 2767 3233 quod
2802 3168 3037 3232 punitus
3076 3171 3184 3225 est,
3207 3167 3578 3217 remittatur:
3617 3177 3692 3216 ne
3712 3164 3777 3213 ite

477 3239 964 3326 testti
989 3239 1852 3326 Quicquid.agat‘,.quo‘cumque
1877 3251 2071 3326 sever-
2093 3250 2143 3326 ρ
2168 3255 2296 3326 rum
2316 3243 2506 3326 possit
2520 3241 2832 3326 superbire,
2863 3244 2920 3290 et
2942 3237 3169 3326 culpam
3200 3250 3384 3301 quam
3414 3237 3579 3326 fec-it,
3599 3237 3779 3326 valeat

478 3313 580 3373 tat,
601 3312 893 3375 semperin
910 3311 1175 3363 custodia
1194 3312 1416 3362 Deiest.
1434 3311 1702 3361 Viviﬁcat
1716 3322 1845 3361 eum
1866 3311 2068 3373 spiritu
2098 3311 2143 3326 ν
2170 3312 2449 3367 oblivisci.
2487 3312 2671 3363 Malus
2714 3323 2917 3362 servus
2947 3312 3065 3361 est:
3094 3321 3326 3372 semper
3349 3312 3586 3371 oportet
3611 3311 3779 3359 teneri

476 3394 583 3432 suo
606 3384 791 3446 magis
816 3395 882 3433 ac
897 3383 1081 3447 magis
1100 3382 1421 3433 secundum
1435 3381 1761 3432 interiorem
1778 3380 2073 3431 hominem

478 3452 691 3515 (Ephes.
730 3453 844 3516 3.).,
877 3459 941 3505 ut
979 3454 1231 3516 quotidie
1254 3452 1478 3515 justius
1516 3456 1573 3501 et
1602 3452 1802 3513 purius
1835 3452 1992 3502 vivat
2014 3452 2073 3501 in

477 3523 615 3573 Deo.
644 3524 711 3572 Et
728 3522 1017 3574 beatiﬁcat
1049 3520 1171 3590 |9|
1207 3535 1337 3572 eum
1363 3533 1479 3571 non
1496 3521 1683 3571 solum
1705 3522 1760 3571 in
1787 3520 1946 3579 casio,
1973 3521 2075 3572 sed

479 3593 651 3643 etiam
663 3592 792 3642 iniu
807 3598 968 3652 terra,
984 3592 1309 3656 spirituales
1325 3592 1567 3641 virtutes
1578 3590 1886 3655 largiendo.
1901 3593 2077 3642 Juxta

442 3662 445 3665 λ
478 3662 636 3726 quod
660 3663 936 3726 scriptum
960 3666 1077 3713 est:
1104 3663 1277 3721 Beati,
1305 3661 1401 3723 qui
1430 3663 1732 3724 sperantin
1753 3663 2076 3724 te,Domine

481 3732 645 3792 (Psat.
687 3731 814 3795 38.),
854 3738 913 3784 et
964 3733 1117 3784 beati
1155 3734 1253 3794 qui
1288 3731 1537 3793 diligunt
1564 3744 1775 3783 nomen
1804 3734 2077 3783 tuum.Et

480 3803 634 3853 beati
658 3816 938 3868 pauperes
964 3804 1182 3867 spiritu.
1211 3801 1365 3853 Beati
1398 3802 1582 3863 mites,
1597 3802 1747 3853 beati
1762 3803 2076 3853 misericor-

481 3873 605 3936 des,
653 3873 802 3925 beati
845 3873 1082 3937 paciﬁci,
1126 3873 1277 3924 beati
1314 3870 1533 3922 mundo
1556 3872 1745 3932 corde,
1782 3877 1837 3923 et
1866 3878 2076 3924 caetera

484 3944 696 4008 (Matth.
723 3943 815 4005 5.).
854 3944 1138 3994 Promittit
1167 3942 1332 3994 nobis
1354 3942 1639 3993 Dominus
1666 3943 2076 3994 beatitudinem

483 4014 542 4065 in
560 4014 752 4065 futura
763 4015 904 4066 vita:
937 4014 1037 4066 sed
1058 4014 1106 4065 si
1130 4014 1813 4078 diligenterattendimus,
1828 4015 2002 4065 etiam
2018 4015 2076 4065 in

479 4085 590 4137 hac
614 4088 764 4137 terra
780 4087 901 4149 jam
927 4091 1144 4150 partem
1168 4085 1384 4150 prmmii
1413 4084 1795 4150 possidemus.
1817 4086 1954 4136 Pars
1971 4086 2077 4137 uti-

480 4168 615 4220 quas
639 4169 867 4221 magna:
890 4157 1171 4208 felicitatis
1190 4161 1297 4218 est,
1316 4156 1596 4208 saeculum
1623 4157 1877 4216 potuisse
1892 4157 2078 4221 despi-

479 4240 624 4290 cere,
660 4232 718 4279 et
751 4230 1127 4292 omnipotenti
1152 4230 1270 4279 Deo
1294 4229 1507 4278 servire
1532 4229 1795 4291 coepisse,
1821 4228 2079 4279 evasisse

480 4299 754 4351 vitiorum
770 4300 1231 4351 infelicissimum
1248 4299 1629 4360 dominatum,
1644 4300 1885 4350 liberum
1901 4311 2030 4350 esse
2047 4311 2081 4348 a

480 4370 693 4421 misera
716 4371 996 4422 servitute
1020 4370 1227 4421 diaboli
1264 4374 1322 4421 et
1344 4369 1563 4433 peccati
1585 4370 1766 4431 (Joan.
1788 4369 1881 4432 8.),
1907 4380 2082 4419 vana-

479 4453 611 4492 rum
636 4454 827 4493 rerum
845 4442 1257 4507 cupiditatibus
1272 4454 1387 4491 non
1405 4441 1741 4501 excruciari,
1768 4441 2082 4491 sceleribus

481 4524 601 4563 non
627 4513 954 4575 immisceri,
979 4514 1331 4569 innocenter,
1369 4513 1582 4570 vivere,
1615 4513 1797 4564 beata:
1829 4511 2079 4563 castitati

485 4595 719 4647 operam
732 4584 1156 4649 dare,gloriosse
1169 4584 1515 4647 paupertatis
1530 4583 1937 4634 sufficientiam
1954 4595 2080 4646 pos-

2174 3386 2286 3438 sub
2312 3382 2550 3448 ﬂagello.
2570 3382 2679 3435 Sed
2698 3382 2820 3446 jam
2846 3379 3166 3445 ﬁagellatus
3180 3379 3445 3444 postulat
3463 3379 3781 3430 misericor-

2174 3457 2346 3508 diam:
2383 3454 2949 3518 postulatsanitatem
2975 3451 3047 3503 de
3080 3450 3357 3514 superbia
3388 3450 3467 3501 ad
3493 3450 3777 3501 humilita-

2174 3532 2293 3578 tem
2322 3525 2484 3577 redit.
2515 3524 3137 3587 Conﬁteturpeccatum
3162 3534 3358 3584 suum,
3399 3521 3635 3572 dicens:

2236 3596 2288 3651 5.
2337 3596 2469 3659 Ego,
2515 3595 2656 3653 dimi,
2705 3596 2858 3655 Deus,
2907 3594 3155 3641 miserere
3186 3592 3327 3641 mei:
3359 3607 3508 3640 sana
3532 3592 3772 3640 animam

2172 3682 2349 3716 meam
2386 3666 2519 3729 quia
2542 3665 2749 3728 peccaui
2782 3665 2900 3712 tibi.
2933 3665 3050 3727 Ego
3075 3663 3215 3723 dixi,
3241 3662 3459 3725 inquit.
3489 3664 3624 3713 Non
3657 3662 3773 3713 abs-

2176 3737 2345 3789 condi
2370 3741 2602 3801 peccata
2629 3747 2773 3792 mea,
2819 3747 2935 3785 non
2961 3734 3114 3785 tacui
3140 3733 3612 3784 confessionem:
3647 3734 3777 3783 sicut

2175 3809 2411 3872 quidam
2470 3807 2663 3869 Iacuit,
2714 3810 2772 3856 et
2810 3805 2935 3855 ideo
2959 3805 3286 3856 inveterata
3313 3809 3459 3855 sunt
3495 3816 3636 3855 ossa
3670 3804 3774 3865 ejus

2176 3880 2340 3939 (Psat.
2375 3878 2501 3941 3L).
2540 3876 2817 3939 Quoniam
2859 3876 2957 3939 qui
2978 3875 3218 3939 malum,
3250 3874 3411 3937 quod
3444 3875 3651 3939 gessit,
3678 3884 3774 3923 non

2176 3950 2372 4014 aperit.
2391 3962 2490 4000 eas
2514 3949 2686 3999 etiam
2709 3947 2976 4009 virtutes,
3012 3958 3158 4008 quas
3184 3946 3381 4006 habet,
3406 3945 3619 4010 perdit.
3638 3949 3776 3994 Vera:

2175 4019 2511 4073 humilitatis
2526 4018 2798 4069 indicium
2812 4020 2918 4078 est,
2946 4016 3177 4081 culpam
3193 4028 3365 4068 suam
3380 4025 3775 4080 recognoscere

2176 4096 2349 4155 atque
2365 4090 2626 4141 eamdem
2641 4100 2779 4139 voce
2794 4087 3179 4138 confessionis
3191 4088 3581 4151 aperire.ldeo
3598 4085 3772 4152 praeci-

2175 4163 2259 4227 pit
2287 4161 2560 4211 Dominus
2584 4165 2797 4221 noster,
2814 4164 2879 4209 ut
2903 4163 3139 4222 peccata
3161 4162 3366 4209 nostra
3384 4158 3773 4209 sacerdotibus

2178 4233 2554 4285 conﬁteamur
2601 4232 2742 4293 (Luc.
2776 4229 2915 4292 15.):
2944 4232 3008 4280 ut
3031 4229 3301 4280 videlicet
3326 4229 3669 4280 conﬁtendo
3683 4228 3774 4278 hu-

2179 4304 2481 4362 miliemur,
2520 4307 2579 4352 et
2611 4314 2710 4364 per
2732 4299 3068 4351 humilitatis
3094 4301 3369 4351 meritum
3396 4300 3769 4365 percipiamus

2181 4373 2576 4425 remissionem
2612 4374 2992 4435 peccatorum.
3034 4371 3513 4434 Superbis‘enim
3567 4368 3768 4421 resistit

2180 4447 2355 4506 Deus,
2389 4443 2487 4494 sed
2503 4442 2814 4493 humilibus
2839 4442 2939 4492 dat
2954 4441 3198 4503 gratiam
3217 4440 3420 4503 (Jacob.
3436 4441 3534 4502 4.).
3550 4443 3773 4503 Magnus

2178 4520 2267 4565 est
2302 4513 2678 4565 confessionis
2709 4512 2951 4563 fructus.
2980 4513 3128 4562 Dicit
3155 4512 3396 4575 quidam
3421 4510 3771 4574 pasnitensiu

2177 4585 2288 4636 alio
2332 4585 2571 4648 psalmo.
2612 4584 2760 4645 Dixi,
2794 4583 3148 4634 conﬁtebor:
3174 4587 3314 4633 ettu
3335 4582 3563 4632 remisti
3592 4582 3770 4644 impie-

485 4653 699 4705 sidere:
730 4656 871 4726 nihil
902 4661 1067 4706 extra
1094 4657 1274 4705 Deum
1292 4668 1569 4718 quaerere,
1584 4655 1644 4704 in
1678 4655 1859 4718 ipsius
1882 4665 2075 4703 amore
2094 4655 2150 4726 D
2181 4660 2358 4707 tatem
2376 4654 2593 4719 peccati
2607 4654 2717 4726 mei
2737 4651 3306 4726 (Psol._13.)._Attend_e
3314 4663 3496 4726 quam
3513 4652 3771 4726 velox_est

485 4728 544 4774 et
567 4724 1048 4788 contemplatione
1074 4726 1331 4776 suaviter
1359 4727 1735 4788 requiescere.
1760 4727 2077 4775 Pensemus

488 4799 771 4856 quantum
785 4796 950 4845 nobis
962 4796 1243 4845 Dominus
1260 4796 1351 4859 pia
1366 4796 1659 4847 vocatione
1669 4794 1993 4856 contulerit,
2010 4794 2081 4845 de

490 4865 725 4926 quantis
748 4864 1066 4924 fraudibus,
1091 4865 1407 4927 adulteriis,
1435 4868 1668 4930 rapinis,
1693 4866 1973 4929 perjuriis,
1990 4877 2083 4915 sa-

464 4996 465 4999 ,
488 4934 755 4999 crilegiis,
779 4935 1190 4996 immundiclis,
1203 4936 1358 4987 vitiis
1377 4940 1435 4987 et
1458 4938 1708 5000 peccatis
1730 4936 2074 4988 liberaverit:

487 5011 548 5057 et
573 5010 710 5057 tunc
731 5019 1164 5069 cognoscemus,
1195 5019 1369 5069 quam
1387 5020 1585 5059 verum
1612 5008 1703 5065 sit,
1730 5007 1885 5070 quod
1918 5007 2085 5058 audi-

490 5089 625 5127 mus
648 5077 707 5127 in
728 5076 970 5141 psalmo,
996 5077 1150 5140 quod
1174 5077 1384 5129 dicitur
1405 5093 1418 5129 :
1440 5083 1496 5128 et
1523 5080 1750 5128 beatum
1770 5078 1936 5129 faciat
1949 5090 2083 5128 eum

489 5148 547 5198 in
573 5152 740 5199 terra.
778 5149 946 5199 Hunc
968 5152 1162 5199 autem
1186 5148 1615 5211 intelligentem,
1650 5149 1758 5199 etsi
1797 5148 1968 5199 tradit
1983 5148 2081 5199 ali-

490 5219 721 5283 quando
747 5220 902 5271 Deus
925 5220 983 5270 in
1005 5219 1589 5271 manusinimicorum
1603 5219 2087 5281 ejus,uthabeant

488 5295 835 5353 potestatem
862 5291 1157 5343 occidendi
1182 5304 1410 5354 corpus,
1436 5303 1739 5353 nunquam
1764 5291 1937 5341 tradit
1952 5303 2085 5341 eum

490 5361 550 5411 in
572 5363 796 5415 animas
831 5364 1039 5428 (Matth.
1074 5362 1198 5425 10.),
1236 5361 1293 5412 id
1327 5365 1436 5423 est,
1463 5361 1523 5410 in
1549 5360 1876 5412 voluntates
1892 5361 2086 5412 inimi-

492 5445 716 5485 corum:
751 5440 817 5486 ut
842 5435 1061 5487 scilicet
1088 5432 1313 5497 possint
1333 5444 1466 5483 eum
1492 5432 1677 5483 facere
1712 5432 1833 5483 suis
1874 5432 2085 5496 iniquis

492 5503 889 5557 voluntatibus
912 5505 1159 5556 obedire.
1185 5502 1345 5554 Unde
1358 5504 1540 5553 sancti
1558 5504 1832 5565 Martyres
1844 5504 2087 5554 etiamin

492 5574 613 5624 suis
639 5577 1004 5638 passionibus
1048 5576 1290 5626 victores
1314 5574 1635 5633 exiterunt,
1668 5575 1806 5636 quia
1831 5578 1889 5624 et
1912 5574 1961 5624 si
1990 5586 2091 5638 po-

493 5648 728 5696 tuerunt
759 5646 1122 5710 corporaliter
1142 5646 1665 5709 occidi,nunquam
1694 5649 1884 5695 tamen
1896 5644 2087 5695 animo

496 5718 807 5774 potuerunt
819 5717 1018 5779 frangi.
1038 5717 1121 5767 111i
1139 5729 1273 5767 vero
1299 5717 1398 5780 qui
1411 5716 1765 5777 occiderunt,
1781 5716 1911 5766 victi
1924 5717 2085 5765 sunt:

498 5784 795 5845 quiaquod
807 5786 1619 5850 volueruntimplere,minime
1631 5788 2090 5851 potuerunt.Hinc

497 5854 604 5914 est,
629 5853 785 5915 quod
801 5854 859 5905 in
888 5857 1169 5908 mortibus
1194 5858 1506 5921 Martyrum
1528 5870 1645 5909 non
1660 5858 1969 5923 ploramus,
1987 5857 2089 5910 sed

2178 4726 2572 4778 misericordia
2588 4725 2684 4775 Dei
2696 4723 2912 4774 homini
2924 4723 3238 4773 conﬁtenti.
3260 4722 3541 4773 Nondum
3555 4723 3771 4773 conﬁte-

2180 4802 2293 4858 tur,
2307 4797 2409 4848 sed
2422 4796 2794 4847 deliberatum
2806 4795 2981 4844 habet
2991 4794 3049 4844 in
3067 4793 3235 4844 corde
3248 4805 3355 4843 suo
3378 4798 3447 4843 ut
3471 4808 3566 4841 con
3577 4798 3767 4847 meatur,

2181 4868 2306 4919 ideo
2322 4881 2355 4919 a
2369 4871 2600 4931 peccato
2612 4866 2941 4917 mundatur.
2964 4866 3084 4915 Hoc
3099 4864 3408 4928 signiﬁcat,
3426 4864 3585 4926 quod
3602 4860 3771 4914 Domi—

2180 4953 2294 4992 nus
2306 4939 2545 5003 leprosis
2561 4937 2809 5002 praecipit
2822 4935 3019 4986 dicens
3036 4951 3047 4985 :
3062 4935 3163 4998 Ite,
3181 4934 3475 4985 ostendite
3490 4948 3603 4986 vos
3615 4943 3773 5003 sacer-

2181 5002 2434 5061 dotibus.
2463 5010 2527 5058 Et
2556 5020 2690 5058 cum
2715 5008 2860 5057 irent
2887 5006 2947 5056 in
2974 5006 3087 5068 via,
3106 5006 3292 5055 sanati
3320 5010 3464 5056 sunt
3479 5006 3629 5068 (Luc.
3668 5002 3767 5061 17.).

2184 5078 2677 5140 Publicanusquid
2690 5079 2795 5128 ait?
2811 5079 2961 5126 Deus
2974 5076 3255 5140 propitius
3267 5080 3395 5126 esto
3426 5076 3575 5127 mihi
3601 5084 3772 5139 pecca-

2182 5151 2307 5202 tori.
2344 5149 2645 5200 Descendit
2667 5147 3021 5212 justiﬁcatus
3050 5147 3192 5209 (Luc.
3236 5144 3359 5208 18.).
3386 5146 3435 5197 Ο
3461 5147 3635 5197 beata
3657 5155 3770 5211 con_-

2184 5222 2386 5281 £e$siol
2425 5219 2626 5282 quanti
2657 5231 2754 5282 per
2788 5222 2840 5268 te
2874 5217 3245 5275 mundintur,
3264 5220 3571 5278 sanantur,
3581 5212 3769 5279 justiﬁ-

2184 5295 2419 5343 cantur?
2436 5291 2613 5354 Igitur
2625 5288 3024 5351 unusquisque
3036 5292 3297 5339 nostrum
3311 5287 3767 5338 dicathumiliter.

2184 5363 2338 5414 dicat
2349 5359 2846 5424 lachrymabiliter,
2857 5358 3009 5409 dicat
3026 5370 3098 5409 ex
3109 5358 3342 5417 affectu,
3362 5358 3521 5409 dicat
3536 5372 3611 5409 ex
3626 5354 3766 5409 corde

2184 5434 2298 5496 Ego
2322 5432 2463 5495 dixi,
2497 5432 2655 5491 Deus,
2685 5431 2937 5479 miserere
2968 5431 3095 5477 mei:
3136 5444 3278 5478 sana
3301 5430 3566 5477 ani-mam
3594 5440 3759 5477 meam,

2186 5504 2321 5569 quia
2346 5502 2558 5567 peccavi
2589 5500 2702 5550 tibi.
2730 5499 2874 5562 Quid
2904 5504 3013 5560 est,
3034 5500 3253 5549 Peccavi
3278 5498 3378 5547 tibi
3398 5500 3681 5551 ipeccavi
3699 5507 3765 5569 ρο·

2185 5568 2308 5626 ram
2339 5578 2413 5635 te,
2440 5572 2531 5623 vel
2556 5576 2755 5623 contra
2780 5575 2852 5622 te.
2890 5570 3036 5631 Quid
3070 5575 3162 5621 est
3195 5570 3431 5634 peccavi
3454 5571 3597 5622 tibi?
3618 5568 3761 5635 ratiof

2186 5656 2320 5696 nem
2339 5633 2439 5694 tibi
2464 5643 2794 5693 redditurus
2825 5652 2925 5704 pro
2938 5645 3189 5703 peccato.
3203 5633 3371 5691 ’Talia
3392 5640 3600 5691 dicunt
3622 5633 3757 5691 amici

2187 5714 2853 5768 confitendo.Audiamus
2866 5712 3004 5775 quid
3018 5712 3517 5763 dixeruntinimici
3531 5707 3754 5763 errando.

2249 5786 2299 5841 6.
2319 5786 2536 5835 Inimici
2560 5786 2666 5834 mei
2689 5785 2949 5834 dixerunt
2962 5784 3116 5832 mala
3136 5784 3295 5832 mihi.
3317 5784 3462 5835 Haec
3476 5784 3653 5835 verba
3666 5789 3758 5845 pro-

2186 5858 2305 5925 prie
2327 5858 2615 5923 pertinent
2637 5856 2710 5908 ad
2742 5857 2929 5920 caput.
2967 5858 3053 5907 Ac
3073 5855 3123 5906 si
3146 5854 3317 5914 dicat,
3343 5855 3464 5919 Ego
3491 5854 3644 5913 veni,
3667 5861 3757 5904 me-
