3908 6232
160 351 285 406 801

1193 355 1265 403 ΙΝ
1302 352 1624 405 PSALMOS
1657 353 1863 403 LXXV
1898 354 2474 407 COMMENTARIUS.

3377 357 3483 414 802

144 473 376 548 diutor
392 472 495 524 Dei
507 476 577 548 _et
598 471 992 548 hominum_(l.
1026 473 1162 548 Tim.
1187 472 1285 537 2.).
1313 476 1424 526 Sed
1448 475 1788 548 inimicihoc
1802 473 1859 545 Α
1885 476 2004 548 tem,
2022 474 2264 548 dicitur:
2295 477 2540 528 Susurro
2563 477 2902 543 etbilinguis
2914 479 3294 531 maledictus:
3331 477 3482 548 194

162 556 303 596 non
326 543 717 604 attendentes,
735 548 792 594 et
807 556 898 594 me
910 544 1203 597 hominem
1223 550 1447 597 tantum
1463 559 1582 597 non
1605 547 1788 597 Deum

164 627 323 666 esse
345 614 665 676 credentes,
694 614 964 665 dixerunt
988 615 1114 667 hac
1137 616 1288 667 mala
1309 617 1466 679 mihi,
1490 617 1548 667 id
1585 621 1693 680 est,
1720 618 1791 668 de

166 698 280 737 me
299 701 315 736 :
334 686 563 744 Quando
587 685 872 748 morietur,
888 691 933 734 et
955 686 1148 750 peribit
1172 703 1367 735 nomen
1389 688 1537 750 ejus?
1551 691 1792 749 Optabant

169 757 441 818 enim,ut
458 759 800 818 moreretur,
817 760 1098 808 etnomen
1113 759 1241 821 ejus
1258 757 1542 809 deleretur
1557 758 1627 809 de
1644 762 1792 810 terra

178 827 407 891 (Jerem.
435 826 560 889 11.).
598 828 858 878 Mortuus
887 833 979 879 est
1001 829 1278 892 Christus,
1301 834 1357 879 et
1370 828 1701 880 admirabile
1716 829 1790 881 fa-

171 899 349 949 ctum
365 902 675 948 estnomen
692 898 742 960 ej
754 911 839 948 us.
859 899 1115 949 Granum
1132 899 1402 950 frumenti
1414 903 1652 948 cadensin
1666 907 1792 948 terra

168 971 487 1019 mortuum
512 972 619 1025 est,
644 972 703 1020 et
720 968 854 1019 inde
873 969 1127 1033 amplius
1150 969 1595 1032 multiplicatum
1611 970 1789 1031 (Joan.

179 1036 321 1100 12.).
343 1039 435 1089 Sic
462 1042 637 1090 etiam
662 1052 873 1103 corpus
896 1040 1105 1090 Christi
1130 1053 1388 1092 crescere
1411 1040 1715 1091 consuevit
1733 1041 1794 1091 in

170 1108 576 1160 tribulatione.
608 1109 886 1161 Dicebant
908 1110 1123 1161 inimici
1148 1111 1336 1163 Judai
1369 1125 1382 1160 :
1413 1112 1641 1168 Quando
1676 1126 1792 1160 mo-

171 1179 365 1228 rietur
376 1181 400 1228 9
415 1180 655 1241 Quando
678 1181 994 1244 poterimus
1018 1195 1148 1232 eum
1161 1182 1418 1233 occidere
1431 1186 1455 1231 ξ’
1472 1183 1540 1233 Et
1555 1182 1637 1233 sic
1652 1182 1793 1245 peri-

178 1250 279 1301 bit
306 1263 522 1302 nomen
545 1254 689 1312 ejus,
706 1251 766 1301 id
792 1257 901 1314 est,
928 1255 1077 1304 fama
1092 1256 1233 1315 ejus.
1259 1253 1417 1304 Facit
1438 1254 1612 1305 etiam
1631 1265 1794 1304 men-

180 1321 404 1372 tionem
430 1322 501 1373 do
526 1323 797 1373 traditore
822 1335 929 1374 suo
950 1325 982 1374 J
989 1323 1117 1387 uda,
1144 1324 1244 1388 qui
1267 1328 1442 1388 caput
1462 1330 1584 1376 erat
1603 1324 1794 1375 inimi-

176 1405 411 1453 corum,
437 1405 571 1444 cum
596 1393 899 1456 subjungit
924 1408 938 1445 :

250 1462 305 1516 7.
341 1463 409 1511 Et
439 1465 488 1513 si
524 1464 933 1526 ingerdiebatur
959 1470 1018 1513 ut
1051 1466 1266 1527 videret,
1291 1481 1435 1514 vana
1460 1465 1792 1529 loquebatur,

376 1549 467 1584 cor
488 1534 601 1598 ejus
625 1536 964 1599 congregavit
990 1536 1338 1600 iniquitatem
1359 1536 1477 1584 sibi.
1506 1537 1794 1601 Ingredie-

178 1606 364 1656 batur
386 1610 684 1669 tamquam
708 1606 1130 1664 fraudulentus,
1156 1612 1428 1670 tanquam
1449 1606 1793 1671 explorator,

184 1680 468 1739 tanquam
492 1676 825 1727 insidiator:
849 1690 968 1729 non
992 1678 1405 1738 utimitaretur,
1427 1678 1527 1729 sed
1552 1681 1615 1730 ut
1636 1679 1793 1730 vide-

187 1751 284 1799 ret
312 1747 448 1810 quid
477 1751 678 1811 posset
705 1747 1135 1810 reprehendere,
1174 1748 1312 1811 quid
1337 1761 1626 1811 accusare,
1653 1749 1791 1812 quid

180 1818 545 1899 calumniari.
580 1819 687 1909 Cor
713 1820 846 1900 ejus
877 1819 1459 1909 tractabat-demque
1483 1819 1710 1900 Christi,
1737 1820 1863 1909 etB

185 1888 276 1940 sic
300 1889 688 1953 congregabat
710 1889 1072 1952 iniquitatem
1098 1890 1225 1940 sibi.
1260 1889 1459 1940 Melius
1492 1891 1647 1941 enim
1672 1895 1793 1941 erat

189 1960 266 2021 ei,
294 1959 346 2011 si
364 1963 536 2010 natus
566 1972 684 2010 non
711 1959 914 2011 fuisset
933 1960 1108 2011 homo
1137 1959 1229 2010 ille
1254 1961 1461 2021 (Matth.
1489 1959 1595 2024 26.)
1630 1960 1793 2021 Quod

184 2042 431 2093 passum
447 2034 538 2081 est
548 2030 1047 2094 caput,patiuntur
1061 2036 1120 2082 et
1133 2031 1470 2082 membra.Si
1482 2044 1572 2082 me
1591 2030 1790 2095 (inquit)

186 2100 480 2165 persecuti
524 2105 681 2162 sunt,
729 2106 785 2151 et
830 2114 939 2152 vos
984 2105 1402 2165 persequentur
1440 2101 1620 2162 (Joan.
1668 2100 1790 2165 15.).

186 2169 506 2236 Apostolus
519 2171 913 2236 dicit,Propter
928 2185 995 2222 su
1003 2172 1400 2223 bintroductos
1413 2172 1584 2223 falsos
1600 2172 1792 2235 fratres,

190 2243 294 2307 qui
339 2242 795 2293 subintroierunt
839 2243 1135 2306 explorare
1179 2241 1498 2294 llbertatem
1535 2248 1794 2294 nostram

191 2313 389 2375 (nutat.
437 2311 529 2375 2.).
573 2314 644 2364 Hi
679 2317 818 2364 sunt
859 2313 1189 2376 hypocrita,
1230 2312 1592 2365 simulatores
1636 2313 1791 2373 mali,

188 2386 577 2448 :rljungentes
604 2397 666 2435 se
678 2384 811 2434 ficta
822 2385 1076 2446 caritate,
1091 2387 1389 2448 captantes
1414 2396 1617 2435 omnes
1628 2390 1795 2434 motus

190 2454 391 2505 omnia
416 2455 590 2505 verba
624 2459 977 2515 sanctorum,
1000 2454 1060 2505 in
1076 2455 1795 2518 omnibuslaqueosinqui-

190 2530 403 2577 rentes.
431 2526 596 2577 Tales
624 2525 1339 2577 multiinveniunturintra
1356 2526 1688 2577 societatem
1701 2529 1794 2574 fru-

191 2601 370 2657 trum,
393 2595 491 2659 qui
512 2595 831 2660 spiritualia
854 2595 1045 2647 studia
1068 2596 1471 2659 relinquentes,
1501 2598 1793 2661 torpentes

190 2665 885 2731 otio,appetuntquotidie
907 2667 1105 2719 audire
1127 2671 1184 2717 et
1202 2666 1394 2717 videre
1424 2671 1481 2717 et
1511 2666 1669 2729 loqui
1692 2680 1794 2719 va-

186 2738 460 2789 nitatem:
489 2742 675 2788 totum
700 2737 852 2788 diem
875 2738 1211 2802 expendunt
1228 2738 1289 2788 in
1313 2737 1617 2793 fabulis,in
1632 2741 1794 2786 curio-

192 2809 388 2871 sitate,
401 2809 459 2859 in
478 2808 737 2859 stultitia.
759 2808 956 2859 Pravis
971 2808 1142 2859 etiam
1158 2808 1633 2872 concupiscentiis
1644 2814 1792 2869 atque

187 2878 404 2930 illicitis
438 2879 880 2942 cogitationibus
910 2879 1166 2929 animum
1191 2879 1590 2946 subjugantes.
1622 2879 1793 2931 corde

190 2954 549 3013 congregant
569 2949 934 3012 iniquitatem
951 2949 1078 3014 sibi,
1095 2949 1263 3009 idest,
1279 2949 1351 3001 ad
1381 2949 1793 3001 detrimentum

194 3033 392 3071 suum.
425 3021 541 3071 Sibi
557 3025 1070 3085 congregaverunt,
1090 3020 1376 3081 nonmihi,
1390 3020 1679 3083 quomodo
1688 3022 1722 3071 J
1727 3035 1791 3072 u-

191 3090 301 3142 das
319 3090 447 3153 sibi,
460 3102 579 3142 non
593 3093 807 3139 Christo.
833 3091 1223 3155 Egrediebatur
1235 3091 1404 3153 foras,
1420 3096 1467 3139 et
1480 3090 1794 3154 loquebatur

190 3161 254 3210 in
279 3161 541 3224 idipsum.
560 3161 972 3225 Egrediebatur
994 3161 1068 3212 ad
1094 3161 1329 3213 Judaos
1361 3162 1572 3223 (Matth.
1604 3160 1795 3224 16.),et

1888 547 2107 597 multos
2139 547 2292 597 enim
2328 547 2581 598 turbavit
2610 560 2811 611 pacem
2843 551 3122 602 habentes
3147 551 3329 614 (Eccli.
3357 547 3486 614 28.).

1952 616 2004 670 9.
2057 617 2281 667 Verbum
2302 617 2561 681 iniquum
2604 621 2995 670 constituerunt
3040 621 3330 670 adversum
3379 637 3481 671 me.

1889 687 2324 740 Constituerunt
2339 689 2508 748 enim,
2524 701 2555 737 u
2566 689 2666 739 tad
2675 703 2876 741 versus
2887 692 3087 742 Jesum
3114 691 3325 743 falsum
3334 691 3490 743 dice-

1890 764 2048 810 retur
2071 759 2471 810 testimonium
2498 760 2638 820 (Luc.
2661 759 2789 822 22.).
2804 763 3057 813 Verbum
3068 762 3487 823 etiaminiquum

1888 829 2016 893 fuit,
2049 830 2282 892 quando
2307 830 2595 889 dixerunt,
2631 830 3026 895 Cruciflgatur.
3066 835 3154 897 Et,
3192 834 3347 885 Reus
3399 837 3489 884 est

1889 900 2093 951 mortis
2140 900 2354 963 (Matth.
2394 899 2484 954 26.
2526 906 2569 949 et
2594 898 2719 963 27.).
2747 901 2862 965 Ipsi
2896 901 2966 952 de
2989 915 3083 954 me
3103 903 3183 954 ita
3205 904 3481 955 fecerunt.

1890 971 2020 1035 Sed,
2050 971 2341 1034 Numquid
2376 972 2475 1035 qui
2505 972 2705 1019 dormit
2728 987 2839 1021 non
2874 972 3091 1035 adjiciat
3118 980 3176 1022 ut
3195 980 3442 1038 resurgat
3464 978 3489 1023 Ρ

1890 1041 1986 1092 llle
2020 1041 2119 1104 qui
2157 1046 2274 1092 tam
2296 1041 2462 1093 facile
2491 1046 2679 1106 potest
2704 1055 3005 1105 resurgere
3028 1055 3063 1094 a
3085 1049 3290 1107 morte,
3316 1056 3490 1108 quam

1891 1111 2055 1162 facile
2077 1117 2267 1173 potest
2292 1112 2583 1163 dormiens
2607 1113 2847 1164 excitari
2872 1127 2907 1164 a
2952 1126 3177 1174 somno,
3203 1115 3487 1177 numquid

1890 1194 2007 1233 non
2030 1182 2261 1245 adjiciet
2284 1183 2452 1234 morti
2477 1196 2601 1234 sua
2628 1188 2691 1234 ut
2720 1187 3036 1248 resurgat?
3058 1184 3352 1248 Numquid
3376 1198 3494 1236 non

1890 1258 2158 1317 resurget
2190 1253 2301 1313 ille,
2319 1254 2419 1317 qui
2434 1254 2531 1305 ait.
2546 1257 2898 1307 Potestatem
2914 1255 3103 1308 habeo
3116 1256 3365 1320 ponendi
3378 1257 3496 1305 ani-

1890 1337 2047 1375 mam
2069 1330 2348 1388 meam,et
2365 1326 2570 1376 iterum
2596 1326 2865 1378 sumendi
2890 1338 3021 1378 eam
3045 1327 3226 1389 (Joan.
3258 1327 3401 1392 10.)?
3424 1328 3496 1379 Et

1891 1394 2073 1446 Adam
2097 1395 2369 1447 dormivit
2380 1396 2488 1457 (Ea:
2502 1400 2542 1445 Α
2554 1397 2825 1459 ugustino)
2834 1435 2849 1458 ,
2866 1398 3099 1461 quando
3111 1398 3184 1450 de
3193 1399 3367 1451 latere
3378 1401 3421 1458 ej
3431 1413 3489 1447 us

1892 1468 2014 1517 Eva
2042 1465 2290 1518 formata
2323 1472 2414 1519 est
2443 1468 2591 1531 (Gen.
2628 1466 2719 1527 2.).
2746 1467 2930 1520 Adam
2954 1469 3013 1520 in
3036 1470 3223 1535 ﬁgura
3255 1470 3490 1533 Christi,

1894 1539 2016 1587 Eva
2039 1536 2095 1587 in
2120 1536 2308 1600 ﬁgura
2330 1537 2616 1589 Ecclesia.
2644 1540 2796 1589 Dum
2820 1537 3130 1591 dormisset
3148 1540 3415 1592 Christus
3432 1540 3494 1591 in

1894 1621 2064 1659 cruce
2088 1607 2159 1659 de
2182 1607 2357 1659 latere
2370 1608 2496 1671 ejus
2520 1612 2882 1660 sacramenta
2900 1611 3173 1663 Ecclesia
3195 1612 3496 1664 ﬂuxerunt

1892 1679 2056 1730 Joan.
2082 1676 2211 1736 19.).
2238 1680 2307 1729 Et
2328 1679 2483 1729 unde
2507 1678 2815 1732 dormivit?
2847 1681 2934 1731 Ex
2954 1680 3051 1732 illo
3069 1682 3168 1743 qui
3188 1681 3494 1746 ingressus

1891 1753 1983 1800 est
2006 1753 2071 1800 ut
2090 1748 2324 1800 videret.

1955 1819 2040 1874 10.
2067 1821 2282 1869 Etenim
2312 1821 2471 1869 homo
2490 1820 2640 1884 pacis
2660 1835 2803 1884 mea,
2826 1820 2887 1870 in
2903 1836 3010 1885 quo
3025 1822 3258 1885 speravi,
3271 1822 3370 1887 qui
3381 1821 3496 1873 ede-

1893 1890 1981 1939 bat
2020 1906 2191 1955 panes
2230 1906 2388 1950 meos,
2414 1892 2785 1954 magniﬁcavit
2806 1907 2969 1957 super
2989 1908 3074 1942 me
3090 1894 3496 1958 supplantatio-

1891 1976 2032 2011 nem.
2062 1963 2186 2013 Non
2210 1961 2317 2014 fuit
2342 1962 2634 2026 mirum,si
2658 1962 2878 2014 inimici
2902 1964 3017 2015 mei
3049 1964 3377 2028 cogitabant
3390 1963 3496 2016 ad-

1892 2044 2129 2083 versum
2173 2045 2267 2083 me
2319 2032 2473 2084 mala
2508 2033 2647 2084 mihi
2674 2048 2687 2084 :
2713 2033 2846 2096 quia
2892 2037 2949 2085 et
2984 2033 3143 2084 homo
3172 2035 3324 2099 pacis
3345 2050 3491 2097 mea,

1893 2103 2059 2162 idest,
2103 2102 2306 2165 Judas,
2352 2116 2487 2154 cum
2515 2116 2631 2166 quo
2667 2116 2868 2168 pacem
2895 2104 3199 2169 habebam,
3223 2110 3282 2156 et
3303 2106 3404 2168 qui
3432 2117 3496 2156 se

1892 2173 2195 2236 pacificum
2227 2172 2572 2224 simulabat:
2610 2173 2668 2224 in
2692 2185 2807 2236 quo
2833 2174 3080 2238 speravi,
3111 2181 3397 2238 quantum
3419 2176 3495 2227 ad

1893 2243 2334 2296 astimationem
2351 2243 2958 2295 hominum.Putabant
2969 2245 3122 2297 enim
3141 2246 3293 2308 quod
3304 2248 3351 2294 ei
3368 2248 3496 2295 mul-

1895 2319 2018 2365 tum
2034 2313 2348 2376 crederem,
2362 2318 2421 2365 et
2442 2314 2504 2365 in
2518 2327 2584 2365 eo
2609 2313 2860 2366 multum
2876 2315 3245 2376 confiderem,
3264 2316 3362 2380 qui
3385 2317 3497 2365 ede-

1893 2383 1979 2433 bat
2007 2398 2174 2448 panes
2197 2398 2353 2445 meos,
2371 2383 2540 2449 idest,
2565 2384 2658 2435 cui
2681 2398 2788 2448 ego
2811 2385 3120 2437 intinctum
3144 2398 3351 2451 panem
3362 2400 3496 2451 por-

1891 2456 2015 2507 rexi
2028 2470 2040 2505 :
2064 2455 2157 2507 vel
2175 2467 2354 2519 panes
2366 2468 2527 2507 meos
2544 2455 2872 2519 spirituales
2885 2456 3109 2519 edebat,
3128 2457 3260 2521 quia
3271 2460 3496 2518 quotidie

1894 2526 2357 2589 pradicationem
2369 2538 2559 2577 meam
2578 2525 2864 2577 audiebat.
2880 2527 3154 2590 Majorem
3171 2527 3496 2591 supplanta-

1894 2598 2113 2648 tionem
2136 2609 2310 2660 super
2330 2609 2426 2647 me
2436 2596 2842 2661 magnificavil,
2856 2609 3032 2661 quam
3046 2597 3143 2649 alii
3163 2612 3177 2649 :
3192 2599 3329 2662 quia
3343 2601 3493 2648 etiam

1892 2668 2089 2720 osculo
2113 2667 2367 2719 tradidit.
2394 2666 2577 2718 Nolite
2604 2667 2914 2731 astimare,
2941 2668 3164 2732 fratres,
3196 2674 3261 2720 ut
3283 2669 3364 2720 illi
3392 2668 3493 2733 qui

1891 2738 1965 2788 ad
1988 2737 2486 2788 conversationem
2514 2737 2774 2788 veniunt.
2798 2737 3131 2788 ethabitum
3146 2744 3364 2791 sancta
3381 2742 3503 2788 reli-

1891 2808 2080 2873 gionis
2103 2811 2433 2868 assumunt,
2460 2812 2662 2859 omnes
2688 2807 2804 2859 sint
2828 2808 3031 2871 sancti,
3056 2820 3257 2860 omnes
3279 2810 3399 2861 sint
3412 2822 3494 2862 re-

1889 2878 2097 2943 ligiosi.
2137 2881 2207 2930 Et
2243 2881 2272 2929 J
2282 2880 2426 2930 udas
2460 2878 2609 2930 inter
2636 2878 2942 2942 Aposlolos
2979 2880 3293 2943 Apostolus
3326 2885 3487 2933 erat:

1891 2950 2230 3013 sperabatur
2273 2948 2430 3012 quod
2462 2953 2698 2999 sanctus
2738 2952 2922 3000 esset:
2949 2953 3007 2999 et
3026 2950 3152 3013 ipse
3173 2949 3267 3001 fur
3287 2956 3408 3002 erat
3433 2956 3490 3002 et

1889 3018 2033 3072 latro
2059 3020 2242 3084 (Joan.
2270 3018 2395 3083 12.).
2421 3019 2532 3071 Sed
2556 3018 2845 3082 quomodo
2860 3031 2995 3070 eum
3017 3019 3280 3072 Christus
3304 3024 3492 3082 patien-

1890 3096 1979 3144 ter
2001 3091 2299 3154 sustinuit,
2324 3091 2405 3141 ita
2427 3091 2475 3141 si
2489 3103 2598 3141 nos
2610 3089 2833 3153 aliquos
2848 3090 3132 3142 habemus
3149 3093 3484 3158 simulatores,

1892 3162 1990 3226 qui
2014 3162 2252 3214 sedeant
2274 3160 2347 3212 ad
2368 3173 2631 3212 mensam
2643 3166 2919 3223 nostram,
2937 3160 3038 3224 qui
3054 3161 3169 3212 sint
3184 3162 3351 3213 nobis
3362 3178 3487 3212 con-

188 3229 536 3308 loquebatur
537 3232 615 3308 _in
638 3230 923 3308 idipsum_,_
936 3231 1085 3308 idest
1100 3244 1215 3282 uno
1243 3232 1500 3308 consilio,
1514 3244 1633 3308 una
1654 3245 1787 3308 con-
1815 3238 1862 3308 C
1886 3233 2101 3308 juncti:
2123 3232 2391 3308 inosculo
2412 3231 2569 3308 pacis
2597 3231 2996 3308 aquanimiter
3007 3232 3271 3295 exemplo
3288 3234 3485 3308 nemini

189 3302 522 3365 spiratione.
536 3304 619 3354 De
643 3303 854 3354 talibus
872 3303 1008 3354 dicit
1030 3302 1371 3366 Apostolus:
1390 3304 1438 3352 A
1454 3303 1621 3353 nobis
1636 3303 1787 3354 exie-

187 3376 347 3431 runt,
368 3373 472 3424 sed
496 3385 614 3424 non
637 3377 801 3424 erant
820 3385 894 3424 ex
915 3374 1080 3424 nobis
1107 3372 1173 3433 (1.
1199 3373 1361 3423 Joan.
1398 3371 1489 3435 2.).
1510 3373 1792 3425 Siveintus

189 3445 329 3505 sint,
355 3443 476 3495 sive
489 3444 642 3506 foris,
657 3456 885 3507 semper
902 3444 1011 3494 hoc
1028 3444 1360 3506 loquuntur,
1381 3443 1533 3505 quod
1550 3444 1793 3506 pertinet

186 3514 265 3567 ad
290 3514 623 3579 vanitatem,
645 3519 702 3565 et
725 3527 950 3578 semper
971 3519 1322 3577 congregant
1338 3514 1447 3565 sibi
1471 3516 1790 3574 iniquitatem

187 3589 250 3636 et
273 3584 722 3636 damnationem.
750 3584 911 3636 Multi
930 3590 1068 3635 sunt
1091 3584 1249 3635 intus
1270 3597 1520 3647 corpore,
1558 3589 1617 3635 et
1651 3583 1790 3635 foris

192 3656 365 3707 corde
391 3672 403 3705 :
438 3655 589 3707 sicut
624 3655 695 3706 de
725 3655 1073 3718 quibusdam
1110 3655 1382 3706 Israelitis
1407 3655 1631 3712 dicitur,
1657 3655 1792 3718 quia

189 3726 361 3778 corde
374 3727 590 3778 reversi
604 3730 745 3777 sunt
775 3726 834 3776 in
852 3728 1162 3790 Egyptum
1189 3726 1383 3789 (Exod.
1411 3725 1534 3788 16.).
1564 3728 1633 3777 Et
1654 3724 1791 3777 alibi

189 3797 333 3848 dicit
351 3796 589 3859 quidam
617 3796 676 3847 in
702 3797 925 3860 psalmo
943 3814 954 3845 :
971 3798 1149 3847 Etcor
1169 3808 1362 3847 meum
1389 3796 1791 3859 dereliquitme

191 3867 354 3931 (Psal.
370 3867 497 3931 39.).
514 3868 787 3930 Quisquis
802 3872 996 3919 mente
1016 3872 1256 3931 vagatur
1278 3866 1539 3917 etinania
1556 3867 1790 3931 cogitat,

186 3939 315 4002 ipse
336 3938 492 3989 foras
515 3938 820 4002 egreditur.
836 3939 892 3991 Si
912 3942 1103 3989 autem
1121 3938 1179 3988 id
1209 3938 1366 4001 quod
1393 3936 1596 3989 inutile
1619 3943 1677 3989 et
1693 3951 1788 3990 vae

188 4021 334 4061 num
368 4013 475 4068 est,
513 4022 611 4060 cor
630 4014 897 4060 nostrum
920 4008 1329 4060 delectabiliter
1350 4009 1678 4069 meditatur,
1711 4008 1791 4059 id-

184 4084 384 4145 lpsum
407 4080 674 4144 etlingua
685 4083 883 4132 nostra
897 4080 1142 4131 libenter
1156 4078 1425 4142 loquitur.
1445 4080 1544 4129 Vis
1564 4081 1705 4129 scire
1717 4079 1789 4131 de

184 4152 382 4215 fratre,
403 4150 573 4214 quale
598 4164 694 4203 cor
715 4151 924 4202 habet?
960 4151 1207 4202 Attende
1233 4149 1386 4200 unde
1415 4149 1687 4201 libentius
1711 4152 1789 4200 lo-

187 4225 418 4287 quatur.
463 4225 549 4273 Ex
590 4221 945 4273 abundantia
986 4221 1139 4272 enim
1187 4219 1375 4271 cordis
1425 4233 1490 4270 os
1536 4221 1791 4283 loquitur

189 4292 403 4358 (Matth.
433 4290 558 4353 12.).
580 4295 650 4344 Et
673 4294 861 4344 bonus
874 4292 1044 4343 homo
1060 4290 1134 4342 de
1147 4291 1298 4341 bono
1310 4290 1583 4340 thesauro
1599 4290 1789 4341 cordis

187 4363 285 4415 sui
296 4362 509 4427 profert
520 4364 689 4425 bona,
702 4368 760 4415 et
775 4364 962 4415 malus
973 4362 1147 4413 homo
1159 4361 1228 4411 de
1238 4361 1390 4412 malo
1410 4361 1676 4411 thesauro
1688 4376 1791 4409 cor-

187 4434 282 4485 dis
325 4434 418 4485 sui
451 4434 666 4497 profert
692 4433 845 4486 mala
891 4434 1080 4497 (Ibid.).
1108 4431 1531 4494 Custodiamus,
1562 4430 1786 4495 fratres,

186 4505 490 4556 introitum
514 4513 790 4571 nostrum,
803 4518 1144 4557 maneamus
1167 4504 1339 4566 intus,
1358 4506 1696 4565 etmagnam
1713 4515 1788 4554 ex

182 4575 522 4665 i‘stisverbis
536 4577 824 4665 attendam
832 4590 901 4628 us
913 4576 1351 4665 adificationem
1365 4578 1639 4665 nostram;
1649 4575 1789 4665 Prius
1806 4593 1862 4665 D

183 4646 351 4710 dixit,
378 4648 800 4712 Ingrediebatur,
817 4661 923 4699 nec
934 4647 1100 4711 dixit,
1117 4651 1181 4697 ut
1202 4652 1413 4711 ageret,
1429 4645 1528 4695 sed
1548 4643 1784 4695 videret:

176 4719 306 4783 jam
338 4722 575 4770 notatur
616 4720 844 4783 vagatio
883 4718 1180 4770 oculorum
1201 4722 1260 4768 et
1288 4716 1605 4768 curiositas.
1633 4715 1785 4778 quod

184 4790 399 4841 vitium
413 4791 776 4842 vehementer
789 4790 933 4842 solet
944 4802 1146 4841 nocere
1159 4788 1471 4851 conversis,
1486 4786 1634 4837 Audi
1645 4789 1785 4834 aliud

185 4860 400 4912 vitium
437 4878 450 4908 :
505 4860 662 4910 Vana
698 4860 1028 4925 loquebatur.
1057 4859 1204 4911 Audi
1233 4859 1503 4911 tertium:
1534 4857 1637 4908 Cor
1674 4857 1788 4921 ejus

183 4932 529 4995 congregavit
543 4932 660 4996 iniq
670 4934 886 4981 uitatem
896 4931 1015 4983 sibi.
1032 4933 1322 4983 Perversa
1335 4929 1706 4993 cogitationes
1718 4943 1789 4976 se-

182 5008 445 5069 paranta
470 5005 586 5055 Deo
609 5004 763 5068 (Sap.
790 5002 879 5066 1.).
904 5004 1045 5055 Hac
1066 5002 1178 5054 tria
1200 5001 1392 5052 studia
1415 5004 1552 5051 sunt
1574 4999 1788 5051 otioso-

184 5087 320 5126 rum
342 5074 403 5125 in
432 5073 709 5126 claustro:
727 5075 953 5138 vagatio
969 5072 1286 5135 oculorum,
1307 5070 1673 5135 superﬂuitas
1684 5085 1789 5117 ver-

183 5146 415 5210 borum,
452 5146 798 5209 perversitas
833 5145 1269 5209 cogitationum.
1316 5145 1453 5194 Hac
1489 5142 1593 5192 tria
1647 5141 1788 5191 vitia

184 5217 432 5281 ejiciunt
475 5217 708 5269 fratrem
741 5217 813 5268 de
857 5218 1124 5268 claustro.
1164 5215 1252 5266 Ad
1284 5214 1393 5266 hoc
1414 5219 1608 5265 autem
1635 5212 1786 5262 foras

181 5287 434 5340 libenter
447 5288 753 5352 egreditur,
765 5292 831 5339 ut
841 5288 1161 5339 vanitatem
1174 5299 1345 5348 quam
1360 5286 1417 5335 in
1430 5284 1599 5336 corde
1610 5288 1785 5344 gestat,

187 5363 358 5411 extra
392 5358 661 5410 licentius
689 5358 888 5410 videat
910 5363 967 5409 et
987 5358 1273 5421 loquatur.
1301 5358 1584 5419 Egressus
1607 5356 1636 5406 J
1645 5352 1788 5405 udas

180 5429 466 5493 loquutus
516 5435 604 5481 est
633 5429 707 5480 ad
740 5429 974 5481 Judaos
1020 5429 1160 5493 (Luc.
1192 5426 1316 5489 22.).
1357 5426 1466 5478 Sed
1490 5425 1629 5489 quid
1656 5425 1736 5476 illi
1763 5430 1790 5478 ?

181 5501 491 5552 Adversum
513 5515 597 5549 me
618 5498 979 5549 susurrabant
1001 5513 1183 5548 omnes
1205 5497 1421 5546 inimici
1446 5498 1550 5545 mci
1571 5497 1787 5546 :adver—

180 5587 308 5622 sum
332 5586 417 5620 me
432 5570 739 5634 cogitabant
763 5569 909 5619 mata
922 5570 1080 5620 mihi.
1097 5571 1237 5631 Qua
1249 5568 1494 5619 adversa
1510 5570 1633 5616 mihi
1647 5574 1789 5617 erant

179 5648 239 5696 et
258 5642 492 5702 novica,
519 5642 752 5693 secretis
775 5639 1029 5692 consiliis
1050 5645 1107 5692 et
1122 5638 1564 5703 cogitationibus
1587 5639 1791 5702 exqui-

182 5716 406 5768 rebant.
438 5712 741 5764 Timebant
764 5712 938 5775 enim,
964 5724 1037 5763 ne
1068 5711 1213 5762 forte
1237 5711 1523 5761 tumultus
1548 5710 1706 5761 ﬁeret
1727 5710 1789 5761 in

180 5785 398 5853 populo
425 5784 634 5847 (Matth.
661 5781 790 5845 26.).
814 5781 1115 5853 Sciendum
1132 5785 1326 5833 autem
1341 5785 1448 5841 est,
1466 5780 1602 5843 quia
1615 5796 1788 5830 susur-

179 5852 310 5911 i'are
323 5866 607 5919 magnum
617 5858 914 5919 peccatum
926 5856 1035 5905 est.
1048 5852 1196 5904 Hinc
1206 5864 1306 5917 per
1316 5853 1582 5912 quemdam
1595 5853 1790 5914 sapien-

1890 3304 2073 3355 nostri
2095 3301 2372 3355 tolerandi
2395 3304 2563 3354 sunt:
2599 3301 2733 3365 quia
2756 3301 2855 3365 qui
2880 3303 3093 3354 malum
3115 3314 3232 3354 non
3260 3302 3485 3368 tolerat,

1888 3375 2010 3441 ipse
2035 3387 2136 3440 per
2156 3373 2577 3438 impatientiam
2605 3386 2771 3424 suam
2796 3373 2905 3424 sibi
2923 3373 3088 3424 testis
3099 3378 3208 3438 est,
3234 3375 3487 3438 quiabo—

1889 3459 2002 3498 nus
2024 3458 2142 3497 non
2175 3450 2279 3497 est.
2306 3444 2469 3505 Quod
2493 3445 2542 3495 si
2567 3444 2774 3508 aliquis
2798 3444 2931 3495 talis
2956 3444 3238 3507 patienter
3261 3458 3295 3496 a
3314 3446 3485 3498 nobis

1890 3517 2199 3568 toleratur:
2234 3515 2316 3566 illi
2351 3514 2585 3578 quidem
2620 3515 3030 3566 detrimentum
3063 3527 3341 3579 magnum
3374 3520 3485 3580 est,

1888 3588 2053 3639 nobis
2068 3592 2263 3639 autem
2280 3591 2512 3651 propter
2527 3585 2796 3638 virtutem
2812 3586 3104 3649 patientia
3120 3600 3331 3650 magna
3343 3600 3490 3640 mer-

1887 3671 1983 3709 ces
2007 3671 2041 3710 a
2066 3658 2310 3710 Domino
2335 3657 2626 3710 reddetur.
2650 3656 2803 3708 Scire
2823 3660 3017 3708 autem
3043 3657 3322 3709 debemus
3348 3658 3486 3721 quia

1888 3729 2331 3780 sicutlaudabile
2355 3727 2524 3779 valde
2539 3730 2649 3786 est,
2675 3730 2735 3778 et
2749 3726 2821 3777 ad
2836 3739 3105 3791 magnam
3128 3729 3482 3787 perfectionem

1888 3800 2362 3863 pertinetbonum
2378 3811 2507 3849 esse
2520 3799 2670 3850 inter
2680 3797 2865 3848 malos
2881 3813 2892 3847 :
2911 3797 2991 3848 ita
3005 3799 3323 3850 econtrario
3338 3801 3486 3848 valde

1888 3869 2226 3921 detestabile
2249 3874 2355 3929 est,
2378 3874 2434 3920 et
2446 3869 2518 3920 ad
2538 3880 2808 3932 magnam
2827 3868 3255 3932 perversitatem
3273 3872 3489 3930 pertinet

1887 3941 2103 3992 malum
2136 3953 2266 3992 esse
2299 3940 2448 3991 inter
2472 3940 2675 3990 bonos.
2699 3940 2744 3990 Ο
2769 3951 2945 4001 quam
2974 3939 3291 4002 gloriosum
3316 3944 3406 3991 est
3428 3944 3488 3992 et

1887 4010 2236 4074 acceptabile
2261 4011 2395 4071 Deo,
2431 4009 2479 4060 si
2510 4010 2662 4059 intra
2684 4008 2900 4059 multos
2925 4009 3201 4072 superbos
3231 4023 3385 4061 unus
3397 4014 3489 4062 est

1886 4079 2142 4141 humilis,
2164 4084 2318 4131 intra
2342 4080 2555 4130 multos
2566 4078 2873 4129 iracundos
2888 4092 3038 4130 unus
3054 4084 3147 4131 est
3161 4080 3337 4143 mitis,
3356 4083 3488 4130 intra

1887 4150 2103 4201 multos
2123 4150 2455 4201 luxuriosos
2478 4161 2634 4200 unus
2657 4153 2748 4200 est
2769 4154 2984 4209 castus,
2999 4150 3150 4202 intra
3174 4151 3389 4202 multos
3406 4152 3489 4202 in-

1888 4222 2183 4273 ordinatos
2194 4233 2348 4271 unus
2364 4219 2797 4282 estreligiosus!
2824 4221 2910 4270 Ita
2932 4220 3106 4271 nimis
3128 4226 3294 4285 turpe
3319 4226 3407 4272 est
3427 4227 3488 4273 et

1887 4293 2386 4345 vehementerDeo
2410 4289 2690 4353 displicet,
2714 4302 2845 4339 cum
2868 4289 3018 4340 intra
3036 4290 3254 4341 multos
3268 4293 3487 4339 humiles

1887 4376 2044 4414 unus
2066 4367 2155 4413 est
2176 4362 2478 4425 superbus,
2498 4361 2645 4410 intra
2667 4358 2883 4410 multos
2900 4362 3090 4410 castos
3108 4372 3261 4410 unus
3279 4364 3369 4410 est
3384 4360 3486 4410 im-

1887 4434 2160 4495 mundus,
2174 4433 2231 4483 in
2239 4438 2323 4483 tra
2345 4431 2560 4481 multos
2574 4433 2908 4480 mansuetos
2922 4441 3073 4479 unus
3085 4432 3324 4480 estiracu
3332 4432 3396 4477 nd
3407 4446 3486 4492 us,

1886 4505 2036 4555 intra
2056 4504 2271 4555 multos
2286 4502 2585 4565 religiosos
2602 4512 2755 4550 unus
2767 4504 2857 4550 est
2870 4511 3197 4562 perversus.
3210 4498 3486 4550 Toleran-

1888 4574 1998 4626 dus
2017 4577 2122 4633 est,
2149 4574 2284 4637 quia
2298 4572 2584 4623 Dominus
2604 4570 2877 4634 pracepit
2902 4588 2913 4617 :
2944 4569 3043 4620 sed
3070 4569 3194 4633 ipse
3218 4569 3361 4621 iram
3382 4570 3486 4621 Dei

1886 4659 2003 4698 non
2037 4646 2287 4709 effugiet.
2324 4646 2393 4695 Et
2416 4643 2568 4694 sicut
2594 4643 2784 4693 bonus
2812 4653 2913 4704 pro
2939 4653 3047 4692 sua
3067 4640 3337 4692 laudabili
3358 4653 3487 4706 per-

1884 4717 2126 4769 fectione
2162 4716 2437 4778 majorem
2472 4725 2648 4777 quam
2682 4711 2875 4764 cateri
2902 4711 3167 4764 homines
3190 4713 3422 4777 recipiet
3453 4724 3490 4764 a

1884 4789 2126 4839 Domino
2157 4785 2629 4838 retributionem:
2656 4783 2735 4835 ita
2768 4786 2826 4834 et
2863 4795 2995 4834 cum
3031 4783 3184 4835 Juda
3214 4784 3489 4836 traditore

1884 4860 2162 4921 majorem
2180 4860 2514 4920 recepturus
2526 4857 2616 4906 est
2629 4854 3076 4906 damnationem.
3095 4856 3490 4921 Magniﬁcavit

1885 4931 2037 4982 enim
2073 4941 2243 4992 super
2276 4928 2568 4980 Christum
2602 4922 2750 4993 |95
2779 4926 3325 4990 supplantationem,
3350 4927 3491 4990 quia

1886 5002 2142 5053 membra
2184 4999 2311 5063 ejus
2349 5011 2384 5049 a
2426 4999 2576 5049 bono
2622 4996 2914 5063 proposito
2959 4997 3181 5049 studuit
3210 5009 3484 5062 perverso

1885 5071 2149 5135 exemplo
2185 5083 2292 5121 suo
2337 5068 2725 5134 supplantare.
2761 5068 3022 5119 Christus
3048 5073 3242 5120 tamen
3267 5081 3385 5120 non
3418 5081 3482 5120 se

1885 5142 2057 5194 modo
2091 5141 2364 5205 vindicat,
2392 5140 2495 5192 sed
2523 5142 2803 5205 patienter
2826 5138 3029 5191 tolerat
3051 5141 3109 5190 et
3131 5143 3273 5190 orat.
3308 5141 3374 5190 In
3396 5139 3486 5190 fu-

1886 5220 2015 5265 turo
2048 5216 2244 5264 tamen
2275 5211 2426 5263 mala
2456 5224 2588 5274 qua
2618 5210 2848 5271 faciunt,
2888 5209 2998 5260 nisi
3036 5210 3211 5262 modo
3235 5210 3490 5273 resipue-

1883 5284 2017 5345 rint,
2040 5284 2209 5335 malis
2229 5288 2324 5335 est
2351 5282 2698 5335 redditurus.
2727 5282 2796 5332 Et
2816 5280 2942 5331 ideo
2966 5279 3140 5332 dicit:

1950 5354 2034 5408 11.
2078 5356 2155 5404 Tu
2199 5360 2399 5418 autem,
2446 5352 2695 5412 Domine,
2733 5351 2979 5399 miserere
3007 5350 3133 5410 mei,
3160 5355 3206 5399 et
3233 5349 3489 5399 resuscita

1886 5440 1988 5487 me,
2019 5430 2064 5475 et
2102 5425 2400 5475 retribuam
2437 5424 2529 5475 eis.
2574 5424 2650 5475 Ut
2690 5422 2799 5474 hoc
2841 5421 2916 5471 sit
2951 5420 3223 5480 misereri,
3249 5424 3315 5472 ut
3339 5432 3490 5472 mea

1886 5500 2071 5548 morte
2102 5497 2435 5547 resuscites:
2462 5500 2507 5542 et
2531 5491 2825 5543 retribuam
2848 5492 2922 5541 eis
2943 5490 3005 5543 in
3029 5490 3240 5542 futuro.
3266 5491 3484 5543 Omnes

1886 5572 2020 5620 ante
2045 5565 2288 5617 tribunal
2305 5564 2513 5616 Christi
2536 5563 2876 5627 astabimus,
2892 5561 3168 5614 rationem
3186 5562 3484 5625 reddituri,

1886 5645 1946 5690 et
1989 5636 2269 5700 recepturi
2310 5634 2630 5686 secundum
2667 5634 2823 5698 quod
2857 5632 3262 5696 unusquisque
3310 5634 3495 5698 gessit

1886 5711 1947 5762 in
1980 5719 2236 5772 corpore,
2274 5706 2399 5757 sive
2432 5706 2649 5756 bonum
2687 5704 2812 5757 sive
2853 5704 3073 5757 malum
3110 5702 3181 5768 (2.
3225 5704 3346 5754 Cor.
3393 5703 3488 5768 5.).

1887 5784 2081 5832 autem
2096 5777 2231 5841 quia
2240 5775 2606 5828 resuscitabit
2626 5787 2741 5828 me.
2766 5777 2838 5827 Et
2858 5775 3017 5841 ponit
3040 5787 3311 5827 caussam
3331 5776 3490 5828 unde

1888 5852 2052 5913 sciat,
2088 5860 2220 5901 cum
2247 5847 2376 5912 subj
2387 5846 2547 5915 ungit
2570 5862 2583 5898 :
