3908 6232
484 365 592 421 803

1546 351 1813 405 RUFINO
1849 350 2311 402 PRESBYTERO
2340 348 2726 401 ASCRIPTUS

3701 344 3808 398 804

544 473 631 530 1‘2.
677 473 744 522 In
769 470 866 520 hoc
889 468 1110 532 cognovi
1133 466 1401 532 quoniam
1426 465 1643 514 voluisti
1666 478 1750 512 me
1772 483 1785 513 :
1813 463 2078 527 quoniam
2107 467 2160 540 Α
2178 464 2382 540 ςξξιιαιιία
2424 477 2539 535 qua?
2578 462 2717 540 intus
2740 464 2874 519 sunt,
2902 459 3280 540 iptelligantur.
3303 458 3473 540 Heg-ni
3504 464 3803 540 aggregent;

481 562 597 596 non
621 542 872 609 gaudebit
895 540 1154 589 inimicus
1169 552 1317 586 meus
1339 552 1501 600 super
1526 550 1627 586 me.
1647 535 1941 597 Quasi(Em
1963 536 2079 583 Au-

477 606 823 683 gustino)me
850 616 1132 675 superato.
1149 608 1293 683 Quia
1303 608 1486 683 gavisi
1513 611 1652 683 sunt
1665 606 2080 683 Judmi,quando

478 675 749 741 viderunt
772 683 1062 734 Christum
1082 680 1436 731 cruciﬁxum.
1452 677 1725 740 lmplesse
1751 689 1813 726 se
1824 675 2078 726 arbitrati

481 764 619 810 sunt
643 757 999 808 voluntatem
1034 750 1297 814 nocendi,
1330 759 1347 777 ·
1372 749 1574 799 eﬁ‘ecto
1598 749 1789 798 fructu
1814 747 2076 798 saavitim.

480 830 762 880 Viderunt
784 824 1074 875 Christum
1099 824 1155 872 in
1182 834 1351 871 cruce
1384 820 1747 883 pendentem,
1772 821 2082 868 moverunt

477 905 667 964 caput,
699 897 955 949 dicentes
980 909 991 943 :
1021 894 1075 945 Si
1092 892 1269 964 Filius
1285 892 1381 964 Dei
1406 903 1487 951 es,
1513 888 1797 964 descende
1822 890 1891 964 de
1910 901 2078 964 cruce

480 958 690 1033 (Matth.
712 965 837 1026 ‘27.).
862 966 988 1015 Non
1008 963 1414 1019 descendebat,
1443 960 1540 1033 qui
1564 962 1803 1033 poterat.
1828 959 1957 1033 Non
1973 958 2077 1033 im:

478 1027 793 1104 potentiam
811 1033 1263 1091 demonstrabat,
1283 1033 1383 1104 sed
1405 1029 1737 1104 patientiam
1749 1027 2008 1104 docebat.
2030 1028 2077 1104 Si

477 1096 632 1161 enim
663 1108 788 1158 haec
816 1105 928 1155 illis
946 1102 1373 1163 dicentibus,de
1392 1112 1558 1150 cruce
1579 1096 2077 1158 descenderet,his

479 1181 648 1244 quasi
666 1176 1080 1228 insultantibus
1102 1171 1674 1244 cessissevideretur,
1687 1173 1745 1220 et
1761 1169 1969 1244 victus,
1982 1182 2076 1244 op-

476 1237 705 1316 probria
750 1247 1151 1316 tolerareﬂnon
1200 1242 1460 1316 potuisse
1505 1241 1851 1316 crederetur.
1896 1237 2078 1300 Magis

477 1308 693 1371 inansit
715 1318 773 1368 in
797 1329 966 1367 cruce
988 1315 1101 1365 illis
1121 1312 1557 1373 insultantibus,
1578 1311 1733 1361 ﬁxus
1752 1308 1863 1359 illis
1879 1313 2080 1359 nutan—

460 1392 660 1442 tibus.
698 1389 832 1439 Ideo
872 1388 1025 1438 enim
1059 1390 1232 1448 caput
1265 1383 1582 1446 agitabant,
1607 1381 1741 1443 quia
1763 1379 1930 1443 capiti
1960 1392 2078 1429 non

478 1460 795 1512 hmrebant.
822 1456 1027 1508 Docuit
1044 1468 1153 1505 nos
1177 1455 1342 1517 plane
1370 1452 1725 1516 patientiam.
1750 1452 1894 1500 Nam
1923 1448 2078 1511 quod

482 1537 573 1584 est
598 1531 816 1586 fortius,
847 1529 994 1588 fecit,
1019 1528 1116 1590 qui
1142 1526 1325 1577 noluit
1352 1524 1533 1574 facere
1558 1522 1712 1585 quod
1729 1521 1917 1572 Judaei
1949 1533 2079 1584 pro-

482 1603 787 1655 vocabant.
804 1601 981 1655 Multo
1001 1604 1089 1649 est
1102 1597 1255 1648 enim
1279 1595 1571 1659 potentius
1596 1593 1667 1644 de
1692 1591 1952 1656 sepulcro
1968 1606 2077 1638 sur-

481 1686 634 1738 gere,
669 1684 842 1735 quam
865 1670 936 1721 de
962 1682 1129 1720 cruce
1154 1665 1807 1738 descendere._0_uoniam
1819 1678 1931 1711 non
1944 1677 2079 1738 _gau_-

482 1732 619 1794 debit
641 1732 900 1791 iriimicus
924 1755 1071 1789 meus
1094 1753 1256 1803 super
1278 1752 1379 1788 mc.
1404 1736 1596 1787 Gavisi
1622 1738 1761 1785 sunt
1775 1746 1927 1795 ergo,
1944 1732 2078 1783 l’sed

482 1814 800 1868 resurrexit
819 1813 1100 1873 Christus,
1116 1809 1470 1873 gloriﬁcatus
1482 1803 2081 1857 estChrislus.Vident

480 1886 654 1937 modo
692 1886 749 1934 in
778 1883 1008 1934 nomine
1051 1883 1178 1944 ejus
1208 1878 1468 1930 converti
1500 1889 1687 1945 genus
1718 1876 2074 1926 humanum:

482 1956 655 2007 modo
679 1953 976 2016 insultent,
1004 1952 1174 2003 modo
1199 1955 1374 2014 caput
1387 1948 1623 2012 agitent,
1647 1947 1763 1997 imo
1778 1946 1900 2010 jam
1911 1948 2085 2009 caput

484 2027 735 2151 “ﬂagitia
753 2098 932 2143 autem
953 2088 1556 2157 propterinnorenliam
1574 2085 1865 2148 suscepisti.
1884 2086 1972 2136 Me
1988 2085 2086 2134 ﬂa-

478 2167 753 2232 gellatam
795 2164 919 2215 sine
943 2163 1160 2219 merito,
1194 2161 1451 2232 occisum
1474 2158 1599 2232 sine
1622 2157 1833 2232 debito,
1860 2160 2088 2232 propter

479 2227 888 2294 innocentiam,
930 2238 1160 2296 propter
1201 2229 1623 2290 integritatem,
1664 2227 1789 2277 sine
1829 2230 2086 2289 peccato,

484 2304 792 2368 suscepisti
803 2302 1152 2361 sanandum,
1166 2298 1653 2363 quemadmodum
1665 2296 1925 2368 medicus
1937 2310 2090 2355 aegro-

480 2382 621 2429 tum.
658 2366 727 2423 Et
766 2373 1102 2435 conﬁrmasti
1144 2385 1247 2433 me,
1288 2370 1491 2420 Dando
1518 2366 2006 2418 immortalitatem
2030 2368 2089 2416 et

478 2444 1016 2510 impassibilitatem.
1044 2442 1103 2489 In
1136 2443 1555 2510 conspectutuo.
1609 2439 1673 2510 in
1704 2437 2007 2500 majestate
2031 2438 2088 2485 et

478 2508 786 2569 divinitate
812 2520 924 2565 tua.
953 2513 1021 2561 In
1041 2516 1315 2560 aeternum.
1337 2509 1480 2570 Quia
1492 2508 1755 2559 Christus
1780 2519 2086 2571 resurgens

480 2600 553 2639 ex
599 2585 845 2637 mortuis
890 2585 1011 2646 jam
1044 2594 1163 2633 non
1199 2580 1458 2642 moritur,
1502 2591 1660 2629 mors
1683 2576 1761 2628 illi
1796 2578 1947 2628 ultra
1968 2587 2087 2627 non

486 2656 877 2709 dominabitur
925 2654 1099 2717 (Rom.
1147 2651 1238 2713 6.).
1276 2652 1420 2701 Ecce
1445 2652 1675 2712 prapter
1697 2647 2087 2698 innocentiam

481 2728 745 2778 Christus
770 2724 1101 2787 suscipitur,
1130 2719 1510 2784 susceptusin
1526 2719 2089 2770 mternumconﬂrma-

483 2802 594 2850 tur.
622 2796 928 2851 Attendite,
962 2793 1188 2849 fratres,
1214 2791 1309 2842 via
1324 2790 1398 2842 ad
1424 2789 1734 2840 Dominum
1758 2787 2090 2839 innocentia

484 2872 591 2920 est.
617 2868 765 2918 Hinc
794 2865 903 2917 alio
938 2863 1158 2928 psalmo
1180 2862 1493 2925 qumsitum
1524 2864 1630 2911 est.
1665 2860 1804 2921 Quis
1817 2858 2088 2910 ascendet

486 2939 547 2989 in
600 2941 859 2989 montem
884 2933 1147 2986 Domini?
1193 2934 1261 2982 Et
1284 2931 1560 2983 continuo
1584 2930 1651 2982 ad
1655 2930 1927 2993 junctum
1954 2932 2078 2979 est:

487 3011 769 3060 lnnocens
814 3006 1084 3057 manibus
1111 3005 1169 3055 et
1195 3002 1412 3053 mundo
1445 3001 1614 3052 corde
1645 3000 1811 3062 (Psat.
1837 2997 1960 3062 '23.).
1989 2999 2086 3049 Ille

486 3079 769 3130 innocens
796 3082 904 3139 est,
929 3077 1026 3139 qui
1050 3086 1158 3126 nec
1182 3073 1293 3124 sibi
1318 3077 1508 3135 nocet,
1541 3084 1649 3123 nec
1672 3070 1851 3123 alteri.
1877 3072 2085 3120 Atten-

488 3150 698 3201 damus
736 3148 911 3211 igitur
939 3150 1109 3210 caput
1143 3150 1408 3196 nostrum
1441 3144 1500 3194 in
1535 3142 1864 3193 inﬁrmitate
1887 3144 2086 3191 nostra

483 3221 755 3285 positum.
780 3221 989 3270 Beatus
1012 3217 1165 3268 enim
1178 3216 1276 3279 qui
1300 3213 1570 3277 intelligit
1588 3225 1761 3276 super
1772 3223 2021 3285 egenum
2035 3217 2082 3259 et

482 3282 789 3355 pauperem
815 3304 828 3340 :
855 3294 913 3341 et
935 3287 1297 3339 discamusin
1320 3285 1414 3336 illo
1438 3287 1711 3336 virtutem
1733 3282 2081 3333 innocentia:

481 3363 581 3426 qui
604 3375 738 3414 cum
760 3360 1213 3416 malediceretur,
1239 3370 1357 3408 non
1382 3355 1758 3426 maledicebat
1783 3369 1795 3404 :
1823 3366 1955 3426 cum
1980 3365 2080 3426 pa-

482 3423 722 3495 teretur,
752 3444 869 3482 non
902 3429 1362 3480 comminabatur
1388 3444 1398 3474 :
1428 3425 1689 3476 tradebat
1711 3429 1906 3495 autem
1924 3423 2080 3495 judi-

482 3503 636 3555 canti
661 3516 722 3553 se
744 3502 960 3563 injuste
985 3499 1054 3562 (1.
1083 3500 1217 3547 Petr.
1241 3496 1334 3559 2.).
1362 3498 1663 3557 Tanquam
1685 3495 1812 3545 ovis
1841 3494 1913 3545 ad
1934 3494 2081 3544 occi-

482 3573 702 3623 sionem
716 3572 929 3621 ductus
941 3572 1049 3629 est,
1065 3573 1123 3618 et
1142 3568 1294 3617 sicut
1307 3578 1495 3629 agnus
1508 3578 1698 3615 coram
1714 3564 1989 3615 tondente
2005 3579 2075 3617 se.

480 3655 597 3694 non
630 3641 853 3706 aperuit
896 3652 960 3690 os
986 3650 1160 3688 suum
1199 3637 1345 3693 (Isai:
1372 3636 1476 3697 53).
1500 3637 1673 3685 Recte
1698 3647 1833 3706 ergo
1866 3634 1964 3693 ait,
1994 3635 2078 3706 Mc

477 3704 908 3776 autem‘propter
930 3708 1302 3757 innocentiam
1322 3706 1613 3769 suscepisti,
1643 3710 1702 3756 et
1724 3705 1852 3755 ideo
1875 3704 2076 3754 merito

480 3775 857 3835 conﬁrmatus
880 3785 971 3832 est
992 3780 1049 3830 in
1075 3784 1374 3830 aeternum.
1408 3779 1529 3827 Hoc
1554 3776 1701 3838 fecit,
1728 3776 1835 3825 hoc
1859 3775 2071 3835 docuit,

479 3854 628 3905 hanc
645 3855 772 3916 ejus
785 3850 1173 3902 innocentiam
1192 3852 1363 3913 prout
1374 3859 1705 3911 possumus,
1737 3842 1885 3912 |96
1904 3848 2075 3894 imite-

476 3937 610 3975 mur
633 3939 649 3972 :
688 3928 753 3973 ut
784 3936 902 3973 non
925 3925 1126 3985 regnet
1154 3921 1215 3969 in
1236 3918 1404 3970 nobis
1438 3922 1737 3981 peccatum
1765 3918 1935 3979 (ltom.
1974 3916 2073 3981 6.),

476 3999 542 4045 ut
575 4006 709 4046 cum
739 3993 923 4056 capite
947 3995 1146 4042 nostro
1171 3989 1382 4052 suscipi
1405 4001 1440 4039 a
1463 3990 1578 4038 Deo
1598 3989 1758 4038 Patre
1783 3990 1840 4038 et
1863 3988 2073 4037 confir-

473 4066 619 4118 mari
661 4075 986 4116 mereamur
1013 4062 1072 4112 in
1098 4066 1401 4113 aeternum.
1435 4061 1503 4110 Et
1531 4071 1605 4110 ne
1624 4058 1832 4123 ingrati
1866 4058 2072 4119 simus,

473 4148 716 4201 agamus
747 4135 797 4186 ei
825 4135 1041 4199 gratias
1064 4145 1162 4196 pro
1188 4131 1363 4182 tantis
1388 4130 1509 4181 suis
1536 4129 1847 4201 beneﬁciis,
1874 4133 1932 4201 et
1954 4133 2073 4180 toto

473 4200 661 4269 cOrde,
689 4211 809 4258 tota
832 4204 1137 4256 devotione
1150 4203 1411 4254 dicamus
1424 4201 1579 4264 quod
1598 4200 1891 4251 subditur:
1906 4200 2073 4248 Bene-

472 4280 645 4329 dictus
680 4277 948 4328 Dominus
980 4277 1121 4325 Deus
1154 4273 1336 4324 lsract.
1377 4273 1517 4324 Inde
1549 4272 1623 4322 sit
1655 4271 1990 4322 benedictus
2014 4275 2073 4321 et

473 4350 761 4412 laudatus,
788 4353 1065 4411 tanquam
1089 4345 1430 4405 dominator,
1465 4347 1686 4394 creator
1709 4342 1898 4403 lsrael,
1918 4341 2070 4392 idest

472 4421 793 4473 videntium
817 4432 953 4471 eum
975 4431 1075 4482 per
1097 4418 1290 4480 ﬁdem,
1310 4413 2068 4467 etcredentiumvidereeum

475 4506 574 4557 per
598 4492 847 4557 speciem
872 4505 884 4540 :
912 4490 1011 4552 qui
1033 4488 1365 4551 intelligunt
1390 4486 1600 4557 Filium
1617 4486 1744 4557 ejus
1772 4486 1952 4534 Deum
1964 4498 2070 4557 esse

473 4553 532 4615 et
553 4553 862 4615 hominem.
890 4563 958 4612 Et
973 4560 1082 4610 ista
1096 4558 1421 4610 benedictio
1434 4556 1669 4619 incipiat
1682 4553 1747 4603 ab
1758 4557 1852 4602 hoc
1861 4553 2065 4616 saeculo,

471 4640 529 4687 et
550 4635 718 4686 duret
741 4648 908 4697 usque
930 4634 995 4680 in
1020 4630 1272 4680 saeculum
1308 4627 1766 4680 subsecutivum.
1791 4626 1933 4685 Fiat,
1951 4626 2066 4687 ﬁat.

470 4707 576 4756 Hic
604 4705 849 4755 habetur
872 4704 932 4753 in
948 4703 1209 4764 Hebraeo,
1233 4701 1425 4761 Amen,
1449 4713 1627 4747 amen.
1654 4701 1794 4758 Qum
1820 4697 1965 4747 verti
1983 4709 2067 4746 re-

471 4775 700 4841 plicatio
744 4771 1204 4824 indissolubilem
1236 4770 1522 4841 signiﬁcat
1552 4767 2062 4841 conﬁrmationem.

470 4838 592 4906 Qua
607 4845 766 4896 verbi
788 4843 1123 4906 repetitione
1138 4842 1259 4905 ipse
1274 4840 1552 4892 Dominus
1568 4852 1712 4891 usus
1728 4838 1887 4890 estin
1900 4840 2065 4886 Evan-

469 4915 635 4982 gelio,
684 4913 783 4964 ubi
817 4914 896 4963 ait
923 4927 934 4961 :
967 4915 1174 4982 Amen,
1200 4923 1369 4962 amen
1407 4910 1534 4961 dico
1553 4910 1725 4982 vobis
1750 4909 1931 4966 (Joan.
1957 4907 2061 4970 3.):

469 4981 543 5038 ad
566 4982 1016 5036 conﬁrmandam
1032 4981 1299 5032 videlicet
1316 4981 1660 5032 sententiam
1684 4993 1867 5031 suam.
1883 4982 1949 5030 In
1963 4995 2064 5040 quo

469 5058 648 5109 donat
666 5056 834 5105 nobis
865 5051 1195 5114 intelligere,
1221 5052 1357 5115 quia
1371 5053 1525 5115 quod
1549 5052 1631 5103 sic
1654 5051 1863 5103 veritas
1876 5050 2065 5116 dupli-

469 5131 579 5191 cat,
612 5126 946 5178 constanter
972 5121 1237 5172 afﬁrmat.

787 5226 1152 5293 TITULUS
1198 5225 1518 5291 PSALMI
1561 5226 1736 5290 XLI.

534 5335 578 5383 1.
609 5334 701 5380 lste
723 5331 949 5391 psalmus
972 5326 1250 5375 intitulalur
1267 5327 1545 5391 hoe-modo,
1564 5324 1629 5372 In
1650 5323 2062 5391 ﬁncm,int_elle-

467 5398 579 5444 ctus
600 5388 739 5456 ﬁliis
756 5392 943 5441 Chore.
967 5392 1061 5456 Sic
1082 5396 1153 5437 est
1179 5390 1414 5456 titulusin
1431 5390 1892 5456 psalmo,quomodo
1904 5388 2062 5456 clavis

466 5458 521 5504 in
549 5450 710 5504 domo.
738 5457 874 5503 Sicut
896 5454 1031 5501 enim
1058 5452 1346 5511 perclavem
1374 5458 1620 5497 reseratur
1641 5452 1839 5511 domus,
1864 5455 1917 5496 ut
1939 5450 2062 5497 into-

467 5521 598 5566 riora
624 5518 890 5564 videantur
916 5534 928 5574 ;
962 5516 1029 5562 ita
1058 5528 1144 5574 per
1169 5515 1368 5561 titulum
1394 5513 1613 5572 aperitur
1632 5513 1873 5573 psalmus,
1893 5518 1943 5558 ut
1955 5511 2061 5570 spi-

527 5648 544 5668 ·
566 5639 851 5701 Vulgatus
875 5637 1269 5702 Augustinus,
1308 5634 1553 5700 e/fectum
1580 5636 1822 5699 fructum
1856 5634 2060 5683 saevitiae

464 5723 573 5757 suae
597 5708 848 5756 viderunt
872 5709 1169 5768 Christum,
1205 5710 1312 5759 etc.

528 5778 550 5805 ιι
577 5775 798 5825 Ibidem
834 5782 960 5826 tunc
990 5777 1199 5841 legitur
1230 5789 1332 5841 pro
1366 5777 1473 5840 sed,
1500 5775 1608 5827 sub
1632 5774 1743 5827 alia
1770 5774 1945 5826 etiam
1976 5773 2061 5824 in-

467 5844 878 5908 terpunctione.

2181 525 2286 587 (Ea:
2303 520 2621 585 Augustino)
2642 538 2717 570 res
2732 531 2801 570 est
2816 529 2869 570 ut
2883 521 3165 587 Christiani
3177 520 3619 587 appellentnrﬁlii
3632 522 3799 566 (lbere.

2182 583 2302 634 Dieti
2329 583 2446 633 sunt
2466 589 2599 633 enim
2631 585 2904 634 Christiani
2937 585 3034 631 lilii
3060 584 3327 631 Crucitixi.
3348 586 3443 630 Per
3458 583 3629 629 Chore
3643 590 3799 627 autem

2176 651 2420 708 accipitur
2445 650 2690 707 Christus,
2717 650 2838 705 quia
2864 649 3019 694 Chore
3047 648 3407 708 interpretatur
3437 643 3694 708 catggria
3716 660 3729 688 :
3760 653 3804 687 εξ

2179 712 2233 757 in
2261 703 2365 757 loco
2391 712 2628 758 Calvarim
2649 703 2920 756 cruciﬁxus
2945 714 3018 755 est
3039 709 3280 757 Christus
3308 706 3488 769 (Matt.
3527 703 3618 757 ‘27.
3643 706 3799 752 Mars.

2184 775 2256 822 l5.
2279 773 2407 822 Luc.
2424 775 2502 822 23.
2527 772 2690 819 Joan.
2719 773 2836 829 19.).
2860 772 3017 817 Locus
3049 783 3170 816 vero
3196 768 3473 826 ille,'sicut
3490 768 3701 827 quidam
3726 768 3803 811 di-

2177 842 2321 894 cunt,
2343 836 2455 881 ideo
2484 835 2701 880 calvaria
2723 834 3007 891 appellatus
3026 836 3118 889 est,
3145 833 3268 890 quia
3296 831 3365 877 rei
3392 832 3631 876 solebant
3653 831 3711 875 ibi
3730 831 3800 873 de

2177 898 2360 943 calvuri
2394 902 2440 943 et
2464 896 2915 954 decapitariJgilur
2939 895 3233 940 intellectus
3252 894 3347 938 iste
3371 906 3537 950 quem
3553 894 3795 949 sequentis

2178 959 2356 1016 psalmi
2373 972 2515 1005 voces
2529 958 2673 1004 nobis
2696 962 2955 1015 generant,
2974 956 3276 1002 attribuitur
3301 955 3435 1001 ﬁliis
3458 954 3797 1010 Charmides},

2178 1015 2299 1073 ﬁliis
2321 1021 2485 1068 crucis
2504 1036 2514 1066 :
2532 1020 2734 1066 directis
2761 1020 2810 1065 in
2837 1021 3006 1075 ﬁnem,
3026 1019 3077 1064 id
3109 1021 3183 1063 est
3207 1018 3270 1063 ad
3302 1029 3576 1063 summam
3603 1015 3798 1061 beatita-

2178 1082 2347 1128 dinem
2387 1081 3075 1139 perveniredesiderantibus.
3103 1079 3306 1125 Materia
3322 1079 3509 1135 justus
3531 1083 3609 1124 est
3632 1091 3797 1123 secun-

2179 1144 2298 1190 dum
2329 1150 2593 1202 utramque
2619 1144 2719 1189 vim
2744 1143 2946 1191 animae.
2974 1142 3061 1202 ἵει
3078 1141 3290 1188 materia
3316 1141 3610 1199 pntestdici
3630 1140 3799 1186 deside-

2178 1207 2310 1251 rium
2340 1194 2525 1252 summi
2552 1205 2685 1253 boni.
2712 1205 2768 1251 In
2790 1206 2949 1263 prima
2974 1194 3109 1261 parte
3130 1194 3425 1249 ostenditur
3442 1204 3623 1260 justus
3636 1214 3801 1247 secun-

2176 1268 2298 1314 dum
2345 1269 2444 1313 vim
2489 1268 2791 1326 superiorem
2830 1267 3015 1312 auimm
3048 1268 3200 1312 Deum
3244 1266 3572 1323 desiderare,
3597 1265 3798 1310 animus

2176 1331 2284 1375 sola
2325 1334 2570 1387 appetere,
2596 1329 2920 1375 adversitates
2960 1329 3116 1385 hujus
3147 1327 3264 1373 vita:
3289 1340 3395 1372 non
3429 1328 3632 1372 timere.
3661 1327 3707 1371 In
3733 1338 3798 1369 sa-

2176 1393 2343 1437 cunda
2373 1396 2508 1450 parte
2529 1405 2615 1449 per
2639 1391 2780 1437 illam
2809 1391 2911 1436 vim
2939 1390 3253 1447 superiorem
3286 1389 3669 1434 animalilalem
3691 1401 3801 1450 cen-

2174 1449 2384 1509 iortare,’
2416 1467 2531 1512 quae
2563 1454 2659 1499 cito
2693 1459 2920 1499 movetur
2942 1465 2971 1497 tt
2996 1452 3346 1497 tribulatione.
3392 1452 3509 1497 Vox
3539 1456 3615 1496 est
3656 1449 3796 1507 perie-

2174 1521 2368 1562 ctorum
2394 1528 2445 1561 se
2476 1517 2596 1561 hinc
2609 1516 2699 1561 hoc
2722 1514 2912 1572 psalmo
2929 1526 3015 1570 spe
3038 1514 3224 1560 futuras
3250 1513 3615 1559 beatitudinis
3642 1524 3803 1557 coms-a-

2178 1578 2407 1635 lautium,
2424 1582 2471 1623 et
2497 1577 2862 1623 tribulationem
2883 1576 3033 1631 hujus
3058 1575 3177 1621 νίιοθ
3205 1575 3471 1633 patienter
3492 1573 3797 1620 tolerantiam

2176 1640 2448 1686 Attendunt
2472 1639 2627 1697 enim,
2656 1651 2753 1683 non
2777 1651 2885 1683 esse
2921 1637 3203 1693 condignas
3225 1638 3514 1694 passiones
3534 1637 3797 1697 hujustem-

2178 1701 2315 1758 poris
2331 1701 2390 1747 ad
2405 1694 2839 1758 futuram'gloriam
2857 1713 2972 1757 qum
2986 1699 3296 1744 revelabitur
3310 1698 3367 1744 in
3389 1698 3553 1743 nobis
3572 1694 3793 1755 (Romﬁj.

2179 1764 2365 1809 Horum
2392 1763 2601 1808 intentio
2624 1766 2699 1808 est
2722 1774 2811 1807 nos
2840 1759 3045 1818 hortari,
3088 1765 3145 1805 ut
3178 1761 3233 1806 in
3259 1761 3691 1806 tribulationibus
3717 1772 3792 1816 p3-

2102 1827 2156 1901 B
2183 1826 2286 1884 siti,
2306 1825 2536 1901 Exemplo
2559 1837 2649 1870 suo
2684 1836 2774 1868 nos
2797 1823 2933 1901 ipsos
2956 1823 3297 1901 console‘m‘pr,
3322 1823 3557 1901 atquein
3578 1834 3791 1901 pressura

2184 1900 2270 1945 spe
2304 1886 2484 1932 futurae
2533 1884 2947 1931 remunerationis
2991 1897 3093 1930 non
3141 1884 3467 1932 deﬁciamus.
3496 1884 3789 1929 Desidet-ium

2190 1962 2342 1995 suum
2392 1948 2444 1993 in
2487 1947 2737 2006 principio
2765 1947 2963 2005 psalmi,
2987 1947 3079 2005 qui
3104 1947 3160 1991 in
3185 1946 3339 1991 ﬁnem
3364 1951 3581 1992 tendere
3608 1946 3791 1992 deside-

2185 2015 2312 2071 rant,
2349 2010 2423 2057 sic
2451 2015 2708 2068 exponunt
2732 2022 2745 2057 :
2769 2010 2873 2055 Vox
2904 2011 3270 2067 perfectorum:

2673 2138 3069 2203 PSALMUS
3110 2137 3289 2201 XLI.

2247 2256 2280 2310 ‘2
2324 2255 2789 2315 Quemadmodum
2819 2255 3082 2304 desiderat
3114 2269 3300 2303 cervus
3320 2253 3398 2302 ad
3418 2255 3601 2315 fontes
3624 2270 3787 2319 aqua-

2184 2343 2331 2390 rum,
2378 2328 2455 2375 ita
2506 2328 2767 2376 desiderat
2800 2327 2997 2374 anima
3039 2341 3161 2375 mea
3194 2326 3270 2373 ad
3306 2330 3371 2385 te,
3400 2326 3563 2375 Deus.
3591 2327 3794 2376 Dicitur

2184 2402 2391 2449 natura
2402 2411 2529 2449 esse
2542 2399 2713 2453 cervi.
2726 2403 2787 2449 ut
2803 2402 3128 2460 serpentem
3144 2397 3285 2446 ﬂatu
3300 2409 3411 2447 suo
3422 2397 3715 2458 extrahat,
3726 2404 3795 2443 al-

2186 2481 2297 2531 que
2316 2469 2507 2532 ipsum
2528 2469 2599 2519 ad
2623 2468 3054 2519 renovationem
3079 2480 3248 2518 suam
3265 2466 3792 2531 transglutiat.Quo

2184 2539 2473 2603 absorpto,
2490 2543 2538 2588 ta
2548 2544 2648 2589 nte.
2660 2539 2748 2588 siti
2765 2541 2990 2601 propter
3004 2549 3297 2588 venenum
3314 2538 3659 2599 inardescit,
3671 2538 3791 2598 quod

2185 2621 2299 2660 non
2351 2608 2557 2659 sufﬁcit
2611 2611 2660 2660 ei
2710 2608 2781 2659 de
2815 2621 2930 2659 uno
2968 2608 3125 2659 fonte
3163 2613 3421 2671 potasse,
3450 2607 3558 2659 sed
3581 2608 3659 2659 ad
3682 2608 3793 2671 plu—

2185 2692 2278 2730 res
2322 2682 2515 2730 currit.
2569 2680 2658 2731 Ad
2704 2680 2858 2730 hunc
2882 2679 3118 2730 modum
3146 2692 3209 2729 se
3234 2679 3507 2742 perhibet
3530 2680 3660 2730 haec
3683 2679 3794 2729 ani-

2184 2762 2280 2801 ma
2311 2746 2457 2817 |97
2495 2751 2937 2813 perfectaDeum
2955 2750 3345 2809 desiderasse,
3361 2749 3793 2807 dicens:Quem-

2185 2821 2500 2880 admodum,
2525 2821 2694 2882 idest,
2718 2834 2892 2884 quam
2914 2820 3205 2881 ardenter,
3223 2819 3593 2871 desideratet
3609 2822 3787 2867 festinat

2184 2903 2409 2951 cervus,
2424 2893 2696 2955 absorpto
2722 2894 3136 2955 serpente,non
3159 2890 3234 2942 ad
3255 2892 3792 2952 unumtantum,sed

2184 2962 2258 3013 ad
2283 2963 2474 3024 plures
2495 2974 2778 3025 aquarum
2800 2963 3013 3013 fontes:
3042 2962 3140 3021 ita,
3170 2961 3244 3011 ad
3268 2960 3437 3012 illum
3474 2962 3793 3020 modum,et

2183 3033 2385 3083 ardore
2409 3038 2465 3084 et
2495 3032 2713 3084 fervore
2741 3032 2934 3082 anima
2954 3043 3104 3090 mea,
3129 3032 3419 3095 absorptis
3444 3032 3627 3090 vitiis,
3650 3032 3786 3082 desi-

2185 3103 2653 3166 deratpervenire
2677 3104 2749 3154 ad
2775 3102 3005 3163 te.Quia
3032 3102 3188 3153 sicut
3210 3102 3411 3165 plures
3424 3104 3623 3153 fontes
3648 3104 3784 3153 sitim

2185 3174 2339 3224 cervi
2361 3173 2716 3239 refrigerant,
2741 3174 2820 3224 ita
2848 3176 2909 3223 tu
2928 3173 3041 3223 eris
3056 3172 3199 3223 mihi
3214 3172 3589 3237 refrigerium
3602 3174 3784 3224 multa-

2107 3237 2156 3312 C
2184 3256 2313 3295 rum
2343 3237 2704 3295 miseriarum
2733 3260 2746 3294 :
2771 3249 2836 3296 ut
2858 3257 2956 3308 per
2969 3248 3023 3294 te
3048 3243 3340 3307 deponam
3365 3257 3611 3295 omnem
3638 3249 3784 3295 vetu—

2184 3318 2393 3365 statem
2437 3316 2673 3379 peccati.
2715 3319 2774 3367 et
2809 3315 2865 3365 in
2899 3315 3156 3365 novitate
3197 3315 3477 3365 ret‘ormer
3520 3313 3783 3378 spirituali

2182 3385 2349 3447 (Rom.
2378 3385 2427 3439 6.
2460 3391 2505 3434 et
2532 3384 2657 3449 12.).
2682 3384 2961 3445 Quoniam
2995 3384 3152 3448 apud
3181 3390 3237 3435 te
3264 3387 3352 3435 est
3379 3386 3513 3435 fons
3540 3386 3696 3449 vitze,
3717 3383 3775 3434 ad

2177 3467 2349 3518 quem
2366 3456 2561 3519 tuipse
2584 3456 2808 3505 animas
2839 3456 3084 3506 invitare
3106 3454 3388 3517 dignatus
3412 3468 3481 3506 es
3494 3456 3721 3506 dicens:
3739 3456 3776 3499 Si

2178 3527 2308 3589 quis
2342 3528 2479 3587 sitit,
2509 3528 2706 3578 veniat
2727 3526 2798 3578 ad
2824 3539 2937 3585 me,
2968 3531 3026 3576 et
3052 3526 3213 3576 bibat
3256 3526 3444 3587 (Joau.
3475 3526 3571 3589 7.).
3601 3530 3661 3578 Et
3690 3527 3774 3575 ite-

2176 3611 2324 3653 rum.
2342 3599 2449 3659 Qui
2478 3598 2620 3648 bibit
2645 3611 2718 3648 ex
2738 3609 2887 3660 aqua
2911 3608 3087 3660 quam
3110 3609 3220 3660 ego
3246 3598 3339 3655 do,
3370 3597 3473 3647 ﬁet
3496 3598 3559 3647 in
3582 3610 3647 3647 eo
3667 3596 3776 3645 fons

2174 3681 2345 3732 aqum
2380 3669 2638 3719 salientis
2672 3669 2735 3719 in
2783 3668 2960 3718 vitam
2987 3670 3266 3718 mternam
3299 3667 3491 3730 (Joan.
3520 3668 3616 3731 4.).
3640 3668 3771 3721 Ideo,

2238 3740 2289 3793 3.
2326 3740 2505 3789 Sitivit
2528 3740 2719 3787 anima
2746 3753 2862 3786 mea
2885 3738 2959 3787 ad
2982 3739 3155 3786 Deum
3173 3748 3191 3766 ε
3214 3737 3425 3801 fontem
3464 3736 3771 3787 vivum.Hic

2174 3811 2238 3862 ﬁt
2262 3811 2558 3862 conversio
2586 3821 2845 3872 personae
2860 3809 2928 3858 ad
2943 3807 3158 3858 audito:
3174 3821 3264 3859 es:
3284 3814 3348 3859 ut
3363 3809 3772 3861 admoneamur

2178 3886 2232 3931 et
2253 3882 2628 3933 mdiﬁcentur.
2657 3882 2776 3930 lloc
2801 3881 2955 3929 enim
2980 3878 3364 3941 habentjusti
3390 3884 3773 3944 proprium,ut

2174 3951 2234 4002 in
2258 3965 2427 4002 omne
2454 3951 2607 4014 quod
2631 3950 2829 4000 dicunt
2852 3953 2952 3999 aut
2976 3949 3211 4011 faciunt,
3241 3962 3363 3999 non
3378 3963 3564 4000 suum
3582 3959 3769 4007 tantum,

2174 4022 2277 4074 sed
2300 4020 2539 4073 aliorum
2563 4019 2879 4084 profectum
2904 4030 3137 4081 qumran
3148 4023 3185 4068 t.
3214 4020 3377 4069 Deus
3400 4025 3461 4069 et
3481 4019 3614 4070 fons
3626 4022 3768 4075 vivus,

2172 4092 2302 4144 fons
2324 4092 2672 4143 indeﬂciens.
2701 4088 2804 4140 Vel
2829 4089 2988 4139 fortis
3018 4091 3076 4140 et
3091 4088 3287 4153 vivus,
3312 4089 3472 4141 idest
3494 4089 3773 4149 incorrupti-

2171 4164 2300 4215 bilis
2332 4169 2389 4214 et
2420 4162 2778 4213 immortalis.
2816 4162 2989 4212 Curre
3012 4160 3085 4211 ad
3117 4160 3341 4222 fontem,
3370 4161 3469 4211 vel
3488 4161 3682 4223 fortem
3703 4159 3767 4206 vi-

2169 4250 2316 4285 vum.
2343 4235 2557 4284 Cursus
2582 4238 2716 4283 tuus
2742 4234 2817 4284 sit
2841 4231 3084 4283 affectus
3113 4234 3266 4281 tuus.
3298 4232 3527 4282 Cursus
3554 4236 3683 4281 tuus
3703 4229 3764 4279 sit

2169 4304 2515 4355 desiderium
2544 4308 2728 4354 tuum.
2756 4302 2864 4354 Sed
2883 4302 3001 4355 noli
3025 4306 3363 4364 utcumque,
3379 4303 3503 4352 noli
3520 4308 3583 4352 ut
3595 4300 3765 4365 quale

2169 4388 2420 4439 cumque
2453 4374 2669 4425 animal
2697 4386 2922 4425 currere
2952 4387 2965 4423 :
2994 4377 3059 4424 ut
3089 4386 3296 4424 cervus
3321 4386 3513 4424 curre.
3548 4374 3762 4427 Cervus

2168 4450 2489 4500 interemtis
2536 4449 2919 4512 serpentibus,
2959 4448 3177 4510 majore
3213 4448 3312 4498 siti
3346 4447 3680 4507 inardescit,
3704 4444 3762 4495 ad

2169 4521 2355 4571 fontes
2376 4520 2566 4570 acrius
2587 4519 2777 4570 currit.
2806 4519 3114 4581 Serpentes
3137 4518 3282 4569 vitia
3309 4522 3416 4569 tua
3444 4521 3613 4572 sunt.
3643 4520 3765 4569 Con-

2098 4597 2154 4670 D
2176 4603 2339 4670 sume
2364 4595 2655 4670 serpentes
2673 4588 2996 4670 iniquitatis
3016 4589 3196 4670 (Proin
3227 4588 3517 4670 l3.),ttinc
3533 4589 3761 4670 amplius

2171 4661 2526 4713 desiderabis
2571 4660 2786 4711 fontem
2827 4660 3105 4711 veritatis.
3137 4660 3245 4709 Sed
3281 4659 3617 4721 audiamus,
3643 4655 3760 4722 quid

2166 4732 2325 4784 fmlix
2349 4732 2545 4783 anima
2568 4732 2681 4781 ista
2705 4730 2902 4781 sitivit.
2933 4729 3161 4787 Quando
3189 4730 3409 4778 veniam
3436 4734 3483 4778 et
3508 4727 3759 4794 apparebo

2162 4809 2286 4852 ante
2307 4802 2500 4864 faciem
2533 4802 2630 4851 Dei
2653 4804 2677 4852 .9
2712 4800 2952 4862 Quando
2987 4800 3253 4851 veniam?
3282 4799 3449 4862 Quod
3475 4803 3651 4851 citius
3673 4801 3757 4857 est,

2166 4874 2393 4925 tardum
2420 4872 2702 4923 desiderio
2727 4876 2835 4923 est.
2865 4872 2987 4922 Hoc
3009 4876 3100 4922 est
3122 4874 3321 4921 autem
3338 4870 3495 4933 quod
3513 4872 3756 4933 sitio,ve-

2162 4946 2286 4996 nire
2316 4950 2373 4995 et
2395 4956 2683 5007 apparere.
2704 4944 3017 5006 Apostolus
3032 4943 3130 5003 ait,
3156 4941 3281 4992 Filii
3309 4942 3413 4992 Dei
3440 4955 3664 5003 sumus,
3686 4941 3755 4988 sed

2161 5015 2421 5067 nondum
2444 5017 2674 5078 apparet
2708 5012 2860 5077 quod
2885 5013 3118 5063 erimus.
3146 5013 3370 5063 Scimus
3407 5019 3606 5065 autem
3633 5024 3756 5076 quo«

2161 5087 2315 5138 niam
2340 5098 2474 5136 cum
2498 5085 2843 5148 apparuerit,
2881 5084 3101 5135 similes
3133 5084 3186 5134 ei
3211 5084 3431 5134 erimus
3458 5098 3471 5131 :
3498 5085 3754 5147 quoniam

2160 5157 2487 5209 videbimus
2515 5168 2650 5207 eum
2677 5155 2842 5206 sicuti
2870 5159 2961 5205 est
2989 5154 3058 5218 (1.
3081 5155 3246 5203 Joan.
3272 5155 3368 5218 3.).
3399 5157 3523 5205 Hoc
3552 5160 3646 5206 est
3666 5152 3752 5217 (Ex

2159 5227 2484 5292 Augustino)
2509 5226 2665 5289 quod
2691 5226 2827 5277 sitit.
2856 5225 2994 5276 Sitio
3018 5226 3077 5275 in
3111 5227 3576 5289 peregrinatione
3602 5240 3615 5273 :
3642 5224 3748 5276 sitio

2159 5300 2217 5349 in
2246 5311 2438 5358 cursu,
2465 5298 2716 5348 satiabor
2739 5297 2795 5346 in
2818 5296 3271 5347 adventu.Unde
3295 5297 3433 5347 alibi
3456 5297 3595 5347 dicit
3619 5313 3633 5346 :
3662 5296 3746 5345 Sa-

2161 5369 2344 5421 tiabor
2361 5381 2492 5418 cum
2516 5367 2841 5431 apparuerit
2859 5364 3042 5429 gloria
3067 5372 3166 5417 tua
3190 5367 3355 5431 (Psat.
3385 5366 3514 5430 16.).
3537 5365 3741 5419 interim

2159 5437 2300 5489 dum
2323 5436 2586 5500 meditor,
2611 5437 2749 5487 dum
2774 5449 2959 5500 curro,
2975 5436 3114 5486 dum
3132 5438 3189 5486 in
3211 5436 3302 5488 via
3328 5450 3479 5495 sum,
3497 5445 3740 5498 antequam

2159 5509 2410 5569 veniam,
2436 5510 2749 5571 antequam
2771 5518 3077 5570 appaream
3105 5522 3117 5557 :

2221 5577 2273 5633 5.
2305 5580 2545 5628 Fuerunt
2581 5577 2722 5627 mihi
2750 5578 3000 5642 lacrymae
3030 5592 3157 5626 mea:
3177 5592 3347 5642 panes
3368 5578 3458 5628 die
3493 5594 3557 5628 ac
3584 5580 3735 5627 nocte:

2220 5711 2237 5733 ⁸
2262 5705 2453 5755 Unum
2475 5701 2629 5765 quod
2654 5701 2791 5759 scio,
2838 5700 3043 5763 fontem
3079 5714 3182 5766 pro
3205 5702 3400 5764 fortem
3435 5698 3733 5754 Ambrosia-

2157 5788 2297 5826 num
2345 5774 2683 5825 Psalterium
2716 5772 2854 5836 legit
2875 5788 2891 5820 :
2930 5777 3208 5824 caeterum
3244 5773 3372 5824 hmo
3393 5785 3624 5838 quoque
3644 5778 3731 5821 vox

2156 5846 2351 5907 fortem
2378 5856 2413 5897 a
2434 5843 2722 5908 plerisque
2737 5843 2896 5895 libris
2911 5843 3169 5907 antiquis
3191 5846 3377 5896 abest.
