3908 6232
187 377 306 432 805

1204 381 1276 430 ΙΝ
1313 379 1636 433 PSALMOS
1667 375 1873 428 LXXV
1907 375 2485 434 COMMENTARIUS.

3391 395 3496 451 806

189 490 338 537 dum
359 489 561 538 dicitur
583 489 725 537 mihi
748 489 1002 552 quotidie,
1027 489 1124 537 Ubi
1139 495 1208 538 est
1232 491 1371 539 Deus
1388 492 1796 541 tuus?Fueru-nl
1825 490 1885 560 Α
1904 499 2096 560 rerum
2110 501 2224 539 non
2239 493 2565 552 corpus,sed
2587 497 2839 548 animam
2859 499 3042 551 video.
3072 503 3344 555 Etlamen
3369 506 3497 557 haec

194 562 368 618 mihi,
394 560 601 622 inquit,
619 563 869 622 tacrymze
881 574 1003 608 meae
1026 573 1142 610 non
1155 563 1476 612 amaritudo
1491 561 1591 612 sed
1615 560 1798 624 panis.

193 633 424 683 Suaves
453 632 558 694 (Ea:
583 630 904 693 Augustino)
932 632 1250 695 erantipsaa
1273 633 1564 695 lacrymaa.
1597 632 1805 683 Sitiens

192 703 368 753 illum
385 703 622 765 fontem,
648 703 782 764 quia
807 702 997 753 bibere
1024 703 1280 753 nondum
1299 709 1553 766 poteram
1578 703 1806 752 avidius

193 786 369 824 meas
393 773 678 836 lacrymas
694 773 1136 823 manducabam.
1170 775 1292 824 Non
1309 776 1459 824 enim
1484 775 1644 832 dixit,
1669 777 1807 820 factas

195 851 348 895 sunt
361 845 504 894 mihi
521 846 790 906 lacrymas
803 857 948 894 mea:
969 849 1156 907 potus,
1195 858 1266 895 ne
1287 845 1441 907 ipsas
1453 845 1808 894 desiderasse

198 916 519 977 videretur,
558 915 709 965 sicut
756 915 941 965 fontes
963 927 1241 976 aquarum
1273 929 1285 965 :
1315 916 1413 965 sed
1465 918 1695 965 servata
1716 913 1810 963 illa

195 987 322 1047 siti,
348 998 462 1048 qua
495 985 795 1036 inardesco
818 985 889 1035 ad
921 985 1111 1036 fontes
1137 998 1439 1047 aquarum,
1476 986 1642 1048 panis
1665 985 1808 1034 mihi

195 1058 379 1108 facta:
403 1062 542 1107 sunt
565 1060 839 1118 lacrymaa
878 1069 1045 1116 meae,
1071 1057 1210 1106 dum
1243 1057 1487 1108 differor.
1513 1059 1580 1107 Et
1612 1057 1810 1117 utique

197 1127 612 1177 manducando
655 1130 940 1188 lacrymas
970 1140 1142 1184 meas,
1171 1129 1294 1176 sine
1328 1127 1501 1177 dubio
1528 1127 1654 1190 plus
1679 1127 1810 1176 sitio

199 1198 418 1249 fontes.
440 1199 542 1248 Die
568 1198 697 1260 quit
713 1210 781 1261 pe
799 1203 854 1248 et
870 1203 1037 1248 nocte
1063 1198 1230 1249 facta:
1248 1203 1386 1248 sunt
1404 1199 1668 1260 laci-ymae
1687 1212 1810 1244 mea)

201 1270 396 1331 panis.
416 1269 618 1319 Cibum
643 1270 822 1318 istum
849 1269 944 1330 qui
965 1270 1131 1332 panis
1153 1269 1382 1329 dicitur,
1396 1269 1488 1319 die
1503 1268 1812 1319 comedunt

196 1340 494 1391 homines.
509 1341 685 1390 Nocte
702 1340 1010 1390 dormiunt.
1035 1343 1240 1390 Panem
1259 1341 1634 1403 lacrymarum
1653 1342 1734 1388 die
1757 1356 1813 1388 ac

199 1415 384 1462 nocte
400 1411 728 1465 comedunt,
747 1411 869 1460 sive
886 1415 1065 1460 totum
1089 1411 1338 1474 accipias
1360 1411 1510 1461 diem
1527 1416 1586 1461 et
1601 1418 1810 1474 noctem,

201 1483 340 1533 sive
365 1481 514 1531 diem
560 1481 847 1544 intelligas
886 1494 986 1544 pro
1014 1482 1188 1543 hujus
1215 1483 1392 1532 seculi
1416 1482 1809 1545 prosperitate,

203 1557 443 1604 noctem
469 1565 603 1603 vero
649 1565 750 1614 pro
784 1552 960 1614 hujus
1008 1553 1202 1602 smculi
1246 1553 1611 1603 adversitate.
1662 1554 1808 1613 Sive,

204 1623 424 1686 inquit,
450 1623 510 1672 in
541 1623 826 1686 prosperis
867 1623 1041 1673 rebus
1077 1625 1291 1679 saeculi,
1319 1623 1443 1674 sive
1471 1623 1528 1673 in
1552 1623 1812 1674 adversis

207 1695 393 1746 rebus
429 1693 644 1754 seaculi,
683 1706 788 1755 ego
835 1693 1104 1744 desiderii
1151 1695 1259 1744 mei
1303 1693 1587 1757 lacrymas
1613 1694 1809 1745 fundo.

209 1769 338 1830 Ego
351 1764 614 1815 desiderii
641 1765 754 1815 mei
772 1765 1106 1815 aviditatem
1133 1777 1248 1814 non
1269 1764 1484 1815 desero.
1516 1767 1583 1815 Et
1608 1778 1740 1814 cum
1759 1766 1811 1812 in

1906 559 2099 609 omnia
2115 571 2245 621 quae
2261 562 2613 626 collustravi,
2637 579 2735 629 per
2758 581 2965 632 corpus
2992 584 3058 622 ea
3075 585 3164 622 me
3181 578 3499 625 collustrasse

1902 641 2215 708 cng‘nosco.
2232 633 2483 708 Terram
2496 634 2816 708 laudabam,
2860 642 3044 692 oculis
3089 657 3467 708 cognoveram
3480 684 3492 696 .

1903 700 2138 759 leum,
2172 701 2376 763 sidera,
2403 704 2604 763 solem,
2625 707 2937 773 lunamque
2954 700 3258 766 laudabam
3282 733 3294 766 :
3319 718 3502 768 oculis

1903 784 2305 848 cognoveram.
2331 774 2490 824 Oculi
2527 781 2788 848 membra
2829 786 2966 832 sunt
2994 786 3200 848 carnis,
3236 789 3502 840 fenestras

1907 847 2044 892 sunt
2089 845 2317 923 mentis.
2360 847 2606 923 interior
2649 854 2777 923 est,_
2802 852 2895 912 qui
2930 865 3030 916 per
3059 857 3164 907 has
3191 845 3363 916 videt,
3404 861 3503 923 qui

1907 915 2138 990 quando
2164 917 2509 990 cogitatione
2526 915 2944 990 aliquaabsens
2965 931 3070 983 est,
3091 927 3301 980 frustra
3319 915 3500 990 patent.

1910 986 2058 1058 Deus
2073 997 2239 1058 meus
2269 988 2364 1058 qui
2393 988 2522 1038 fecit
2540 988 2666 1040 haec
2683 1003 2815 1052 quae
2828 994 3009 1043 oculis
3029 996 3267 1058 videam,
3285 986 3402 1050 non
3417 1007 3507 1053 est

1907 1055 2033 1133 istis
2057 1055 2238 1133 oculis
2265 1057 2664 1133 inquirendus.
2693 1062 2922 1125 Aliquid
2945 1065 3112 1116 etiam
3138 1081 3237 1130 per
3253 1055 3506 1133 seipsum

1908 1126 2282 1201 animusipse
2308 1131 2632 1201 conspiciat,
2665 1137 2856 1184 utrum
2883 1135 2959 1185 sit
2986 1126 3200 1198 aliquid
3215 1126 3367 1201 quod
3392 1155 3509 1194 non

1909 1208 2010 1259 per
2033 1197 2234 1248 oculos
2247 1199 2651 1278 seuti:-_1t,quasi
2671 1203 2894 1256 colores
2918 1197 3201 1259 etlucem:
3235 1197 3510 1278 I99non

1910 1279 2012 1329 per
2033 1279 2222 1346 aures,
2259 1271 2424 1331 quasi
2458 1279 2665 1346 cantus
2692 1280 2748 1325 et
2776 1288 2986 1328 sonum
3013 1294 3028 1326 :
3053 1292 3166 1330 non
3192 1271 3508 1346 per'n'ares,

1911 1338 2074 1418 quasi
2093 1338 2332 1390 odorum
2348 1344 2692 1393 suavitatem
2715 1359 2858 1396 :non
2875 1360 2976 1410 per
2988 1338 3207 1410 palaturn
3220 1357 3264 1398 et
3283 1338 3510 1413 linguam

1911 1420 2078 1470 quasx
2091 1422 2356 1484 saporem
2373 1427 2392 1484 7:
2411 1425 2522 1463 non
2541 1427 2639 1476 per
2657 1420 2841 1467 totum
2855 1430 3078 1483 corpus,
3093 1423 3511 1484 quasiduritiam

1911 1484 1970 1559 et
1995 1480 2310 1559 mollitiem,
2339 1483 2585 1545 rigorem
2612 1491 2788 1549 atque
2817 1480 3128 1553 fervorem;
3145 1496 3513 1556 asperitatem

1913 1548 2318 1627 lenitatemque
2334 1561 2675 1627 pertractem
2698 1548 2826 1609 ised
2841 1565 3036 1611 utrum
3065 1548 3139 1613 sit
3150 1548 3364 1627 aliquid
3376 1567 3510 1625 quod

1911 1622 2068 1698 intus
2095 1622 2305 1698 videat.
2348 1625 2491 1685 Quid
2528 1633 2638 1688 est,
2674 1629 2834 1680 intus
2873 1631 3114 1682 videat?
3141 1622 3301 1694 Quod
3325 1622 3514 1698 neque

1914 1690 2066 1742 color
2093 1693 2206 1769 sit,_
2232 1707 2421 1756 neque
2447 1709 2644 1769 sonus,
2692 1713 2876 1763 neque
2910 1702 3066 1761 odor,
3112 1690 3298 1766 neque
3325 1690 3513 1769 sapor,

1913 1775 2101 1825 neque
2125 1764 2294 1826 calor,
2322 1771 2423 1816 aut
2447 1767 2644 1830 frigus,
2669 1775 2770 1820 aut
2803 1771 3030 1826 duritia,
3058 1779 3157 1825 aut
3190 1764 3511 1828 mollitudo.

207 1836 439 1916 mundo
462 1836 622 1916 bene
620 1841 710 1915 est
731 1835 887 1916 mihi,
913 1835 1060 1916 male
1078 1841 1184 1916 est
1196 1840 1509 1916 antequam
1529 1836 1813 1916 apparebo
1838 1844 1895 1912 B
1921 1835 2154 1916 Dicatur
2176 1848 2312 1916 ergo
2338 1837 2479 1916 mihi
2506 1852 2676 1900 quem
2705 1841 2952 1893 colorem
2976 1842 3184 1894 habeat
3212 1846 3514 1908 sapientia.

208 1913 352 1959 ante
369 1906 569 1956 faciem
582 1906 699 1956 Dei.
727 1905 873 1965 Quid
885 1918 1018 1967 ergo
1041 1902 1188 1971 |98
1209 1906 1319 1956 diei
1345 1907 1512 1968 quasi
1543 1907 1814 1968 gratulari

208 1991 316 2030 me
332 1978 526 2040 ongis?
542 1978 595 2028 Si
608 1976 801 2038 aliqua
817 1976 993 2038 hujus
1007 1977 1204 2027 saeculi
1221 1977 1567 2039 prosperitas
1579 1979 1818 2029 arriserit,

213 2061 416 2100 nonne
434 2048 752 2110 deceptorio
765 2050 891 2098 est?
907 2060 1101 2097 nonne
1113 2049 1290 2106 ﬂuxa,
1316 2047 1550 2107 caduca,
1575 2050 1818 2107 mortalis,

217 2120 491 2178 volatica,
509 2118 832 2169 transitoria
845 2121 871 2166 ‘2
889 2119 1090 2168 Nonne
1116 2117 1243 2180 plus
1267 2117 1443 2168 habet
1465 2118 1820 2180 deceptionis

219 2203 402 2254 quam
446 2189 881 2239 delectationis?
913 2191 1024 2239 Cur
1058 2200 1192 2251 ergo
1216 2201 1332 2238 non
1358 2190 1430 2240 ob
1457 2194 1514 2240 et
1533 2190 1656 2252 ipsa
1681 2189 1821 2239 flant

214 2261 651 2324 lacrymeemete
665 2259 856 2323 panis?
870 2259 926 2308 Si
939 2259 1170 2322 quidem
1183 2263 1241 2309 et
1253 2272 1382 2310 cum
1397 2261 1635 2311 felicitas
1647 2262 1819 2308 saeculi

216 2331 646 2394 circumfulget,
671 2331 950 2393 quamdiu
975 2343 1181 2380 sumus
1198 2331 1257 2380 in
1273 2331 1382 2382 hoc
1404 2344 1822 2395 corpore,pere-

221 2404 527 2465 minamur
552 2414 586 2452 a
610 2402 853 2452 Domino
878 2401 946 2462 (Ι.
971 2403 1091 2452 Cor.
1109 2401 1200 2464 5.).
1225 2404 1294 2452 Et
1309 2402 1511 2450 dicitur
1532 2403 1674 2450 mihi
1698 2416 1825 2465 quo-

219 2475 373 2532 ιέάίε,
408 2474 503 2522 Ubi
546 2479 617 2522 est
647 2473 786 2521 Deus
814 2475 975 2522 tuus?
1001 2473 1144 2533 Quia
1177 2485 1437 2537 paganus
1463 2475 1512 2524 si
1545 2474 1685 2523 mihi
1715 2474 1822 2524 hoc

219 2545 457 2604 dixerit,
486 2556 603 2595 non
626 2543 707 2594 illi
740 2548 797 2594 et
824 2556 929 2606 ego
955 2556 1192 2605 possum
1219 2543 1425 2604 dicere,
1459 2544 1557 2592 Ubi
1584 2550 1656 2592 est
1684 2544 1822 2592 Deus

221 2619 386 2665 tuus?
410 2617 592 2666 Deum
636 2615 845 2678 quippe
872 2627 1042 2666 suum
1071 2614 1248 2678 digito
1272 2615 1541 2666 ostendit.
1568 2615 1824 2666 Intendit

217 2687 382 2738 enim
409 2686 652 2750 digitum
669 2685 740 2736 ad
763 2684 1013 2748 aliquem
1037 2684 1306 2749 lapidem,
1323 2686 1545 2745 etdicit,
1575 2688 1715 2737 Ecce
1735 2691 1823 2736 est

219 2759 388 2809 Deus
410 2770 592 2808 meus.
612 2757 717 2808 Ubi
741 2759 832 2806 est
855 2759 1000 2807 Deus
1026 2759 1198 2807 tuus?
1215 2758 1358 2806 Cum
1374 2757 1821 2820 lapidesirrisero,

223 2835 288 2880 et
312 2829 604 2879 erubuerit
626 2828 724 2890 qui
746 2827 1186 2888 demonstravit,
1210 2827 1357 2877 tollit
1372 2841 1434 2878 se
1457 2845 1490 2878 a
1513 2828 1826 2890 lapide,su-

223 2899 402 2963 spicit
442 2898 668 2960 caelum,
699 2902 755 2950 et
775 2899 921 2950 forte
942 2899 1001 2948 in
1025 2898 1202 2949 solem
1229 2897 1472 2961 digitum
1495 2898 1821 2961 intendens,

221 2971 435 3021 iterum
470 2971 622 3034 dicit,
653 2972 796 3021 Ecce
823 2972 975 3021 Deus
1003 2982 1186 3020 meus.
1211 2969 1318 3019 Ubi
1349 2973 1438 3019 est
1462 2971 1614 3020 Deus
1639 2973 1774 3019 tuus
1797 2973 1825 3019 ‘2

225 3041 458 3092 Invenit
470 3041 562 3092 ille
573 3041 726 3104 quod
743 3041 998 3091 ostendit
1012 3039 1194 3091 oculis
1218 3040 1456 3091 carneis.
1491 3042 1604 3103 Ego
1628 3042 1823 3091 autem

225 3125 351 3163 non
368 3112 533 3175 quasi
551 3125 666 3162 non
683 3112 865 3163 habeo
887 3125 1059 3174 quem
1077 3112 1377 3162 ostendam
1395 3127 1413 3170 ;
1428 3112 1528 3162 sed
1543 3124 1657 3162 non
1683 3115 1827 3160 habet

224 3183 328 3234 ille
351 3182 564 3241 oculos,
589 3184 798 3246 quibus
811 3183 1132 3234 ostendam.
1158 3183 1346 3233 Potuit
1361 3189 1513 3233 enim
1530 3182 1621 3234 ille
1643 3183 1825 3234 oculis

223 3256 483 3317 corporis
518 3255 630 3304 mei
655 3254 957 3305 ostendere
985 3256 1162 3305 Deum
1190 3267 1360 3304 suum
1386 3253 1587 3316 solem,
1613 3255 1822 3316 quibus

222 3338 335 3388 ego
353 3324 534 3376 oculis
560 3325 860 3376 ostendam
886 3325 1022 3376 solis
1047 3329 1362 3376 creatorem
1380 3329 1402 3373 .9
1417 3327 1825 3376 Verumtamen

221 3396 516 3447 audiendo
535 3396 807 3458 quotidie,
835 3395 942 3446 Ubi
959 3401 1047 3446 est
1066 3397 1217 3446 Deus
1233 3399 1403 3447 tuus?
1419 3401 1476 3447 et
1492 3397 1550 3446 in
1562 3396 1828 3464 lacrymis

225 3467 376 3517 meis
389 3467 763 3528 quotidianus
781 3471 980 3529 pastus
997 3466 1087 3517 die
1103 3480 1170 3517 ac
1185 3471 1373 3527 nocte,
1390 3467 1699 3517 meditatus
1716 3482 1827 3514 sum

224 3538 387 3600 quod
411 3539 626 3600 audivi,
641 3537 744 3589 Ubi
770 3542 858 3588 est
883 3539 1038 3589 Deus
1059 3543 1194 3588 tuus
1212 3541 1238 3586 ‘2
1256 3538 1685 3598 Quaesivietiam
1707 3539 1829 3600 ipse

224 3620 340 3671 ego
384 3609 692 3659 Dominum
741 3621 957 3669 meum,
1002 3612 1066 3659 ut
1089 3609 1137 3658 si
1162 3622 1415 3672 possem,
1465 3621 1581 3660 non
1607 3613 1828 3660 tantum

223 3679 539 3740 crederem,
568 3679 669 3730 sed
693 3679 908 3742 aliquid
941 3684 998 3729 et
1023 3679 1291 3730 viderem.
1322 3681 1503 3731 Video
1529 3680 1675 3730 enim
1703 3692 1829 3740 qum

223 3750 426 3801 fecerit
460 3753 615 3800 Deus
642 3763 822 3813 meus,
857 3763 976 3800 non
997 3755 1190 3800 autem
1220 3750 1384 3801 video
1421 3764 1612 3814 ipsum
1642 3753 1827 3802 Deum

229 3834 431 3872 meum
457 3822 554 3883 qui
579 3821 710 3872 fecit
727 3823 866 3872 haac.
883 3822 990 3872 Sed
1015 3822 1286 3883 quoniam
1302 3822 1448 3872 sicut
1465 3823 1829 3872 cervusdesi-

231 3893 400 3943 derat
422 3892 495 3942 ad
541 3891 724 3942 fontes
768 3904 1069 3954 aquarum,
1098 3897 1156 3942 et
1198 3896 1287 3943 est
1316 3893 1469 3955 apud
1493 3895 1674 3943 Deum
1701 3893 1831 3943 fons

234 3963 378 4013 vitae
410 3981 419 4009 :
449 3967 508 4014 et
531 3962 590 4012 in
633 3961 985 4014 intellectum
1033 3963 1280 4026 scriptus
1304 3969 1392 4014 est
1418 3965 1545 4026 ipse
1576 3964 1833 4025 psalmus

236 4033 373 4084 [iliis
398 4034 596 4095 Chore,
621 4033 1003 4084 etinvisibilia
1021 4033 1136 4095 Dei,
1164 4047 1481 4097 pereaqnee
1501 4035 1647 4085 facta
1679 4039 1832 4097 sunt,

236 4105 533 4156 intellecta
544 4105 976 4168 conspiciuntur
994 4106 1164 4166 (Rom.
1194 4105 1292 4168 1.):
1313 4105 1452 4167 quid
1466 4119 1654 4169 agam,
1672 4111 1736 4156 ut
1751 4105 1836 4155 in-

238 4176 472 4226 veniam
487 4177 674 4226 Deum
695 4189 886 4227 meum
900 4179 926 4225 ‘2
950 4176 1332 4227 Considerabo
1352 4181 1556 4226 terram
1573 4180 1598 4225 *2
1622 4179 1747 4224 facta
1765 4183 1837 4224 est

243 4251 413 4297 terra.
441 4248 544 4298 Est
577 4259 788 4310 magna
831 4246 1192 4310 pulchritudo
1218 4251 1510 4307 terrarum,
1538 4247 1639 4297 sed
1667 4247 1838 4297 habet

238 4318 544 4368 artificem.
573 4319 779 4381 Magna
796 4317 1068 4368 miracula
1093 4322 1228 4367 sunt
1255 4318 1539 4368 seminum
1563 4322 1736 4380 atque
1752 4318 1838 4379 gi-

238 4388 566 4452 gnentium,
594 4391 695 4439 sed
722 4389 937 4440 habent
961 4390 1071 4439 ista
1088 4389 1283 4438 omnia
1307 4390 1649 4438 Creatorem.
1696 4397 1711 4415 ·
1733 4391 1838 4438 At—

241 4459 418 4510 tendo
445 4459 906 4522 magnitudinem
931 4459 1261 4510 circumfusi
1279 4460 1481 4508 maris:
1501 4461 1721 4521 stupeo,
1739 4459 1838 4508 mi-

241 4543 336 4580 ror
367 4529 646 4581 artiﬁcem
673 4543 890 4592 quaero.
918 4530 1132 4582 Caelum
1163 4529 1441 4592 suspicio:
1467 4529 1840 4592 pulchritudi-

239 4613 374 4650 nem
404 4601 658 4651 siderum
684 4601 949 4662 admiror,
969 4600 1332 4664 splendorem
1359 4600 1496 4650 solis
1520 4600 1838 4651 exserendo

242 4671 355 4721 diei
381 4671 780 4735 sufﬁcientem,
803 4671 996 4722 lunam
1023 4676 1332 4722 nocturnas
1356 4673 1619 4722 tenebras
1635 4685 1839 4722 conso-

240 4742 482 4793 lantem.
500 4743 640 4793 Mira
663 4748 802 4794 sunt
820 4743 963 4801 haec,
983 4742 1268 4793 laudanda
1286 4749 1423 4793 sunt
1440 4743 1565 4794 haec
1582 4741 1669 4793 vel
1694 4745 1839 4790 etiam

245 4814 536 4876 stupenda
573 4815 864 4865 sunthmc.
892 4815 1090 4876 Neque
1113 4815 1263 4864 enim
1290 4817 1530 4877 terrena,
1547 4814 1645 4864 sed
1672 4814 1843 4864 etiam

245 4884 804 4935 caalestia.Nondum
831 4890 1018 4935 tamen
1037 4890 1153 4935 stat
1173 4884 1298 4934 sitis
1323 4897 1472 4935 mea:
1502 4885 1627 4936 haec
1651 4886 1843 4946 miror,

245 4956 375 5006 haec
401 4955 608 5006 laudo:
635 4955 737 5007 sed
758 4968 896 5007 eum
922 4956 1019 5018 qui
1046 4955 1174 5006 fecit
1206 4955 1350 5019 haec,
1392 4956 1534 5005 sitio.
1566 4956 1754 5006 Redeo
1773 4956 1845 5006 ad

243 5026 559 5089 meipsum,
587 5031 644 5077 et
666 5027 795 5088 quis
821 5028 927 5076 sim
955 5028 1125 5076 etiam
1144 5026 1264 5089 ipse
1282 5026 1462 5092 hintra
1485 5027 1616 5077 talia
1631 5039 1844 5089 quaero,

246 5101 581 5162 perscrutor
599 5113 611 5147 :
625 5102 681 5148 et
697 5097 929 5148 invenio
943 5111 1032 5147 me
1045 5097 1253 5147 habere
1282 5111 1490 5161 corpus
1515 5101 1571 5147 et
1593 5101 1810 5145 animam
1831 5118 1843 5146 :

242 5181 436 5220 unum
455 5169 612 5230 quod
631 5173 808 5232 tegat,
821 5168 1065 5219 alterum
1081 5169 1234 5230 quod
1253 5173 1483 5231 regatur
1515 5171 1732 5230 Corpus
1742 5183 1850 5215 ser-

242 5240 649 5300 vire,animam
666 5239 965 5302 imperare.
995 5239 1268 5290 Discerno
1291 5239 1504 5302 aliquid
1527 5238 1728 5288 melius
1745 5254 1850 5286 esse

243 5310 502 5362 animam
519 5322 693 5373 quam
707 5322 935 5374 corpus:
949 5309 1254 5374 ipsumque
1267 5311 1662 5373 inquisitorem
1676 5309 1849 5359 talium

309 5463 326 5482 ·
353 5453 524 5517 Apud
550 5452 973 5516 Augustinum,
1003 5453 1247 5503 Ostende.

311 5524 331 5552 δ
355 5524 592 5575 Rectius
617 5523 848 5587 ibidem,
891 5525 988 5587 qui
1022 5537 1122 5588 pro
1157 5524 1346 5582 intra;
1370 5536 1505 5575 mox
1530 5522 1686 5572 aliud
1708 5522 1854 5586 quod

244 5610 429 5658 regar.

317 5677 335 5695 ⁶
361 5665 531 5730 Apud
582 5665 991 5729 Augustinum,
1040 5665 1183 5724 Quid
1227 5671 1382 5714 sonat
1414 5665 1487 5714 ad
1517 5681 1692 5725 aures,
1720 5665 1855 5728 quid

253 5743 528 5800 tanquam
555 5751 870 5801 vaporcum,
896 5741 1003 5787 etc.
1024 5736 1276 5788 Levioris
1292 5737 1547 5788 nomenli
1572 5737 1856 5788 variantes

251 5808 696 5860 aliaslectiones
723 5807 1242 5870 praetermittimus.

321 5879 342 5908 "
365 5879 592 5932 Ibidem
618 5878 928 5942 praeposita
955 5878 1116 5950 τελείᾳ
1147 5885 1339 5955 στιγμῇ,
1356 5877 1512 5930 aliud
1531 5878 1856 5929 membrum

1921 1907 2253 1981 Cogitamus
2274 1907 2560 1981 justitiam
2579 1911 2724 1973 ejus,
2752 1912 2885 1974 quia
2907 1913 3066 1964 intus
3093 1907 3518 1981 inipsacogita-

1925 1977 2078 2048 tione
2093 1976 2785 2038 pulchritudinefruimur.
2803 1993 2819 2010 ε
2846 1984 2992 2044 Quid
3019 1976 3314 2048 tamquam
3337 1976 3517 2038 sonus

1920 2047 1993 2098 ad
2016 2051 2234 2119 aures?
2275 2049 2426 2119 Quid
2465 2053 2754 2113 tamquam
2791 2065 2966 2117 vapor
2995 2047 3180 2119 surgit
3201 2058 3273 2108 ad
3296 2071 3466 2109 nares
3491 2061 3519 2108 ‘2

1925 2118 2070 2179 Quid
2092 2117 2175 2168 ori
2199 2118 2441 2170 infertur
2457 2123 2484 2169 ‘2
2509 2121 2655 2182 Quid
2682 2135 2858 2174 manu
2882 2117 3189 2178 tractatur?
3212 2131 3515 2188 Etdelectat,

1920 2193 1976 2239 et
2001 2189 2159 2250 intus
2180 2193 2286 2250 est,
2309 2194 2368 2239 et
2390 2191 2626 2251 pulchra
2653 2195 2762 2252 est,
2798 2199 2854 2245 et
2882 2196 3128 2258 videtur,
3155 2202 3212 2248 et
3234 2199 3516 2250 laudatur.

1928 2261 1995 2309 Et
2024 2259 2072 2308 si
2094 2259 2153 2309 iu
2179 2259 2430 2310 tenebris
2457 2261 2573 2312 sint
2600 2263 2748 2313 oculi
2787 2265 2901 2327 isti,
2926 2268 3153 2317 animus
3197 2268 3350 2319 illius
3391 2270 3521 2320 luce

1919 2329 2256 2402 perfruitur._
2286 2331 2447 2402 Quid,
2478 2337 2569 2382 est
2611 2333 2750 2384 illud
2811 2338 2962 2398 quod
3012 2339 3222 2389 Tobias
3269 2340 3518 2402 videbat,

1922 2400 2154 2473 quando
2166 2400 2380 2452 videnti
2397 2401 2512 2452 filio
2524 2415 2715 2454 caacus
2731 2405 2871 2457 vitas
2883 2409 3185 2458 consilium
3201 2400 3517 2473 dabat(Tob.

1929 2471 1998 2545 4.)
2024 2475 2174 2545 ῨΑΕει
2225 2485 2361 2536 ergo
2389 2473 2628 2536 aliquid,
2662 2477 2819 2537 quod
2851 2480 3081 2529 animus
3114 2480 3237 2543 ipse
3270 2471 3522 2545 corporis

1921 2542 2262 2614 dominator,
2290 2547 2492 2607 rector,
2519 2545 2806 2597 habitator
2845 2548 3053 2610 videat,
3101 2542 3256 2613 quod
3282 2542 3400 2602 non
3423 2564 3524 2614 per

1922 2613 2118 2666 oculos
2143 2615 2405 2685 corporis
2423 2615 2651 2674 sentiat,
2677 2629 2788 2667 non
2814 2631 2913 2681 per
2937 2633 3126 2681 aures,
3154 2634 3270 2672 non
3296 2635 3398 2685 per
3419 2613 3522 2672 na-

1921 2698 2031 2744 res,
2055 2697 2172 2734 non
2198 2697 2297 2748 per
2320 2684 2592 2748 palatum,
2619 2700 2735 2737 non
2760 2701 2854 2748 per
2875 2691 3126 2753 corporis
3149 2684 3395 2742 tactum:
3419 2691 3520 2743 sed

1922 2769 2021 2820 per
2045 2756 2320 2819 seipsum.
2358 2758 2425 2806 Et
2463 2758 2663 2819 utique
2703 2758 2910 2810 melius
2944 2761 3096 2822 quod
3121 2774 3219 2824 per
3245 2762 3519 2825 seipsum,

1922 2840 2097 2890 quam
2109 2827 2263 2888 quod
2280 2840 2380 2890 per
2403 2840 2636 2878 servum
2649 2841 2818 2879 suum
2835 2829 2856 2858 ⁴
2870 2833 2958 2881 est
2980 2844 3233 2895 prorsus.
3258 2833 3520 2896 Seipsum

1926 2899 2076 2951 enim
2105 2910 2204 2961 per
2229 2899 2482 2960 seipsum
2511 2899 2688 2962 videt,
2713 2905 2772 2951 et
2798 2901 3027 2953 animus
3053 2915 3283 2966 quoque
3308 2903 3431 2966 ipse
3457 2908 3522 2954 ut

1923 2971 2074 3021 norit
2097 2982 2176 3032 se,
2201 2969 2360 3020 videt
2385 2982 2463 3020 se.
2494 2972 2606 3021 Nec
2633 2971 2832 3033 utique
2856 2977 2922 3022 ut
2950 2973 3142 3024 videat
3165 2987 3246 3034 se,
3271 2987 3524 3038 corpora-

1923 3041 2064 3092 lium
2092 3039 2387 3091 oculorum
2412 3041 2927 3102 qumritauxilium.
2955 3045 3075 3094 lmo
3092 3058 3223 3095 vero
3246 3046 3317 3095 ab
3329 3045 3519 3095 omni-

1925 3113 2035 3163 bus
2061 3113 2314 3174 corporis
2341 3112 2626 3171 sensibus,
2663 3115 2956 3176 tamquam
2991 3115 3439 3178 impedientibus
3464 3121 3522 3166 et

1926 3183 2414 3246 perstrepentibus
2439 3184 2793 3234 abstraxitse
2822 3185 2892 3234 ad
2914 3197 2992 3246 se,
3011 3185 3280 3236 utvideat
3300 3189 3518 3248 seinse,

1849 3249 1898 3323 C
1925 3252 2226 3304 utnoverit
2245 3265 2306 3303 se
2327 3253 2478 3315 apud
2510 3266 2590 3315 se,
2617 3252 2846 3317 collegit
2871 3267 2950 3304 se.
2982 3256 3090 3306 Sed
3117 3257 3382 3318 nunquid
3410 3256 3521 3308 tale

1926 3323 2142 3385 aliquid
2167 3324 2318 3374 Deus
2343 3323 2522 3386 ipsius
2544 3324 2850 3386 est,qualis
2870 3329 2957 3375 est
2975 3326 3237 3378 animus?
3260 3329 3387 3378 Non
3399 3329 3522 3390 qui-

1929 3396 2058 3446 dem
2084 3394 2268 3444 videri
2294 3395 2464 3455 Deus,
2492 3395 2603 3444 nisi
2627 3395 2818 3446 animo
2844 3399 3032 3458 potest
3059 3410 3071 3446 :
3108 3409 3214 3447 nec
3242 3403 3434 3449 tamen
3459 3402 3524 3448 ut

1928 3466 2160 3516 animus
2185 3465 2364 3516 videri
2390 3468 2594 3528 potest.
2633 3466 2861 3528 Aliquid
2884 3467 3036 3517 enim
3065 3469 3273 3530 quaerit
3294 3470 3524 3519 animus

1929 3536 2058 3598 iste,
2084 3536 2235 3597 quod
2266 3537 2416 3586 Deus
2448 3540 2556 3597 est,
2584 3536 2654 3586 de
2691 3548 2804 3598 quo
2849 3537 2926 3587 illi
2961 3550 3077 3588 non
3107 3538 3401 3601 insultent,
3425 3539 3524 3601 qui

1929 3608 2146 3666 dicunt,
2176 3607 2282 3656 Ubi
2302 3611 2391 3657 est
2413 3609 2564 3657 Deus
2584 3610 2758 3657 tuus?
2784 3608 3052 3670 Aliquam
3079 3609 3286 3671 quaerit
3308 3610 3526 3660 incom-

1929 3677 2263 3728 mutabilem
2278 3678 2598 3738 verilatem,
2627 3679 2750 3728 sine
2772 3677 3001 3729 defectu
3025 3680 3381 3731 substantiae.
3400 3682 3527 3731 Non

1931 3754 1989 3800 et
2013 3748 2141 3799 talis
2166 3748 2288 3812 ipse
2312 3748 2561 3812 animus,
2578 3748 2790 3812 deficit,
2819 3750 3068 3812 proficit:
3089 3751 3252 3801 novit
3274 3752 3522 3813 ignorat:

1931 3819 2214 3880 meminit,
2249 3819 2608 3870 obliviscitur
2633 3833 2645 3868 :
2674 3820 2844 3870 modo
2879 3819 3016 3870 illud
3046 3821 3190 3884 vult,
3216 3823 3385 3874 modo
3409 3836 3528 3872 non

1932 3891 2072 3942 vult.
2103 3893 2214 3941 Ista
2237 3891 2592 3940 mulabilitas
2626 3903 2738 3940 non
2770 3891 2922 3942 cadit
2944 3892 3003 3942 in
3019 3894 3222 3942 Deum.
3243 3893 3526 3956 Sidixero,

1937 3962 2226 4012 Mutabilis
2249 3963 2508 4012 estDeus
2531 3962 3407 4025 :insultabuntmibiquidicunt,
3438 3968 3527 4012 Ubi

1934 4037 2021 4083 est
2046 4034 2197 4082 Deus
2230 4037 2366 4082 tuus
2386 4035 2697 4090 ‘2Quaerens
2723 4045 2860 4095 ergo
2888 4034 3066 4083 Deum
3086 4047 3281 4084 meum
3306 4036 3364 4085 in
3384 4039 3532 4084 rebus

1934 4103 2280 4162 visibilibus,
2307 4106 2364 4151 et
2390 4115 2507 4152 non
2528 4103 3139 4165 inveniens:quzerens
3151 4111 3276 4166 ejus
3293 4109 3532 4153 substan-

1937 4175 2073 4224 tiam
2099 4175 2158 4223 in
2182 4173 2418 4235 meipso,
2436 4172 2603 4233 quasi
2630 4173 2844 4234 aliquid
2858 4176 2951 4233 sit,
2974 4175 3231 4235 etqualis
3258 4189 3363 4238 ego
3376 4189 3526 4237 sum,

1934 4255 2121 4306 neque
2169 4243 2474 4292 inveniens
2507 4257 2519 4291 :
2546 4250 2564 4269 °
2609 4255 2805 4304 quaero
2833 4242 3045 4304 aliquid
3085 4257 3256 4306 super
3277 4247 3530 4296 animam

1936 4327 2146 4373 meam,
2183 4318 2241 4364 et
2263 4325 2393 4364 ecce
2421 4312 2605 4364 sentio
2653 4314 2839 4363 Deum
2883 4325 3097 4363 meum.
3136 4317 3282 4377 Ergo
3309 4318 3371 4365 ut
3395 4328 3531 4366 eum

1937 4391 2252 4448 tangerem,

2000 4453 2050 4507 5.
2089 4456 2206 4502 Haec
2244 4453 2553 4502 recordatus
2593 4468 2734 4514 sum,
2771 4457 2815 4500 et
2839 4452 3010 4514 effudi
3066 4453 3126 4500 in.
3163 4468 3246 4501 me
3280 4455 3533 4504 animam

1938 4541 2132 4575 meam.
2157 4525 2394 4585 Quando
2425 4527 2552 4587 (Ex.
2584 4525 2749 4586 Aug.)
2784 4526 2977 4574 anima
3005 4537 3133 4575 mea
3174 4527 3536 4589 contingeret

1943 4597 2095 4660 quod
2109 4609 2278 4660 super
2301 4608 2428 4646 eam
2452 4596 2747 4657 qumritur,
2769 4595 2883 4644 nisi
2907 4595 3098 4645 anima
3122 4608 3250 4646 mea
3266 4610 3436 4660 super
3448 4611 3537 4648 se-

1942 4670 2123 4733 ipsam
2147 4665 2465 4719 effunderet
2496 4680 2558 4717 se
2581 4669 2607 4715 ‘2
2632 4665 2687 4717 Si
2713 4666 2865 4716 enim
2902 4666 2959 4715 in
2983 4666 3168 4730 seipsa
3193 4676 3532 4730 remaneret,

1943 4739 2083 4790 nihil
2105 4737 2260 4789 aliud
2287 4749 2458 4800 quam
2486 4750 2547 4788 se
2573 4737 2809 4800 videret,
2837 4741 2894 4787 et
2909 4749 3039 4787 cum
3068 4750 3130 4789 se
3155 4739 3390 4802 videret,
3417 4753 3535 4792 non

1942 4810 2141 4873 utique
2157 4809 2457 4860 dominum
2483 4821 2674 4859 suum.
2689 4807 2891 4857 Dicant
2897 4809 3018 4871 jam
3033 4808 3399 4862 insultatorcs
3415 4815 3532 4873 mei,

1943 4884 2049 4934 Ubi
2080 4886 2171 4933 est
2196 4883 2346 4931 Deus
2372 4883 2543 4930 tuus?
2571 4880 2769 4930 Dicam
2784 4891 2888 4942 ego
2902 4881 3178 4942 quamdiu
3200 4895 3314 4933 non
3344 4883 3536 4947 video,

1941 4951 2222 5017 quamdiu
2245 4951 2488 5010 differor,
2513 4949 2871 5000 Manducabo
2892 4950 3237 5003 dieacnocte
3253 4953 3538 5018 lacrymas

1945 5037 2124 5075 meas.
2150 5023 2352 5072 Dicant
2375 5022 2452 5071 illi
2475 5021 2682 5084 adhuc,
2716 5021 2822 5071 Ubi
2857 5026 2948 5071 est
2979 5023 3130 5074 Deus
3157 5028 3329 5075 tuus?
3361 5030 3537 5081 Quer

1946 5108 2080 5159 ergo
2110 5097 2296 5146 Deum
2317 5106 2506 5143 meum
2532 5093 2590 5142 in
2615 5092 2773 5142 omni
2800 5091 2819 5125 τ
2840 5105 3090 5156 corpore,
3106 5094 3225 5146 sive
3244 5096 3302 5146 in
3329 5101 3540 5148 terres-

1947 5167 2038 5227 tri,
2065 5166 2187 5216 sive
2213 5164 2272 5214 in
2305 5164 2520 5215 crelesti
2541 5180 2552 5213 :
2577 5167 2635 5213 et
2667 5176 2784 5213 non
2806 5162 3056 5215 invenio.
3083 5167 3386 5217 Meditatus
3407 5181 3538 5218 sum

1949 5241 2140 5287 tamen
2169 5235 2596 5298 inquisitionem
2634 5234 2735 5285 Dei
2760 5235 2891 5298 mei,
2928 5240 2984 5285 et
3008 5248 3106 5298 per
3137 5248 3204 5287 ea
3237 5249 3369 5299 quae
3392 5237 3541 5288 facta

1949 5311 2103 5368 sunt,
2117 5306 2425 5359 invisibilia
2446 5307 2546 5357 Dei
2563 5305 2674 5356 mei
2696 5306 2936 5368 cupiens
2957 5305 3246 5357 intellecta
3256 5311 3542 5368 conspicere

1953 5451 2025 5501 ab
2059 5449 2152 5500 his
2196 5448 2516 5510 inchoatur,
2560 5448 2655 5496 Est
2697 5461 2937 5510 prorsus,
2984 5445 3218 5510 seipsum
3241 5449 3405 5513 enim,
3433 5452 3541 5502 etc.

1953 5523 2085 5573 Mox
2111 5521 2286 5570 verba
2319 5519 2519 5580 collegit
2545 5534 2612 5577 se,
2642 5517 2968 5568 reticentur.

2017 5603 2034 5621 ο
2059 5591 2295 5641 Videtur
2309 5592 2381 5640 ab
2405 5590 2499 5638 his
2524 5590 2646 5652 ipse
2669 5589 2887 5640 restitui
2907 5601 3073 5650 posse
3089 5590 3359 5654 vulgatus
3373 5598 3547 5654 Augu-

1954 5660 2321 5722 stinus,apud
2336 5672 2504 5722 quem
2518 5663 2743 5709 tantum
2755 5664 3019 5722 est,n-equc
3030 5660 3547 5728 inveniens,aliquid

1953 5749 2113 5798 super
2131 5731 2381 5779 animam
2399 5730 2566 5778 sentio
2589 5745 2692 5778 esse
2713 5729 2883 5777 Deum
2906 5745 3101 5782 meum.
3122 5732 3283 5796 Ergo,
3315 5738 3419 5787 etc.

2018 5805 2036 5839 ί
2063 5803 2276 5853 Vitiose
2299 5805 2471 5852 antea
2492 5805 2615 5852 erat
2638 5805 2885 5863 tempore,
2915 5802 3067 5864 quod
3079 5815 3151 5853 ex
3176 5808 3322 5869 Aug.
3351 5819 3574 5860 emen-_

1955 5877 2178 5934 damus,
