3908 6232
465 266 573 321 807

1556 259 1817 312 RUFINO
1850 259 2312 311 PRESBYTERO
2348 258 2725 310 ASCRIPTUS

3716 264 3797 309 ﬁt)

468 383 1201 447 (Rom.1.),etludisuperme
1212 382 1369 433 anim
1384 378 2073 447 am200meam.Etnon
2101 376 2157 448 Α
2179 378 2367 430 denda
2386 380 2684 444 ingressus
2713 380 3041 443 est,etqum
3060 380 3204 443 post
3224 377 3360 428 visa
3382 389 3667 440 egressus
3690 387 3765 428 est
3789 406 3794 426 ρ

462 458 584 520 jam
605 460 825 507 restant.
847 466 978 518 quae
999 459 1250 517 tangam,
1267 453 1382 503 nisi
1403 454 1587 503 Deum
1614 465 1825 501 meum.
1840 451 1922 501 Ibi
1935 453 2073 498 enim

466 528 678 579 domus
702 527 801 578 Dei
836 526 949 576 mei
987 538 1159 588 super
1181 524 1441 575 animam
1470 535 1676 574 meam.
1716 522 1800 573 Ibi
1834 522 2071 580 habitat,

465 599 600 649 inde
619 612 707 649 me
723 597 951 653 creavit.
970 596 1104 647 inde
1120 609 1214 647 me
1231 596 1540 659 gubernat,
1554 594 1689 644 inde
1717 606 1807 643 me
1832 594 2071 653 consulit,

462 670 599 720 inde
625 681 714 719 me
738 671 1056 730 exspectat,
1080 666 1213 717 inde
1239 679 1330 717 me
1367 680 1401 715 v
1417 670 1571 724 ocat,
1594 663 1728 714 inde
1752 676 1845 714 me
1860 662 2070 724 dirigit,

462 739 597 790 inde
620 752 713 790 me
728 738 904 797 ducit,
920 737 1053 787 inde
1078 750 1169 788 me
1195 736 1474 800 perducit.
1504 735 1606 785 Ille
1618 735 1772 786 enim
1788 734 1886 796 qui
1908 734 2072 784 habet

460 810 805 861 altissimam
829 809 886 859 in
912 811 1127 858 secreto
1153 808 1409 869 domum,
1434 807 1614 857 habet
1646 806 1817 855 etiam
1836 806 1896 854 in
1920 809 2072 855 terra

462 880 920 932 tabernaculum.
942 879 1398 929 Tabernaculum
1418 878 1543 940 ejus
1561 877 1619 927 in
1634 881 1801 939 terra,
1818 875 2071 925 Ecclesia

460 952 589 1015 ejus
617 955 706 1002 est
730 948 795 1011 (2.
838 951 960 1000 Cor.
990 948 1083 1011 5.),
1109 949 1626 1011 adhucperegrina.
1652 946 1761 998 Sed
1786 946 2073 1008 inquiren-

458 1021 572 1073 dus
595 1026 685 1073 est
708 1021 808 1084 qui
831 1020 890 1071 in
917 1020 1298 1071 tabernaculo
1314 1018 2071 1081 invenitur,viaquaperve-

454 1093 612 1144 nitur
634 1093 709 1144 ad
732 1092 988 1143 domum.
1018 1091 1253 1142 Etenim
1269 1104 1402 1140 cum
1417 1090 1772 1140 effunderem
1785 1101 1958 1151 super
1976 1102 2068 1139 me

456 1164 711 1216 animam
734 1176 943 1222 meam,
968 1162 1041 1213 ad
1056 1162 1242 1224 atting
1252 1161 1471 1212 endum
1488 1163 1673 1211 Deum
1689 1172 1903 1222 meum,
1915 1174 2069 1220 quare

458 1235 569 1287 hoc
592 1235 699 1285 feci
721 1239 743 1282 ?
771 1234 1042 1292 Quoniam
1062 1228 1376 1295 ingrediar
1416 1233 1472 1280 in
1507 1231 1681 1280 locum
1705 1229 2059 1278 tabernaculi.

461 1306 605 1356 Nam
629 1309 794 1355 extra
803 1304 991 1355 locum
1006 1304 1366 1355 tabernaculi
1384 1302 1585 1354 errabo
1603 1313 1871 1365 quarens
1882 1302 2062 1351 Deum

458 1375 949 1433 meum.Quoniam
970 1375 1258 1437 ingrediar
1269 1374 1327 1422 in
1346 1373 1520 1422 locum
1533 1371 1864 1421 tabernaculi
1879 1372 2005 1419 adm
2014 1372 2066 1419 i-

460 1446 670 1509 rabilis,
694 1460 863 1509 usque
883 1446 956 1494 ad
970 1446 1195 1494 domum
1220 1445 1332 1494 Dei.
1355 1447 1496 1495 Ecce
1516 1448 1735 1507 quanta
1748 1441 2065 1493 admirorin

462 1517 846 1569 tabernaculo.
876 1514 1339 1567 Tabernaculum
1364 1516 1519 1566 enim
1555 1514 1657 1565 Dei
1678 1513 1790 1564 mei
1814 1513 1872 1563 in
1896 1517 2062 1576 terra,

459 1588 722 1639 homines
748 1591 884 1638 sunt
899 1586 1115 1637 fideles.
1139 1586 1483 1638 Admirorin
1507 1586 1592 1636 eis
1607 1586 1863 1649 ipsorum
1887 1595 2063 1633 mem-

459 1660 693 1710 brorum
707 1658 1069 1720 obsequium,
1097 1657 1232 1720 quia
1254 1658 1314 1708 in
1342 1657 1424 1708 eis
1449 1670 1567 1707 non
1589 1659 1789 1719 regnat
1804 1661 2058 1715 peccatum

455 1729 529 1781 ad
551 1728 933 1780 obediendum
951 1728 1252 1780 desideriis
1266 1729 1410 1791 ejus,
1424 1742 1528 1779 nec
1545 1728 1825 1778 exhibent
1837 1728 2055 1773 membra

460 1813 569 1852 sua
591 1800 1085 1862 armainiquitatis
1101 1805 1334 1864 peccato
1357 1801 1523 1863 (Rom.
1543 1798 1612 1861 6.)
1631 1813 1646 1845 :
1662 1797 1761 1848 sed
1779 1796 2056 1847 exhibent

457 1872 578 1923 Deo
601 1871 737 1923 vivo
762 1873 822 1921 in
855 1871 1128 1934 operibus
1172 1871 1374 1921 bonis:
1408 1871 1619 1925 animm
1646 1866 1919 1919 servienti
1942 1868 2060 1918 Deo

458 1944 597 1995 vivo
611 1943 873 1994 membra
895 1941 1211 2006 corporalia
1233 1941 1476 1992 militare
1505 1940 1772 2000 admiror,
1799 1938 2059 2001 Respicio

458 2018 510 2065 et
546 2013 733 2077 ipsam
767 2012 1021 2064 animam
1043 2014 1409 2064 obedientem
1426 2016 1535 2071 Deo,
1558 2012 1948 2058 distribuentem
1962 2012 2059 2057 Deo

457 2097 629 2148 opera
650 2089 816 2135 actus
841 2084 950 2145 sui,
980 2084 1318 2135 frzenanlem
1352 2082 1713 2146 cupiditates,
1751 2080 2059 2145 pellentem

453 2155 856 2219 ignorantiam,
905 2155 1319 2205 extendentem
1369 2166 1430 2203 se
1463 2153 1539 2202 ad
1591 2152 1785 2203 omnia
1829 2151 1974 2202 dura
2002 2155 2060 2202 et

452 2238 655 2290 aspera
681 2225 993 2278 toleranda.
1021 2226 1319 2276 Justitiam
1345 2230 1403 2275 et
1419 2224 1715 2275 caritatem
1733 2222 2060 2286 impenden-

451 2302 571 2349 tem
600 2298 847 2349 caateris.
889 2296 1057 2347 Miror
1080 2300 1137 2346 et
1170 2296 1312 2346 istas
1339 2296 1584 2346 virtutes
1612 2294 1672 2345 in
1716 2293 1927 2355 animo,
1954 2293 2056 2343 sed

451 2368 643 2419 adhuc
667 2368 727 2418 in
752 2369 875 2419 loco
900 2366 1251 2418 tabernaculi
1272 2367 1527 2418 ambulo.
1555 2367 1807 2416 Transeo
1831 2369 1890 2415 et
1910 2364 2053 2427 haec,

452 2441 511 2490 et
521 2439 788 2503 quamvis
804 2438 1136 2490 admirabile
1150 2439 1225 2488 sit
1241 2435 1674 2488 tabernaculum
1685 2473 1698 2498 ,
1720 2439 1924 2499 stupeo
1939 2450 2051 2483 cum

428 2509 623 2561 ’venio
646 2521 833 2573 usque
860 2508 934 2559 ad
977 2509 1217 2561 domum
1240 2509 1359 2573 Dei.
1388 2510 1536 2559 Dum
1561 2508 1806 2559 miratur
1831 2509 2056 2554 membra

451 2579 824 2642 tabernaculi,
852 2580 931 2631 ita
947 2580 1260 2644 perductus
1275 2584 1364 2631 est
1378 2579 1450 2631 ad
1467 2579 1705 2630 domum
1722 2578 1838 2633 Dei.
1854 2589 2055 2640 quam-

450 2651 584 2702 dam
608 2650 972 2703 dulcedinem
988 2651 1286 2715 sequendo
1297 2651 1646 2712 interiorem,
1665 2649 1859 2701 nescio
1875 2660 2051 2710 quam

451 2722 735 2773 occultam
761 2722 1146 2786 voluptatem:
1180 2728 1453 2786 tanquam
1480 2723 1549 2773 de
1573 2722 1745 2772 domo
1763 2720 1865 2770 Dei
1881 2731 2053 2769 sona—
2092 2781 2103 2790 ο

452 2797 542 2844 ret
563 2793 818 2845 suaviter
839 2793 1071 2857 aliquod
1096 2806 1396 2858 organum.
1417 2794 1486 2845 Et
1504 2806 1637 2844 cum
1660 2791 1753 2843 ille
1777 2793 2052 2840 ambularet

440 2862 514 2915 in
540 2864 928 2925 tabernaculo,
954 2865 1151 2916 audito
1193 2865 1444 2929 quodam
1474 2864 1739 2916 interiore
1764 2874 1923 2925 sono,
1950 2860 2053 2911 de-

446 2934 659 2986 ductus
671 2934 974 2987 dulcedine
996 2936 1109 2998 Dei,
1131 2948 1381 2999 sequens
1397 2935 1553 2999 quod
1578 2935 1840 2995 sonabat,
1856 2936 2048 2981 abstra-

444 3006 592 3058 hens
618 3019 680 3058 se
703 3008 775 3058 ab
802 3006 1218 3070 omnistrepitu
1240 3007 1433 3058 carnis
1453 3011 1511 3057 et
1534 3004 1855 3067 sanguinis,
1883 3019 2059 3065 perve-

443 3077 532 3128 nit
543 3090 727 3141 usque
739 3077 813 3129 ad
827 3081 1061 3129 domum
1079 3078 1198 3130 Dei.
1223 3080 1370 3130 Nam
1388 3078 1540 3129 viam
1567 3088 1754 3139 suam,
1767 3080 1824 3126 et
1838 3077 2043 3123 ductum

453 3162 517 3200 se
538 3149 757 3214 sicipse
774 3154 1201 3210 commemorat,
1222 3149 1388 3213 quasi
1413 3148 1738 3198 diceremus
1752 3147 1830 3197 ei:
1851 3149 2045 3194 Miraris

446 3220 950 3272 tabernaculumin
966 3220 1074 3271 hac
1092 3226 1258 3283 terra,
1275 3218 1633 3282 etquomodo
1658 3217 1969 3281 pervenisti
1981 3219 2042 3265 ad

448 3294 735 3342 secretum
760 3291 910 3342 Dei?
932 3292 999 3339 In
1027 3306 1163 3353 voce,
1188 3288 1819 3353 inquit,e.zullationiset
1835 3288 2042 3350 confes-

437 3361 610 3409 sionis
634 3376 800 3409 sonus
822 3362 1107 3424 epulantis.
1140 3363 1200 3411 In
1226 3360 1399 3411 domo
1424 3359 1522 3409 Dei
1548 3358 1831 3409 festivitas
1852 3361 2043 3419 sempi-

435 3435 601 3481 terna
613 3435 720 3482 est.
748 3432 872 3481 Non
896 3431 1049 3481 enim
1064 3431 1142 3481 ibi
1158 3428 1705 3493 celebraturaliquid
1722 3435 1779 3480 et
1804 3430 2038 3481 transit:

432 3500 640 3551 festum
654 3500 1090 3563 sempiternum,
1108 3502 1323 3551 chorus
1336 3500 1693 3564 angelorum,
1709 3500 1909 3551 vultus
1920 3516 2041 3561 prae-

434 3583 571 3621 sens
596 3569 929 3633 Dei,laatitia
952 3571 1073 3621 sine
1090 3571 1332 3633 defectu,
1359 3571 1483 3623 dies
1518 3572 1699 3621 festus
1721 3572 1797 3622 ibi
1822 3572 1902 3621 ita
1928 3577 2037 3635 est,

433 3644 499 3692 ut
530 3653 638 3691 nec
662 3640 948 3703 aperiatur
981 3641 1159 3701 initio,
1196 3654 1303 3692 nec
1328 3642 1443 3693 tlne
1484 3642 1802 3692 claudatur.
1830 3644 1913 3692 De
1943 3641 2038 3693 illa

432 3716 650 3763 aaterna
674 3715 733 3760 et
758 3714 1030 3773 perpetua
1046 3710 1356 3761 festivitate
1374 3716 1540 3761 sonat
1563 3712 1762 3762 nescio
1786 3712 1924 3774 quid
1952 3723 2038 3762 ca-

429 3794 638 3833 norum
654 3780 889 3832 etdulce
903 3781 1140 3832 auribus
1156 3782 1363 3833 cordis.
1380 3782 1488 3833 Sed
1516 3782 1564 3831 si
1581 3794 1697 3832 non
1716 3786 2036 3846 perstrepat

430 3851 688 3903 mundus
715 3852 1034 3903 ambulanti
1060 3853 1120 3903 in
1144 3853 1253 3903 hoc
1273 3851 1661 3907 tabernaculo.
1689 3858 1745 3903 et
1761 3854 2034 3906 miracula

429 3923 527 3972 Dei
553 3923 615 3974 in
646 3922 1039 3986 redemptione
1088 3922 1343 3975 lldelium
1384 3924 1789 3987 consideranti,
1816 3927 2033 3978 mulcet

427 4005 626 4044 aurem
656 4006 838 4044 sonus
868 3993 1195 4046 festivitatis
1230 3994 1402 4060 illius,
1446 4000 1504 4047 et
1525 3998 1674 4060 rapit
1696 4009 1932 4048 cervum
1955 3998 2029 4050 ad

425 4064 615 4116 fontes
644 4075 945 4127 aquarum.

487 4135 596 4186 Sed
631 4134 768 4198 quia
794 4135 916 4199 (Em.
941 4135 1129 4200 Aug.),
1180 4136 1405 4196 fratres,
1434 4138 1709 4201 quamdiu
1736 4152 1941 4191 sumus
1966 4140 2026 4194 in

425 4218 680 4270 corpore,
730 4208 1158 4271 peregrinamur
1199 4222 1234 4259 a
1283 4209 1525 4261 Domino
1554 4209 1621 4273 (“2.
1665 4210 1784 4262 Cor.
1828 4209 1938 4275 5.):
1968 4213 2026 4263 et

424 4290 633 4341 corpus
657 4276 813 4340 quod
840 4279 1240 4342 corrumpitur,
1266 4284 1546 4344 aggravet
1569 4281 1841 4342 animam,
1859 4284 1916 4331 et
1934 4282 2024 4333 de-

423 4348 618 4411 primit
642 4348 1218 4402 terrenainhabitatio
1250 4363 1489 4401 sensum
1516 4352 1697 4401 multa
1722 4354 2019 4411 cogitantem

425 4419 572 4483 (Sap.
613 4419 705 4482 9.).
742 4421 813 4469 Et
854 4420 903 4470 si
948 4425 1258 4484 utrumque
1303 4421 1529 4472 nebulis
1564 4422 1875 4485 diilugatis,
1900 4435 2025 4473 am-

2066 3105 2115 3179 C

2178 452 2373 514 Quare,
2406 452 2609 514 inquit,
2636 452 2805 500 tristis
2827 467 2878 500 cs
2899 452 3102 499 anima
3124 465 3276 511 mea,
3307 449 3379 497 Et
3404 464 3582 512 quare
3598 456 3794 497 ςοηιτερο

2173 522 2267 571 bas
2289 525 2411 572 me?
2433 526 2575 574 Ecce
2591 525 2712 586 jam
2733 523 2987 587 quadam
3005 522 3293 573 interiore
3321 520 3643 571 dulcedine
3670 524 3779 568 1351;!

2174 606 2398 644 sumus.
2413 596 2556 645 Ecce
2572 595 2694 645 acie
2706 594 3151 657 mentisaliquid
3171 591 3675 643 incommutabile
3706 598 3789 651 ius-

2173 665 2415 716 strictim
2438 670 2497 716 et
2520 665 2745 729 raptim)
2782 666 3104 730 perspicere
3130 664 3478 729 potuimus:
3507 677 3691 726 quare
3712 666 3793 711 ai-

2170 735 2283 786 huc
2307 749 2535 799 quoque
2549 737 2729 787 tristis
2751 750 2829 799 es,
2854 737 3052 787 anima
3075 738 3251 786 mea?
3280 737 3413 786 Non
3433 735 3594 785 enim
3610 737 3788 780 dubus

2170 806 2240 856 de
2265 808 2382 857 Deo
2406 812 2524 858 tuo.
2550 808 2840 870 Numquid
2868 807 3021 858 enim
3052 819 3173 858 non
3201 810 3300 857 est
3328 805 3499 869 quod
3526 805 3633 856 tibi
3654 806 3786 854 dices

2170 881 2369 927 contra
2392 877 2520 929 illos
2543 878 2642 941 qui
2666 878 2885 936 dicunt,
2913 878 3019 929 Ubi
3044 880 3319 929 estDeus
3348 880 3533 927 tuus?
3551 878 3687 925 Jam
3708 877 3789 925 ali.

2170 948 2309 1009 quid
2330 949 2798 1000 incommutabile
2845 949 3343 1013 persensizquare
3365 948 3571 999 adhuc
3583 953 3787 996 contur-

2170 1019 2273 1068 bas
2291 1024 2420 1069 me?
2432 1020 2600 1084 Spera
2623 1021 2685 1068 in
2699 1021 2821 1071 Deo.
2836 1023 2905 1071 Et
2936 1020 3110 1083 quasi
3146 1019 3549 1083 responderet
3572 1018 3657 1067 illi
3678 1020 3784 1067 ani-

2167 1101 2264 1139 ma
2296 1091 2425 1151 ejus
2460 1091 2518 1141 in
2553 1091 2779 1142 silentio
2814 1108 2826 1141 :
2861 1093 3047 1153 Quare
3072 1092 3374 1142 conturbo
3401 1094 3483 1152 te,
3515 1089 3642 1138 nisi
3671 1090 3781 1151 quia

2167 1160 2426 1211 nondum
2451 1162 2526 1211 ibi
2552 1174 2705 1219 sum,
2730 1163 2829 1212 ubi
2852 1165 2942 1212 est
2969 1162 3143 1213 dulce
3166 1161 3338 1224 illud,
3367 1172 3494 1223 quo
3528 1160 3613 1209 sic
3644 1162 3779 1222 rapta

2168 1242 2297 1280 sum
2320 1233 2483 1294 quasi
2502 1245 2597 1295 per
2619 1234 2921 1284 transitum
2940 1236 2967 1283 ?
2987 1232 3289 1295 Numquid
3304 1235 3435 1294 jam
3462 1233 3561 1282 ibo
3578 1231 3652 1281 de
3666 1233 3777 1279 foul-3

2163 1300 2277 1363 illo,
2294 1303 2403 1352 nisi
2415 1307 2682 1353 metuens
2703 1306 2729 1352 ?
2744 1305 2771 1353 .l
2780 1316 2872 1353 am
2897 1303 3124 1354 nullum
3144 1302 3509 1354 scandalum
3525 1302 3777 1366 pertime-

2165 1386 2288 1423 sco:
2304 1375 2423 1436 jam
2449 1374 2520 1425 de
2545 1374 2955 1439 cupiditatibus
2972 1375 3253 1425 omnibus
3272 1378 3591 1437 tamquam
3604 1374 3776 1420 edomi-

2164 1445 2239 1495 tis
2262 1445 2542 1507 victisque
2567 1458 2767 1495 secura
2782 1458 2932 1496 sum.
2948 1447 3155 1495 Nonne
3177 1444 3482 1496 adversus
3495 1456 3591 1495 me
3602 1445 3775 1494 diabo-

2160 1514 2255 1566 lus
2271 1515 2503 1576 viuilat?
2525 1516 2721 1566 Hostis
2747 1528 2911 1566 meus
2924 1529 3115 1566 nonne
3130 1515 3381 1578 laqueos
3395 1515 3549 1565 mihi
3563 1517 3770 1576 quotidie

2161 1586 2516 1649 deceptionis
2531 1586 2817 1637 intendit?
2835 1588 2960 1637 Non
2984 1588 3076 1638 vis
3092 1587 3450 1638 conturbem
3470 1587 3768 1649 etpositain

2162 1656 2396 1721 saeculo,
2422 1662 2477 1709 et
2503 1659 2798 1721 peregrina
2819 1657 3009 1708 adhuc
3035 1670 3070 1708 a
3093 1657 3273 1708 domo
3306 1658 3415 1708 Dei
3449 1658 3603 1707 mei?
3618 1656 3767 1720 Spera

2167 1728 2224 1776 in
2250 1728 2374 1791 Deo,
2402 1729 2696 1792 respondit
2712 1729 3077 1779 conturbanti
3093 1740 3159 1779 se
3186 1729 3409 1779 animae
3421 1740 3555 1779 suae
3568 1730 3767 1788 etquas

2163 1800 2440 1850 rationem
2458 1799 2717 1850 reddenti
2738 1799 3191 1863 perturbationis
3217 1811 3349 1851 sua;
3369 1799 3764 1864 proptermala

2159 1870 2372 1933 quibus
2386 1871 2644 1921 abundat
2654 1870 2744 1920 hic
2760 1870 3017 1920 mundus
3041 1883 3054 1919 :
3071 1870 3334 1931 Interim,
3354 1870 3762 1933 inquiLhabita

2156 1941 2218 1991 in
2243 1954 2361 2005 spe.
2390 1943 2528 2004 Spes
2550 1942 2700 1992 enim
2727 1953 2860 2004 quae
2885 1940 3132 2002 videtur,
3148 1954 3271 1992 non
3289 1945 3385 1992 est
3405 1954 3565 2004 spes.
3590 1941 3646 1991 Si
3670 1954 3762 1990 au-

2160 2017 2273 2062 tem
2301 2011 2454 2074 quod
2479 2024 2596 2063 non
2621 2012 2885 2062 videmus
2913 2024 3243 2076 speramus,
3292 2024 3401 2076 per
3434 2011 3761 2076 patientiam

2156 2088 2563 2146 exspectamus
2591 2084 2763 2144 (Rom.
2789 2081 2881 2145 8.).

2220 2154 2389 2217 Spera
2434 2154 2495 2201 in
2539 2155 2661 2203 Deo.
2710 2156 2896 2215 Quare
2946 2165 3150 2217 speras
3179 2154 3240 2204 in
3266 2154 3648 2218 Deo?[Vers.
3675 2151 3749 2215 7.]

2156 2224 2429 2282 Quoniam
2450 2226 2631 2274 adhuc
2653 2224 2938 2286 conﬁtebor
2970 2224 3072 2274 illi.
3098 2224 3249 2286 Quid
3272 2226 3323 2275 ei
3349 2225 3718 2276 confiteberis
3733 2228 3755 2272 ι’

2158 2295 2410 2345 Salutare
2445 2296 2621 2345 vultus
2644 2296 2747 2344 mei
2792 2301 2837 2343 et
2868 2294 3007 2343 Deus
3038 2311 3211 2345 meus.
3237 2299 3284 2346 A
3308 2310 3407 2347 me
3432 2296 3577 2347 mihi
3604 2295 3750 2345 salus

2157 2378 2287 2417 esse
2324 2379 2440 2417 non
2470 2372 2675 2431 potest.
2721 2368 2954 2429 Propter
2977 2366 3087 2417 hoc
3115 2367 3307 2418 dicam
3339 2368 3449 2418 hoc
3482 2365 3757 2428 ωπβιάιος·

2154 2436 2407 2489 Salutare
2424 2442 2607 2501 tuum,
2625 2451 2658 2489 ο
2671 2440 2827 2489 Deus
2848 2440 3027 2493 Pater.
3041 2442 3135 2489 est
3160 2439 3362 2489 vultus
3378 2439 3519 2499 mei,
3536 2440 3753 2487 videlicet

2153 2512 2244 2557 est
2266 2508 2463 2560 homo:
2500 2510 2649 2559 sicut
2685 2510 2962 2571 scriptum
2994 2512 3103 2571 est,
3138 2510 3410 2560 Formam
3434 2510 3589 2561 servi
3611 2508 3752 2559 acci-

2153 2578 2316 2641 piens
2328 2584 2386 2630 et
2408 2580 2605 2630 habitu
2624 2580 2897 2630 inventus
2908 2584 2975 2630 ut
2995 2579 3174 2630 homo
3204 2580 3429 2644 (Philip.
3455 2579 3527 2641 2.)
3553 2595 3567 2629 :
3590 2585 3647 2629 et
3670 2580 3750 2629 est

2152 2650 2323 2701 etiam
2347 2652 2520 2701 Deus.
2540 2652 2713 2701 Recte
2727 2655 2916 2701 autem
2933 2650 3138 2701 Filium
3160 2655 3330 2701 tuum
3357 2651 3490 2702 dico
3513 2651 3749 2702 salutare

2153 2724 2317 2771 tuum
2343 2735 2356 2770 :
2378 2722 2512 2784 quia
2532 2733 2631 2786 per
2651 2734 2783 2772 eum
2811 2722 3101 2773 hominem
3120 2721 3347 2773 factum
3361 2727 3645 2774 aeternam
3662 2735 3747 2772 no-

2153 2792 2242 2842 bis
2253 2796 2520 2856 operatus
2532 2805 2595 2843 es
2612 2792 2876 2843 salutem.
2890 2794 2957 2843 Et
2970 2793 3140 2855 quasi
3167 2793 3386 2844 diceret
3398 2793 3634 2857 aliquis:
3657 2797 3745 2840 (‘ur

2152 2863 2609 2927 itaimproperas,
2636 2867 2693 2913 et
2716 2863 2926 2914 videris
2946 2863 3116 2914 irasci
3143 2864 3359 2915 animae
3388 2869 3507 2916 tua:
3528 2865 3735 2925 dicens,

2152 2936 2333 2996 Quare
2360 2934 2537 2986 tristis
2559 2947 2623 2985 es
2650 2933 2839 2985 anima
2860 2947 2989 2985 mea
3006 2938 3030 2983 9
3049 2938 3107 2985 et
3132 2941 3366 2986 austera.
3392 2935 3736 3000 Respondit:

2155 3006 2521 3069 Admeipsum
2559 3005 2753 3054 anima
2786 3020 2921 3065 mea,
2958 3005 3128 3067 idest,
3176 3006 3509 3058 animalilas
3538 3010 3596 3058 et
3626 3020 3742 3058 sen-

2148 3077 2387 3128 sualitas
2404 3076 2722 3128 scilicetilla
2746 3089 2876 3140 pars
2901 3076 3379 3139 animminferior,
3409 3091 3545 3142 quae
3567 3081 3739 3128 animal

2144 3153 2203 3200 et
2228 3148 2480 3199 viviﬂcat
2506 3160 2740 3211 corpus,
2763 3147 3097 3198 Conturbata
3119 3154 3213 3210 est,
3246 3155 3482 3212 propter
3517 3151 3736 3201 tribula-

2144 3220 2331 3271 tiones
2356 3231 2486 3281 quae
2502 3218 2643 3269 mihi
2667 3219 3014 3270 inferuntur:
3049 3224 3110 3271 et
3130 3232 3253 3270 non
3276 3219 3413 3270 inde
3432 3221 3735 3285 culpandus

2140 3293 2229 3359 est
2253 3296 2467 3352 auctor,
2503 3290 2605 3341 sed
2638 3290 2709 3340 ad
2734 3291 3019 3354 meipsum
3064 3290 3397 3349 ferendum.
3430 3292 3601 3344 idest.
3625 3307 3733 3344 meo

2141 3362 2279 3412 vitio
2308 3362 2875 3425 estretorquendum.
2903 3362 3050 3424 Ergo
3083 3361 3190 3424 (Ea:
3208 3362 3382 3425 Aug.)
3406 3364 3545 3425 quia
3566 3366 3632 3415 ad
3658 3378 3732 3415 me

2141 3434 2363 3483 turbata
2385 3438 2474 3484 est
2490 3435 2681 3484 anima
2702 3444 2850 3492 mea,
2873 3435 2929 3483 et
2950 3432 3105 3483 hanc
3126 3434 3621 3496 perturbationem
3637 3438 3732 3483 ferit

2140 3505 2736 3569 superbiazPropterea
2759 3518 2964 3552 memor
2988 3519 3079 3552 eno
3104 3504 3185 3551 lui
3211 3504 3274 3551 de
3300 3510 3448 3553 terra
3472 3506 3727 3565 Jordanis,

2330 3583 2375 3624 ct
2391 3576 2753 3635 Hrrmoniim,
2778 3591 2814 3624 a
2835 3579 3013 3622 monte
3030 3575 3261 3625 modico.
3282 3575 3449 3627 Unde
3477 3590 3606 3627 sum
3626 3591 3728 3628 me-

2135 3647 2449 3698 mortui?A
2469 3650 2666 3697 monte
2688 3658 2884 3709 parvo,
2901 3650 2960 3697 et
2978 3644 3050 3696 de
3074 3650 3227 3697 terra
3251 3648 3553 3709 Jordanis,
3575 3649 3724 3706 idest,

2135 3716 2420 3780 baptismo
2446 3718 2541 3768 ubi
2558 3717 2921 3768 estremissio
2936 3720 3328 3779 peccatorum.
3355 3720 3585 3770 Etenim
3602 3735 3723 3767 nemo

2134 3788 2309 3838 currit
2335 3788 2407 3839 ad
2436 3788 2835 3839 remissionem
2860 3790 3247 3850 peccatorum,
3272 3789 3387 3839 nisi
3403 3791 3723 3853 quidisplieet

2132 3858 2258 3908 sibi.
2273 3860 2452 3909 Nemo
2476 3859 2652 3909 currit
2672 3859 2744 3909 ad
2777 3859 3182 3910 remissionem
3211 3865 3606 3924 peccatorum,
3627 3860 3719 3912 nisi

2132 3930 2228 3991 qui
2255 3942 2318 3981 se
2348 3930 2653 3981 confitetur
2701 3935 3077 3994 peccetorem.
3129 3932 3311 3981 Nemo
3342 3944 3409 3982 se
3437 3933 3719 3983 conﬁtetur

2129 4005 2503 4063 peccatorem,
2540 4002 2651 4052 nisi
2684 4002 2779 4064 qui
2819 4014 2880 4051 se
2909 4000 3305 4053 humiliaverit
3337 4003 3480 4053 Deo.
3509 4006 3648 4067 Ergo
3667 4002 3719 4048 de

2128 4076 2274 4119 terra
2293 4072 2556 4120 Jordanis
2566 4086 2771 4120 memor
2784 4087 2873 4120 ero
2896 4078 2913 4119 ι
2922 4072 3000 4132 ui,
3024 4078 3069 4120 et
3085 4073 3149 4121 (le
3168 4078 3353 4121 monte
3375 4089 3568 4136 panso,
3587 4079 3646 4123 ut
3666 4078 3715 4122 tu

2124 4139 2299 4192 facias
2323 4154 2619 4205 magnum.
2648 4142 2927 4204 Quoniam
2948 4143 3123 4205 quise
3139 4144 3379 4205 exaltat,
3406 4144 3716 4195 humiliabi-

2124 4213 2244 4262 tur:
2271 4218 2329 4263 et
2357 4213 2453 4276 qui
2483 4226 2546 4264 se
2571 4212 2858 4270 humiliat,
2884 4213 3234 4265 exaltabitur
3252 4216 3469 4277 (Matth.
3494 4214 3583 4269 23.
3607 4216 3713 4263 Luc.

2122 4280 2248 4345 18.).
2272 4284 2328 4333 Si
2360 4288 2556 4335 autem
2581 4285 3111 4347 interpretationem
3149 4287 3460 4336 nominum
3487 4297 3711 4349 quaeras,

2122 4353 2391 4404 Jordanis
2406 4358 2493 4405 est
2506 4355 2771 4403 descensio
2784 4370 2990 4405 eorum.
3016 4356 3317 4407 Descende
3332 4370 3489 4421 ergo,
3513 4364 3573 4407 ut
3590 4358 3713 4407 leve.

2122 4423 2361 4475 ris.Noli
2386 4425 2578 4477 extolli
2606 4426 2781 4488 (Rom.
2822 4425 2854 4479 9
2880 4427 2913 4487 ),
2948 4438 3022 4476 ne
3043 4426 3292 4477 elidaris.
3322 4428 3393 4476 Et
3420 4428 3484 4476 de
3517 4428 3711 4476 Hernic-

422 4489 673 4540 bulando
697 4502 797 4553 per
820 4490 1171 4542 desiderium
1188 4491 1260 4542 ad
1284 4492 1438 4543 hunc
1464 4504 1674 4543 sonum
1698 4494 2023 4556 perveneri-
2044 4518 2101 4591 D
2125 4495 2264 4543 -ηἰίηι
2284 4511 2319 4543 α
2352 4501 2530 4545 monte
2547 4511 2733 4560 parvo.
2750 4498 3001 4548 Hermon
3023 4506 3040 4525 ·
3059 4499 3550 4547 anathematisatio
3565 4499 3710 4549 inter-

422 4571 551 4591 mnn
598 4559 884 4591 iniam-lum
918 4561 1128 4591 nlinuirl
1158 4561 1228 4591 An
1264 4561 1352 4591 ἰΙΙει
1384 4563 1554 4591 Anmn
1579 4563 1814 4591 ηἰιοηιιη
1839 4564 1988 4591 ηειηηὶ
2126 4570 2382 4591 “muni..-
2452 4567 2871 4591 Ακηιιςληςηιζηη
2904 4568 3144 4591 intra...“
3210 4568 3570 4591 A:..-1:--...:-
3610 4568 3691 4591 nx:

419 4571 572 4618 mus,
598 4559 889 4628 interdum
916 4561 1133 4623 aliquid
1158 4561 1228 4612 de
1262 4561 1360 4613 illa
1383 4563 1554 4613 domo
1579 4563 1814 4613 nitendo
1838 4564 2023 4628 carpi-

418 4641 587 4679 mus:
620 4627 669 4693 2
681 4627 730 4694 ο
749 4628 767 4694 |
788 4642 964 4681 onere
977 4635 1169 4682 tamen
1185 4634 1433 4694 quodam
1446 4633 1797 4684 infirmitatis
1808 4627 2023 4687 nostrai

423 4697 497 4747 ad
534 4703 819 4749 consueta
842 4700 1168 4764 recidimus,
1195 4708 1253 4753 et
1274 4702 1347 4754 ad
1371 4702 1537 4755 solita
1559 4704 1671 4754 ista
1700 4705 2021 4756 dilabimur.

427 4769 496 4838 Et
516 4768 893 4830 quomodoibi
910 4771 1314 4824 inveneramus
1339 4774 1493 4825 unde
1515 4775 1914 4838 gauderemus,
1940 4776 2022 4827 sic

422 4837 517 4889 hic
541 4851 659 4888 non
688 4839 869 4890 deerit
894 4841 1047 4891 unde
1086 4855 1405 4904 gemamus.
1431 4837 1657 4896 Etenim
1680 4846 1790 4898 iste
1814 4860 2021 4899 cervus

419 4908 779 4981 manducans
801 4909 973 4961 diead
999 4917 1163 4963 nocte
1180 4913 1459 4978 lacrymas
1476 4928 1632 4978 suas,
1651 4922 1849 4981 raptus
1873 4917 2002 4969 desi

419 4980 573 5031 derio
596 4980 669 5031 ad
695 4980 881 5031 fontes
894 4992 1193 5043 aquarum,
1209 4984 1534 5037 interiorem
1565 4980 1781 5039 scilicet
1799 4989 1869 5039 ad
1890 4989 1921 5039 d
1935 4990 2022 5040 ul-

417 5051 679 5103 cedinem
702 5051 822 5113 Dei,
838 5051 1142 5104 effundens
1153 5067 1325 5117 super
1348 5068 1411 5107 se
1431 5058 1682 5107 animam
1706 5071 2019 5119 suam,am-

414 5123 626 5175 bulans
649 5124 710 5174 in
734 5122 859 5174 loco
884 5124 1601 5177 tabernaculiadmirabilis
1624 5131 1889 5191 usquead
1914 5131 2019 5182 do-

414 5206 579 5245 mum
602 5193 722 5258 Dei,
756 5198 815 5245 et
852 5194 1061 5245 ductus
1085 5194 1370 5246 interioris
1406 5199 1463 5247 et
1489 5196 1863 5261 intelligibilis
1889 5203 2013 5252 soni

362 5262 367 5267 '
405 5262 786 5333 jocunditate,
813 5268 879 5316 ut
903 5264 1098 5315 omnia
1119 5264 1402 5315 exteriora
1426 5272 1838 5333 contemneret,
1864 5276 1922 5322 et
1938 5272 2013 5323 ad

409 5332 679 5403 interiora
696 5340 988 5399 raperetur
1015 5334 1236 5387 :adhuc
1245 5340 1443 5399 tamen
1467 5336 1643 5390 homo
1687 5342 1795 5403 est,
1821 5332 2012 5394 adhuc

407 5402 500 5454 hic
524 5408 719 5468 gemit,
731 5405 921 5458 adhuc
938 5419 1170 5458 carnem
1183 5406 1442 5473 fragilem
1456 5414 1658 5473 portat,
1674 5402 1863 5463 adhuc
1880 5415 2013 5461 inter

413 5475 684 5527 scandala
708 5476 886 5540 hujus
908 5477 1117 5528 mundi
1162 5472 1527 5541 periclitatur.
1564 5481 1832 5545 Respexit
1857 5490 1915 5534 et
1935 5483 2009 5534 ad

413 5554 494 5614 se,
523 5549 821 5608 tamquam
855 5548 986 5599 inde
1018 5549 1277 5614 veniens,
1319 5552 1377 5602 et
1398 5551 1479 5602 ait
1501 5552 1628 5613 sibi,
1655 5554 2008 5605 constitutus

414 5610 679 5664 interhas
707 5617 992 5669 tristitias:
1012 5610 1352 5684 comparans
1373 5621 1483 5673 hac
1503 5610 1634 5684 illis,
1656 5623 1730 5675 ad
1755 5636 1887 5688 quas
1915 5625 2008 5677 vi-

2124 4570 2397 4629 pretatur.
2441 4567 2877 4619 Anathematisa
2904 4568 3168 4631 teipsum,
3208 4568 3572 4633 displicendo
3610 4568 3710 4619 tibi.

2122 4636 2462 4701 Displicebls
2496 4638 2649 4689 enim
2689 4640 2820 4698 Deo,
2856 4638 2903 4689 si
2951 4638 3234 4702 placueris
3270 4641 3395 4690 tibi.
3426 4643 3571 4702 Ergo
3592 4640 3707 4703 quia

2121 4707 2274 4757 Deus
2299 4709 2492 4759 omnia
2515 4709 2667 4760 bona
2678 4710 2844 4760 nobis
2857 4712 3110 4773 praestat.
3137 4710 3274 4772 quia
3289 4711 3418 4774 ipse
3441 4713 3619 4762 bonus
3633 4714 3707 4759 est

2121 4790 2239 4829 non
2266 4780 2401 4842 quia
2425 4793 2531 4830 nos
2547 4780 2707 4844 digni
2720 4793 2926 4831 sumus
2945 4796 2957 4829 :
2977 4782 3114 4844 quia
3138 4780 3232 4831 ille
3257 4782 3702 4842 misericors,non

2114 4850 2256 4912 quia
2269 4850 2325 4900 in
2340 4849 2534 4914 aliquo
2552 4850 2970 4915 promeruimu‘s
2988 4852 3069 4901 :de
3085 4856 3229 4900 terra
3241 4852 3457 4901 Jordan
3469 4854 3512 4901 is
3522 4866 3705 4901 membr

2118 4935 2206 4968 ero
2231 4921 2328 4969 tui.
2366 4922 2667 4985 Propterea
2694 4922 2862 4972 etiam
2886 4934 3109 4973 memor
3132 4935 3231 4973 ero
3268 4923 3353 4974 tui
3376 4939 3389 4974 :
3417 4925 3566 4986 quia.

2179 4989 2230 5043 8.
2255 4990 2489 5055 Abyssus
2531 4992 2782 5055 abyssum
2828 4993 3037 5041 invocat
3072 4993 3135 5040 in
3160 5008 3280 5043 voce
3302 5000 3687 5042 cataractarum

2118 5063 2628 5126 tuarum.Abyssus
2642 5061 2996 5126 profunditas
3008 5063 3279 5126 quadam
3292 5068 3387 5115 est
3419 5069 3702 5125 impenetra-

2115 5131 2262 5194 bilis,
2276 5132 2883 5196 incomprehensibilis.
2907 5135 3183 5184 Putamus
3207 5147 3328 5186 non
3352 5148 3452 5187 cor
3471 5133 3695 5185 hominis

2104 5202 2367 5265 'abyssus
2380 5207 2472 5253 est
2491 5207 2518 5253 ?
2536 5203 2683 5262 Quid
2702 5204 2855 5253 enim
2878 5203 3225 5267 profundius
3243 5205 3355 5256 hac
3378 5203 3693 5269 abysso‘no-

2112 5273 2210 5335 qui
2225 5274 2484 5325 homines
2496 5274 2943 5338 possunt,videri
2957 5280 3206 5338 possunt
3216 5289 3320 5339 per
3330 5277 3691 5340 operationem

2110 5345 2516 5406 membrorum,
2537 5345 2719 5395 audiri
2738 5345 2799 5395 in
2823 5358 3114 5397 sermone:
3135 5348 3236 5397 sed
3262 5349 3437 5411 cujus
3453 5345 3690 5409 cngitatio

2109 5419 2482 5478 penetratur?
2504 5417 2681 5477 Cujus
2701 5429 2800 5467 cor
2821 5416 3129 5480 inspicitur
3152 5419 3181 5466 ?
3203 5417 3348 5479 quid
3371 5419 3527 5469 intus
3552 5417 3688 5480 gerat

2110 5485 2246 5546 quid
2259 5486 2417 5536 intus
2434 5486 2634 5550 possit,
2650 5486 2788 5549 quid
2810 5488 2967 5537 intus
2992 5491 3147 5550 agat,
3174 5488 3317 5550 quid
3337 5488 3498 5540 intus
3520 5487 3683 5549 dispo-

2106 5559 2226 5618 nat,
2245 5556 2382 5618 quid
2402 5557 2561 5608 intus
2588 5558 2743 5620 velit,
2758 5558 2893 5621 quid
2917 5557 3079 5609 intus
3096 5557 3258 5617 nolit,
3292 5561 3429 5622 quis
3458 5567 3679 5620 compre—

2107 5626 2308 5677 hendit
2347 5626 2627 5691 i’Abyssus
2650 5627 2906 5692 abyssum
2946 5629 3177 5689 invocat,
3212 5629 3390 5683 homo
3423 5631 3673 5683 hominem

480 5752 497 5772 ·
530 5744 666 5811 Legi
690 5750 880 5802 tamen
914 5753 1140 5807 malunt
1160 5755 1531 5824 Benedictini,
1562 5758 1955 5826 anathematio,
1987 5764 2047 5815 et
2071 5776 2222 5829 mox,
2249 5764 2562 5820 anathema.
