3908 6232
146 296 269 351 809

1179 298 1250 347 IN
1284 297 1607 352 PSALMOS
1644 302 1852 354 LXXV
1887 302 2449 355 COMMENTARIUS

3352 316 3456 376 810

145 410 443 497 lucratur.
470 407 835 497 {von-tamen
846 407 910 497 in
934 419 1237 497 voeejsua:
1247 408 1348 461 sed
1454 423 1593 463 voce
1616 413 1762 495 cata:
1787 419 1840 490 Α
1862 413 2149 497 justitiam
2175 425 2342 497 suam
2365 416 2580 497 orando
2605 422 2927 497 promereri.
2953 422 3145 478 Oratio
3167 415 3377 497 quippe
3396 434 3456 487 in

145 486 455 535 metarum
479 480 732 541 tuarum,
748 477 916 540 idest,
941 478 1375 542 prmdicatorum
1396 485 1644 547 tuorum,
1663 485 1763 547 qui

150 566 269 617 per
298 562 501 601 vocem
527 561 685 599 suam
712 549 871 611 regni
894 548 1144 600 caelestis
1166 551 1333 601 nobis
1348 554 1766 615 aperiuntclari-

150 631 363 675 tatem.
384 624 697 671 Cataracta)
712 621 863 671 enim
881 620 1153 671 dicuntur
1166 622 1452 675 fenestrae.
1466 626 1681 677 Tamen
1692 643 1765 675 se-

147 695 426 747 cundum
446 691 731 754 quosdam
746 695 1047 743 cataracta:
1060 693 1330 744 dicuntur
1344 698 1566 760 proprie
1578 712 1767 761 aquae-

147 767 383 817 ductus
402 765 552 813 unde
566 761 766 813 ebullit
779 774 946 825 aqua.
968 762 1132 814 Tales
1150 770 1288 815 sunt
1312 767 1495 817 sancti
1511 773 1764 829 prophetas

146 841 217 889 et
244 835 529 901 Apostoli,
564 846 599 884 a
642 835 852 897 quibus
884 834 1053 885 nobis
1084 836 1285 887 deﬁuit
1320 850 1455 889 vera
1485 839 1761 891 doctrina.

144 909 270 960 Vel
299 910 360 959 in
384 919 522 959 voce
546 909 978 967 cataractarum,
1009 905 1178 967 idest,
1204 907 1660 973 praedicantium,
1686 911 1767 961 in-

148 984 340 1037 vocat
363 979 614 1041 abyssus
638 976 914 1039 abyssum
941 994 951 1024 :
980 978 1113 1039 quia
1132 980 1305 1029 verba
1323 991 1453 1041 quae
1471 984 1764 1045 praedicant,

145 1063 234 1102 ex
264 1062 419 1101 novo
444 1052 501 1099 et
524 1048 701 1098 veteri
726 1048 1089 1097 'l’estamento
1115 1050 1474 1101 conﬁrmant.
1497 1054 1763 1114 Abyssus

144 1124 399 1173 invocat
412 1121 710 1182 abyssum,
730 1119 863 1180 quia
873 1119 987 1169 duo
1005 1123 1350 1171 testamenta
1361 1122 1647 1183 quoddam
1665 1126 1762 1172 sibi

144 1197 375 1243 mutuo
398 1189 704 1241 conferunt
724 1188 1126 1252 adiumentum
1150 1208 1163 1239 :
1195 1192 1328 1253 quia
1344 1197 1512 1243 vetus
1536 1197 1766 1257 estpro-

145 1263 363 1328 phetia
383 1261 537 1320 novi,
572 1264 630 1310 et
654 1271 869 1309 novum
902 1262 1113 1312 veteris
1143 1268 1231 1311 est
1257 1263 1540 1326 expositio
1565 1265 1765 1315 Testa-

146 1334 369 1386 menti.
411 1331 624 1383 Audita
666 1335 861 1381 autem
886 1331 1307 1394 praedicatione.
1340 1334 1539 1382 Omnia
1562 1336 1765 1386 εωεειεα

147 1412 284 1465 tua,
314 1404 483 1466 idest,
518 1401 940 1465 omniajudicia
973 1403 1071 1453 tua
1093 1401 1225 1467 alta,
1250 1404 1692 1469 investigabilia,
1718 1412 1764 1456 et

146 1478 362 1540 ﬂuctus
385 1476 483 1534 tui,
528 1472 697 1535 idest,
734 1472 1207 1525 comminationes
1244 1477 1380 1538 tum,
1406 1480 1685 1527 terrentes
1710 1480 1765 1528 et

151 1548 482 1599 tundentes
493 1559 653 1608 super
675 1557 757 1591 me
781 1544 1132 1595 transierunt.
1152 1545 1576 1608 Superaverunt
1598 1560 1690 1598 me
1706 1552 1764 1599 et

148 1620 221 1670 in
243 1619 365 1669 imo
389 1616 810 1668 demerserunt:
832 1613 933 1664 sed
958 1618 1153 1664 tamen
1179 1616 1543 1669 transierunt.
1556 1620 1763 1670 Reces-

151 1692 240 1741 sit
264 1690 370 1753 ira,
389 1687 542 1739 venit
556 1684 959 1736 misericordia.
979 1685 1356 1738 Transierunt
1366 1689 1592 1749 ﬁuctus,
1610 1690 1765 1741 venit

156 1759 571 1823 tranquillitas.
590 1757 930 1820 Agitabatur
941 1757 1209 1807 navicula
1225 1759 1433 1820 ventis,
1451 1763 1762 1821 operiebatur

152 1834 442 1884 fluctibus
469 1848 479 1878 :
516 1827 986 1879 exclamaverunt
1021 1829 1408 1891 periclitantes
1434 1833 1568 1894 Deo,
1596 1834 1762 1884 Salva

151 1904 390 1955 nos:Et
414 1901 536 1962 ipse
552 1898 853 1962 imperavit
872 1899 1144 1948 ﬂuctibus
1165 1902 1220 1949 et
1252 1901 1483 1961 mari,et
1497 1902 1648 1953 facta
1672 1909 1762 1956 est

154 1971 556 2037 tranquillitas
577 1981 788 2032 magna
817 1969 1022 2031 (Matth.
1053 1969 1102 2022 8.
1130 1971 1299 2019 Marc.
1326 1970 1417 2033 6.).
1446 1973 1553 2022 Ubi
1575 1974 1763 2026 abun-

153 2047 329 2099 davit
362 2046 678 2108 peccatum,
705 2040 1200 2103 superabundavit
1233 2042 1418 2105 gratia
1454 2044 1623 2105 (Rom.
1647 2044 1718 2109 5.)
1745 2062 1761 2095 ε

156 2119 307 2183 quia
316 2116 469 2167 inira
480 2125 587 2183 sua
597 2125 711 2162 non
725 2110 1013 2162 continuit
1026 2111 1446 2164 misericordias
1460 2127 1596 2164 suas
1614 2119 1760 2169 Deus.

159 2182 333 2242 Unde
359 2191 416 2237 et
449 2182 716 2236 subditur
740 2197 753 2231 :

228 2259 286 2313 9.
325 2258 388 2306 In
411 2257 496 2305 die
524 2252 809 2302 mandavit
829 2252 1097 2301 Dominus
1131 2253 1563 2305 miscricordiam
1585 2271 1761 2311 suam.

161 2330 320 2393 Quid
336 2328 500 2380 estin
520 2326 622 2389 die,
646 2323 759 2374 nisi
770 2324 828 2372 in
842 2327 1097 2387 tempore
1107 2326 1325 2388 gratiae.
1343 2327 1507 2377 Unde
1522 2331 1761 2388 scriptum

160 2407 281 2464 est,
306 2403 448 2450 Ecce
483 2408 639 2447 nunc
665 2402 892 2457 tempus
914 2395 1279 2458 acceptabile,
1310 2410 1443 2448 ecce
1464 2411 1621 2449 nunc
1642 2399 1764 2450 dies

160 2472 375 2525 salutis
413 2467 461 2532 (2
511 2468 629 2517 Cor.
667 2466 754 2529 6.).
784 2465 892 2516 Sed
930 2465 1063 2527 quia
1084 2471 1142 2517 et
1170 2467 1291 2517 dies
1307 2467 1489 2519 habet
1511 2474 1761 2535 noctem,

157 2542 419 2607 etgratia
436 2537 860 2596 tribulationem
894 2536 1123 2598 (Omnes
1144 2538 1317 2601 enim,
1348 2536 1520 2605 203
1554 2542 1650 2603 qui
1674 2541 1765 2605 pie

159 2613 377 2665 volunt
400 2613 595 2663 vivere
617 2608 679 2658 in
700 2607 944 2669 Christo,
982 2610 1436 2670 persecutionem
1470 2613 1766 2675 patiuntur

144 2682 239 2749 (2.
286 2685 421 2733 Tim.
459 2680 584 2743 3.]),
609 2679 736 2729 ideo
757 2679 819 2728 in
847 2682 1014 2729 nocte
1046 2678 1432 2731 tribulationis
1468 2683 1766 2733 mandavit

158 2755 458 2807 canticum
482 2751 692 2802 laudis.
724 2751 794 2799 Et
814 2749 926 2799 hoc
953 2751 1061 2812 est,
1092 2751 1246 2812 quod
1275 2752 1471 2803 subdit
1497 2754 1594 2802 :Et
1618 2759 1766 2802 nocte

159 2826 439 2876 canticum
463 2823 592 2886 ejus.
639 2820 934 2871 Canticum
972 2820 1034 2870 in
1080 2825 1266 2885 nocte,
1302 2828 1391 2873 est
1432 2823 1560 2874 laus
1582 2825 1682 2875 Dei
1706 2825 1765 2876 in

161 2895 543 2949 tribulatione.
562 2895 624 2943 In
658 2892 765 2942 hoc
781 2892 1185 2942 discernuntur
1210 2893 1306 2942 lilii
1323 2893 1425 2945 irae
1440 2907 1474 2945 a
1488 2896 1619 2946 ﬁliis
1648 2911 1765 2956 gra-

162 2967 434 3031 tiee,quia
462 2963 693 3028 quando
719 2962 1040 3014 succedunt
1053 2974 1338 3027 prospera,
1355 2964 1593 3018 laudant
1610 2972 1761 3017 Deum

161 3038 554 3091 communiter
578 3034 712 3085 boni
734 3038 792 3085 et
812 3033 965 3084 mali.
986 3034 1097 3085 Sed
1123 3035 1354 3098 quando
1381 3040 1637 3100 veniunt,
1655 3040 1758 3091 ad-

155 3108 505 3172 versa,mali
528 3105 763 3170 quidem
794 3112 1172 3168 murmurant,
1210 3108 1311 3158 sed
1345 3109 1478 3160 boni
1502 3111 1755 3165 laudant.

156 3183 313 3264 111110
475 3180 691 3228 dictum
708 3181 796 3228 est
812 3178 869 3226 in
881 3176 1119 3272 psalmo,
1135 3179 1477 3260 benedicam
1492 3185 1755 3272 Dominum
1782 3197 1830 3272 ρ

156 3254 222 3304 111
249 3253 408 3304 0111111
434 3255 685 3312 tempore
714 3260 836 3299 sem
846 3260 942 3311 per
956 3248 1083 3298 laus
1099 3250 1226 3311 ejus
1248 3251 1310 3301 in
1328 3263 1423 3302 ore
1445 3265 1575 3305 meo
1595 3256 1755 3317 (Psat.

158 3323 290 3386 33.).
321 3322 424 3374 Vel
467 3333 569 3384 per
593 3319 746 3370 diem
789 3321 902 3369 llde
943 3318 1262 3371 illuminata
1311 3322 1627 3390 Gentilitas,
1660 3341 1761 3391 per

158 3399 394 3447 noctem
413 3391 745 3443 inﬁdelitate
768 3392 1021 3441 caacataJ
1031 3391 1194 3442 udaaa
1213 3395 1401 3455 potest
1422 3395 1678 3461 intelligi.
1694 3402 1760 3452 In

158 3467 254 3518 die
271 3463 571 3517 mandavit
594 3462 871 3512 Dominus
886 3460 1339 3514 misericordiam
1363 3478 1527 3517 suam
1542 3460 1677 3530 quia
1699 3472 1759 3522 in

159 3537 494 3590 Gentilitate
508 3533 772 3584 credente
795 3532 1373 3598 praedicaripraecepit
1394 3545 1759 3599 peccatorum

160 3608 581 3668 remissionem,
608 3610 666 3656 et
696 3603 873 3655 vitam
897 3606 1195 3655 mternam.
1211 3607 1279 3655 In
1294 3613 1461 3659 nocte
1485 3622 1620 3661 vero
1632 3626 1760 3665 can-

162 3681 341 3732 ticum
357 3694 369 3729 :
384 3678 517 3741 quia
532 3676 752 3727 Judaaee
774 3676 989 3726 orbatae
1018 3680 1185 3726 vetus
1208 3681 1610 3732 tantummodo
1630 3684 1761 3735 reli-

160 3752 289 3815 quit
321 3751 777 3800 Testamentum.
815 3747 962 3796 Hinc
983 3746 1115 3797 alibi
1141 3747 1364 3799 dicitur.
1390 3752 1457 3801 In
1490 3753 1759 3807 salicibus

161 3821 580 3886 suspendimus
603 3830 817 3880 organa
838 3821 1036 3867 nostra
1060 3818 1219 3878 (Psal.
1249 3819 1411 3883 136.).
1443 3825 1508 3873 In
1535 3826 1758 3877 Judaais

161 3898 445 3956 tanquam
481 3890 543 3940 in
567 3888 837 3960 salicibus
860 3887 1252 3954 infructuosis,
1277 3903 1492 3955 organa
1516 3908 1760 3960 suspen-

160 3965 405 4024 duntur,
427 3962 562 4025 quia
584 3958 789 4023 legalia
811 3963 869 4009 et
894 3959 1227 4023 prophetica
1256 3964 1432 4014 verba
1452 3967 1603 4029 apud
1621 3958 1759 4019 illos

162 4040 323 4087 sunt.
345 4030 863 4093 Pendentquidem,
879 4031 978 4081 sed
991 4043 1104 4081 non
1129 4038 1426 4085 resonant:
1454 4037 1587 4098 quia
1607 4038 1687 4089 illi
1701 4040 1760 4090 in

160 4106 381 4171 quibus
393 4102 845 4167 suspenduntur,
858 4105 1038 4152 artem
1050 4103 1108 4152 in
1116 4103 1442 4167 telligentiaa
1454 4107 1761 4170 spiritualis

158 4179 445 4241 ignorant.
475 4173 907 4236 Diximus,quia
925 4174 1212 4224 canticum
1228 4176 1288 4223 in
1310 4181 1498 4239 nocte,
1522 4183 1612 4229 est
1631 4180 1760 4231 laus

160 4250 260 4300 Dei
286 4252 349 4297 in
383 4244 763 4297 tribulatione.
795 4243 903 4295 Sed
928 4245 1060 4306 quia
1084 4246 1221 4294 dum
1248 4246 1605 4312 tribulamur,
1628 4253 1763 4311 peri-

157 4321 460 4372 clitamur:
484 4329 599 4367 non
613 4316 799 4367 solum
813 4314 1045 4366 laudare
1067 4318 1254 4367 Deum
1285 4330 1393 4369 nos
1415 4325 1655 4385 oportet,
1679 4326 1764 4372 sed

157 4393 340 4444 etiam
363 4400 541 4439 orare.
580 4387 709 4438 ideo
732 4385 1000 4438 subditur
1036 4397 1051 4439 :

223 4461 313 4517 10.
368 4459 534 4523 Apud
566 4459 886 4519 mc,-oratio
936 4458 1043 4506 Deo
1086 4458 1204 4507 vitae
1256 4474 1382 4509 meae
1423 4462 1605 4512 dicam
1632 4465 1759 4524 Deo,

157 4535 450 4596 Susceptor
467 4544 616 4578 meus
642 4544 710 4581 es.
737 4530 879 4579 Cum
924 4530 1231 4581 Redemtor
1260 4537 1459 4584 noster
1477 4548 1583 4586 nos
1596 4548 1756 4589 orare

150 4606 380 4670 jubeat,
407 4607 465 4653 et
484 4602 637 4653 idem
661 4601 808 4651 dicat
832 4616 844 4650 :
873 4601 988 4651 Scit
1016 4601 1170 4651 enim
1193 4604 1358 4655 Pater
1384 4611 1593 4671 vester,
1620 4610 1756 4672 quid

156 4688 408 4729 necesse
425 4675 502 4724 sit
519 4673 699 4745 vobis,
717 4674 1026 4735 antequam
1043 4673 1249 4737 petatis
1274 4688 1406 4727 eum
1434 4679 1643 4741 (Matth.
1671 4683 1765 4745 6.).

155 4745 541 4812 quaerendum
565 4743 809 4806 videtur,
835 4755 1012 4806 quare
1033 4756 1068 4794 a
1083 4745 1299 4798 sciente
1315 4748 1524 4810 quibus
1547 4743 1769 4816 indige-

156 4832 317 4879 mus,
332 4822 524 4882 petere
535 4816 899 4881 prmcipimur
915 4820 938 4864 Ρ
961 4816 1156 4867 Solent
1178 4818 1330 4867 enim
1355 4820 1589 4883 quidem
1608 4828 1767 4874 haere-

160 4891 261 4943 tici
285 4889 553 4952 obiicere,
575 4886 713 4949 quia
738 4886 939 4937 scienti
970 4887 1182 4938 frustra
1203 4890 1513 4952 loquimur.
1548 4896 1767 4955 Quibus

156 4965 377 5027 praeter
400 4958 727 5022 exemplum
741 4958 988 5015 Domini,
1002 4959 1099 5021 qui
1124 4960 1183 5009 in
1206 4966 1406 5012 monte
1419 4963 1621 5016 Oliveti
1641 4980 1769 5019 ora-

159 5033 249 5085 vit
270 5033 533 5081 Patrem:
566 5034 775 5093 praater
796 5029 1196 5080 auctoritatem
1218 5035 1510 5097 praecepti,
1538 5048 1651 5099 quo
1676 5053 1767 5087 nos

157 5115 326 5155 orare
354 5102 695 5165 praecepisse
729 5100 1097 5164 cognoscitur
1122 5118 1131 5148 :
1167 5102 1412 5154 breviter
1434 5109 1767 5171 responderi

160 5174 372 5239 potest,
390 5174 507 5223 Nos
535 5184 903 5234 nequaquam
928 5171 1056 5237 ideo
1073 5173 1318 5224 orationi
1339 5174 1688 5243 incumbere,
1705 5183 1767 5230 ut

161 5244 367 5296 scienti
384 5244 594 5305 omnia,
615 5243 1221 5307 quibusindigeamus,
1236 5246 1537 5308 cupiamus
1550 5250 1767 5303 indica-

158 5329 254 5368 re:
294 5314 397 5387 sed
427 5327 496 5365 ea
519 5326 650 5387 quae
694 5313 864 5364 nobis
888 5319 1038 5387 sunt
1065 5317 1395 5387 necessaria
1440 5319 1763 5387 impetrare,

160 5386 333 5439 Aliud
360 5391 449 5437 est
472 5385 625 5435 enim
656 5384 941 5435 narrando
968 5388 1022 5434 te
1056 5384 1201 5436 velle
1247 5386 1463 5451 aliquid
1495 5384 1763 5446 indicare.

159 5458 320 5510 aliud
345 5457 564 5508 orando
583 5461 635 5507 te
669 5454 813 5507 velle
830 5455 1044 5517 aliquid
1059 5456 1377 5519 impetrare.
1400 5463 1465 5511 In
1481 5467 1767 5514 narratione

159 5531 377 5594 quippe
414 5525 938 5579 demonstrandum
975 5531 1063 5578 est
1098 5528 1379 5589 studium,
1429 5533 1488 5583 in
1511 5537 1765 5588 oratione

161 5614 300 5653 vero
335 5599 683 5652 exaudiendi
720 5599 1008 5649 meritum.
1044 5600 1113 5649 Et
1158 5602 1431 5663 quoniam
1456 5605 1514 5655 in
1550 5607 1765 5660 sciente

161 5673 377 5738 omnia,
403 5673 483 5723 ita
506 5677 598 5723 est
626 5669 1035 5743 misericordia,
1059 5674 1123 5743 ut
1148 5674 1221 5721 sit
1243 5673 1416 5724 etiam
1436 5674 1496 5725 in
1522 5676 1645 5741 ipso
1665 5680 1764 5743 ju-

162 5746 348 5797 stitia:
365 5743 474 5794 1100
498 5742 653 5807 quod
668 5742 1228 5807 permisericordiam
1254 5746 1382 5796 vult
1416 5742 1766 5808 indigentibus

161 5816 410 5882 benigne
420 5814 634 5881 largiri,
652 5814 777 5866 vult
790 5825 1019 5878 quoque
1040 5813 1276 5867 eosdem
1289 5815 1615 5883 indigentes
1626 5836 1689 5884 ap
1699 5825 1764 5873 ud

453 5907 743 5960 l’A'rROL.
790 5905 954 5960 XXI.

1778 1786 1832 1859 B

1782 4554 1841 4626 D

1868 486 2046 537 sacris
2074 485 2252 536 literis
2273 486 2631 549 frequentius
2652 492 2946 557 accipitur,
2970 496 3127 549 utilis
3150 485 3209 552 et
3231 485 3459 556 honesta;

1863 570 1993 634 rum
2016 570 2207 634 rerum
2223 558 2387 634 apud
2410 560 2595 611 Deum
2619 562 2710 634 vel
2729 564 2882 627 apud
2908 572 3139 620 sanctos
3153 572 3279 634 ejus
3303 582 3459 629 recta

1864 627 2194 692 postulatio.
2223 629 2372 678 Nihil
2395 636 2484 679 est
2508 633 2661 692 quod
2678 634 2874 686 utilius
2891 639 3076 698 possit
3091 627 3272 695 facere
3284 627 3458 698 servus

1866 699 1985 753 Dei.
2014 711 2186 761 quam
2213 710 2372 749 orare
2407 703 2463 750 et
2487 699 2721 753 laudare
2746 705 2947 756 Deum.
2974 710 3080 759 Sed
3108 712 3156 761 si
3181 718 3458 769 veraciter

1864 771 2134 819 volumus
2147 781 2324 831 orare,
2341 770 2507 820 valde
2523 773 2936 826 attendendum
2952 784 3008 829 et
3019 788 3313 837 memoriae
3324 802 3458 835 com-

1848 841 2257 891 ‘mendandum
2282 846 2386 903 est,
2420 842 2573 903 quod
2598 842 2819 905 dicitur,
2844 847 3009 909 Apud
3037 866 3119 900 me
3141 858 3316 904 oratio
3338 873 3458 907 mea

1864 913 1969 991 Deo
1985 912 2102 991 vth
2126 926 2269 961 meae.
2292 913 2708 991 Saepequando
2733 927 2849 991 oro,
2873 930 3039 991 mens
3062 935 3191 974 mea
3213 934 3460 991 vagatur

1864 983 2135 1045 exterius,
2173 996 2290 1032 non
2316 982 2571 1045 intelligo
2598 984 2749 1046 quod
2767 985 2912 1037 dico.
2946 989 3107 1042 Tunc
3131 982 3323 1048 oratio"
3332 1012 3458 1050 mea

1865 1066 1981 1105 non
2005 1053 2256 1116 estapud
2292 1065 2402 1113 me,
2420 1066 2610 1117 neque
2633 1056 2753 1118 ipse
2777 1068 2884 1120 ego
2909 1071 3039 1109 sum
3066 1065 3220 1124 apud
3240 1081 3349 1118 me.
3376 1072 3458 1121 De

1864 1127 2077 1203 talibus
2101 1126 2384 1175 Dominus
2408 1124 2506 1203 ait,
2526 1126 2773 1203 Pepulus
2792 1130 2885 1178 hic
2908 1128 3182 1203 labiisme
3197 1137 3458 1203 honorat,

1863 1210 1960 1247 cor
1982 1201 2175 1247 autem
2212 1208 2410 1267 eorum
2425 1194 2593 1259 longe
2607 1202 2698 1248 est
2728 1210 2763 1248 a
2785 1211 2877 1249 me
2913 1201 3035 1263 (lsai
3059 1202 3186 1267 ‘26.).
3211 1194 3457 1266 Quomo.’

1864 1267 1937 1319 do
1967 1272 2160 1318 autem
2179 1266 2427 1317 intendit
2443 1268 2602 1317 Deus
2625 1268 2867 1320 orationi
2880 1283 3045 1336 meae,
3059 1266 3461 1329 cuinoninten-

1863 1338 1978 1389 do?
2000 1338 2163 1400 Quod
2188 1338 2236 1387 si
2260 1337 2317 1386 in
2351 1337 2557 1389 intimo
2586 1350 2795 1390 arcano
2829 1343 3017 1395 cordis
3038 1347 3152 1397 mei
3181 1361 3280 1400 oro
3305 1354 3458 1400 Deum

1862 1422 2081 1471 meum,
2103 1413 2160 1459 et
2182 1420 2249 1458 ea
2263 1420 2395 1470 quae
2411 1408 2484 1458 ad
2509 1409 2754 1487 salutem
2766 1412 2975 1487 animae
2992 1428 3137 1468 mea:
3151 1422 3457 1487 pertinent,

1863 1487 2019 1546 peto:
2041 1485 2178 1531 tunc
2194 1481 2731 1550 possumveraciter
2755 1481 2961 1546 dicere,
2985 1481 3262 1550 Apudiimc
3285 1481 3458 1543 oratio

1861 1567 1981 1628 mea
1996 1551 2101 1600 Deo
2119 1552 2234 1598 vitae
2247 1564 2388 1628 meae,
2402 1548 2461 1599 id
2473 1554 2580 1628 est,
2597 1552 2716 1628 Deo
2729 1554 2827 1615 qui
2845 1548 3084 1628 praestat
3113 1558 3161 1625 2
3173 1558 3286 1628 04
3317 1565 3459 1616 mihi

1863 1623 2041 1675 vitam
2066 1625 2432 1686 praesentem,
2458 1624 2517 1670 et
2557 1627 2849 1674 mternam.
2879 1626 2949 1676 Et
2970 1627 3030 1677 in
3052 1623 3458 1692 ipsa'oratione

1862 1695 2053 1743 Dicam
2084 1693 2209 1750 Deo,
2256 1692 2535 1753 Suscepto-r
2556 1705 2705 1740 meus
2727 1708 2795 1756 es,
2818 1694 2875 1745 id
2899 1703 3004 1758 est,
3040 1712 3133 1751 me
3162 1702 3456 1757 inﬁrmum

1865 1763 2171 1827 suscepisti
2204 1761 2278 1813 ad
2312 1761 2652 1825 curandum,
2681 1764 2773 1814 vel
2798 1774 3097 1831 susceptor
3109 1784 3276 1823 meus
3298 1787 3362 1825 es
3384 1790 3457 1828 ne

1861 1836 1920 1886 in
1946 1833 2311 1907 tribulatione
2356 1834 2748 1884 succumbam.
2786 1836 2993 1901 Magna
3017 1842 3184 1893 nobis
3230 1845 3456 1907 fiducia,

1861 1904 2572 1980 fratres,quiasusceptor
2598 1908 2796 1980 noster
2817 1912 2908 1980 est
2942 1911 3122 1962 Deus.
3159 1916 3306 1979 Ergo
3329 1904 3461 1980 post

1863 1982 2054 2031 tantas
2088 1975 2423 2039 iniquitates
2467 1977 2522 2025 et
2554 1975 2963 2040 negligentiam
2988 1975 3361 2046 properemus
3384 1988 3457 2040 ad

1863 2048 2263 2113 pmnitentiam
2290 2062 2300 2093 :
2325 2057 2625 2122 curramus
2652 2046 2714 2096 in
2737 2047 3220 2122 fervoreispiritus
3245 2058 3317 2108 ad
3329 2071 3460 2122 gra-

1862 2122 2022 2181 tiam,
2049 2130 2181 2181 quae
2206 2115 2499 2166 neminem
2513 2116 2854 2179 vultperire,
2880 2121 2984 2171 sed
3007 2135 3210 2176 omnes
3235 2115 3458 2182 salvere

1863 2191 1933 2253 (1.
1978 2190 2111 2238 Tim.
2145 2185 2237 2250 2.).
2265 2186 2467 2237 Venite
2480 2186 2712 2259 (inquit)
2736 2188 2809 2238 ad
2832 2202 2927 2241 me
2946 2203 3148 2245 omnes
3172 2199 3270 2259 qui
3294 2201 3456 2251 labo-

1862 2260 2021 2323 ratis,
2042 2266 2099 2310 et
2122 2270 2256 2321 ergo
2282 2270 2389 2308 vos
2404 2256 2655 2307 reﬁciam
2666 2258 2880 2319 (Matth.
2896 2259 2987 2322 5.).
3002 2256 3214 2316 Iterum
3232 2269 3463 2321 inﬁrma

1863 2332 2056 2383 anima
2069 2329 2271 2381 videns
2288 2340 2350 2378 se
2367 2328 2735 2391 peregrinari,
2750 2333 2922 2392 atque
2936 2331 3086 2384 inter
3102 2337 3401 2392 molestias
3417 2353 3463 2391 et

1870 2401 2212 2453 tentationes
2238 2396 2513 2470 tribulari,
2537 2397 2785 2470 dolendo
2811 2404 2868 2450 et
2886 2405 3169 2464 gemendo
3191 2415 3463 2470 conqueri-

1863 2478 1959 2526 tur
1977 2473 2175 2523 dicens
2214 2486 2226 2520 :
2255 2470 2431 2527 Quare
2463 2467 2655 2517 oblitus
2677 2484 2728 2518 es
2750 2472 2890 2522 mei?
2921 2479 2965 2521 ct
3001 2491 3170 2539 quare
3184 2467 3464 2534 contrista-

1865 2542 2154 2594 tus'incedo
2180 2541 2311 2589 dum
2336 2540 2537 2602 afﬂigit
2552 2555 2635 2588 me
2655 2540 2914 2592 inimicus
2931 2548 2956 2594 ?
2975 2546 3210 2600 Videtur
3228 2554 3462 2605 oblivisci

1866 2614 2147 2666 Dominus
2173 2623 2375 2661 servos
2398 2622 2556 2667 suos,
2584 2611 2814 2672 quando
2833 2626 2934 2665 eos
2958 2619 3237 2678 permittit
3258 2627 3463 2677 contri-

1866 2686 2023 2749 stari,
2054 2682 2552 2748 persecutionibus
2567 2681 2757 2742 alliigi,
2776 2686 2864 2732 ten
2876 2688 3188 2739 tationibus
3201 2697 3458 2747 concuti:

1864 2770 1972 2808 nec
1994 2754 2241 2828 eoscito
2285 2751 2557 2828 exaudit,
2584 2764 2702 2802 non
2733 2754 3033 2828 visibiliter
3054 2759 3146 2823 ad)
3158 2769 3312 2828 uvat,
3343 2779 3462 2819 non

1864 2824 2240 2899 corporaliter
2273 2823 2455 2886 eripit.
2500 2821 2633 2899 Ideo
2661 2827 2857 2899 autem
2880 2825 3034 2899 dicit,
3079 2821 3255 2888 Quare
3268 2821 3309 2884 ρ’
3329 2838 3464 2899 quia

1862 2899 2050 2950 nescit
2071 2893 2278 2973 aliquis
2302 2898 2497 2973 utrum
2525 2892 2658 2973 haec
2676 2895 2924 2973 patiatur
2946 2898 3018 2949 ad
3043 2892 3457 2973 probationem,

1866 2973 2006 3043 sive
2022 2967 2095 3019 ad
2123 2964 2592 3043 damnationem.
2626 2964 2735 3041 Sed
2769 2965 2939 3019 valde
2962 2973 3323 3028 tremendum
3349 2964 3456 3043 est,

1859 3040 2012 3107 quod
2049 3036 2282 3089 subdit:
2334 3106 2344 3107 ί
2386 3105 2391 3107 Α
2711 3034 2717 3041 ’

1922 3112 2006 3167 11.
2049 3112 2191 3158 Dum
2215 3105 2644 3169 con/'ringuntur
2678 3120 2797 3155 ossa
2834 3123 2971 3171 mea,
2997 3115 3459 3177 exprobrauerunt

1860 3183 2018 3242 mihi,
2068 3181 2163 3245 qui
2198 3176 2457 3252 tributam
2492 3191 2575 3225 me
2608 3178 2824 3252 inimici
2848 3182 2970 3229 mei.
3005 3176 3153 3237 OSsa
3174 3189 3325 3240 enim
3353 3191 3461 3252 (Ex

1858 3250 2181 3319 Augustino)
2210 3250 2385 3300 fortes
2416 3252 2581 3299 sunt:
2611 3253 2669 3299 et
2683 3248 2990 3311 aliquando
3012 3254 3121 3319 ipsi
3146 3257 3320 3311 fortes
3335 3248 3460 3314 tcu-

1856 3324 2172 3378 tationibus
2195 3319 2426 3371 cedunt.
2448 3321 2586 3370 Haec
2609 3331 2745 3370 cum
2769 3322 3018 3385 quisque
3044 3329 3371 3384 considerat
3385 3347 3459 3385 ex

1859 3410 2091 3461 corpore
2125 3391 2352 3453 Christi,
2379 3403 2450 3441 ex
2479 3403 2619 3441 voce
2642 3392 2892 3455 corporis
2905 3394 3111 3448 Christi
3128 3412 3321 3454 nonne
3344 3406 3460 3457 cla-

1861 3474 1999 3532 mat,
2024 3469 2098 3539 Ut
2121 3463 2268 3539 (quid
2299 3475 2392 3539 me
2423 3462 2687 3539 repulisti
2707 3465 2748 3539 ξι
2775 3464 2845 3515 Ut
2868 3466 3020 3539 quid
3036 3469 3217 3521 tristis
3238 3474 3457 3539 incedo,

1860 3540 1997 3591 dum
2019 3536 2219 3600 aﬁligit
2240 3546 2333 3584 me
2357 3533 2624 3583 inimicus
2646 3535 2673 3583 ?
2695 3534 3143 3602 Damt-cnfringit
3162 3556 3279 3592 ossa
3302 3533 3462 3602 mea?

1860 3613 1987 3662 Non
2010 3620 2209 3660 carnes
2235 3604 2539 3678 meas,_sed
2562 3604 2736 3678 etiam
2760 3617 2893 3678 ossa
2916 3620 3062 3670 mea,
3082 3616 3145 3661 ut
3165 3614 3227 3663 in
3250 3617 3462 3678 quibus

1842 3683 2171 3749 'putabatur
2207 3688 2338 3729 esse
2382 3675 2573 3737 aliqua
2602 3675 2899 3749 fortitudo,
2930 3679 3131 3731 videas
3176 3675 3375 3740 ceu—ere
3401 3691 3462 3743 in

1860 3747 2277 3806 tentationibus
2308 3750 2407 3797 :ut
2421 3748 2611 3819 caeteri
2642 3747 2855 3798 inﬁrmi
2878 3749 3200 3818 desperent,
3227 3762 3460 3819 quando

1860 3826 2036 3877 fortes
2051 3823 2248 3875 vident
2270 3818 2661 3893 succumbere.
2682 3821 2907 3893 Quanta
2922 3822 3038 3873 ista
3066 3818 3331 3893 pericula,
3348 3831 3463 3885 fra.

1860 3902 1977 3948 tres
1990 3894 2103 3946 mei
2119 3896 2130 3943 l
2147 3890 2625 3955 Eacprobravemmt
2650 3878 2911 3954 mihi,?1ui
2935 3878 3197 3945 tributam

1861 3980 1990 4018 rum
2019 3978 2131 4018 vox
2150 3963 2419 4026 illa,Dum
2443 3961 2636 4034 dicunt
2652 3962 2797 4034 mihi
2816 3978 2915 4026 per
2936 3967 3176 4029 singulos
3200 3972 3325 4034 dies,
3364 3977 3462 4027 Ubi

1860 4043 1931 4087 est
1944 4037 2083 4087 Deus
2106 4042 2229 4084 tuus
2244 4036 2269 4082 ‘P
2286 4032 2738 4083 Etmaximeista
2757 4033 2957 4085 dicunt
2971 4036 3031 4085 in
3051 4032 3460 4102 temtationibus

1861 4108 2159 4159 Ecclesiae:
2194 4104 2290 4154 Ubi
2306 4109 2375 4152 est
2394 4104 2699 4182 Deustuusl‘
2719 4106 3011 4182 Quantum
3030 4111 3153 4162 haec
3180 4122 3462 4182 martyres

1862 4180 2189 4239 audierunt,
2224 4187 2324 4245 pro
2349 4175 2581 4225 nomine
2606 4175 2815 4225 Christi
2837 4178 3010 4229 fortes
3034 4187 3091 4232 et
3122 4175 3408 4245 patientes
3439 4196 3450 4244 l

1864 4252 1930 4300 Et
1957 4252 2239 4312 quantum
2268 4244 2381 4295 illis
2418 4245 2638 4295 dictum
2662 4250 2768 4308 est,
2795 4247 2899 4296 Ubi
2923 4255 3012 4299 est
3046 4244 3200 4303 Deus
3224 4262 3418 4311 vester
3439 4267 3462 4313 ἲ

1863 4320 2089 4371 Liberet
2112 4330 2233 4377 vos,
2260 4316 2307 4365 si
2332 4320 2535 4378 potest.
2564 4316 2872 4367 Tormenta
2896 4319 3049 4369 enim
3071 4321 3330 4384 ipsorum
3356 4344 3461 4382 ex-

1864 4392 2150 4440 trinsecus
2174 4388 2464 4449 videbant,
2489 4397 2731 4436 coronas
2766 4389 3130 4442 extrinsecus
3154 4407 3272 4447 non
3302 4401 3464 4455 vide-

1862 4462 2023 4511 bant.
2064 4462 2131 4511 Et
2164 4470 2287 4521 ego,
2313 4457 2582 4518 quoniam
2608 4461 2838 4528 propter
2861 4457 2986 4510 haec
3008 4463 3081 4512 ad
3111 4477 3204 4516 me
3239 4472 3462 4528 turbata

1867 4536 1957 4583 est
1967 4531 2157 4582 anima
2170 4540 2314 4602 mea,
2326 4527 2461 4589 quid
2476 4530 2522 4602 ei
2535 4526 2687 4576 aliud
2703 4528 2909 4592 dicam,
2927 4542 3103 4592 quam
3112 4535 3271 4602 illud,
3285 4526 3463 4599 Quare

1870 4604 2033 4651 tristis
2056 4617 2108 4677 es
2132 4600 2492 4677 aniniamea'?
2513 4603 2559 4645 et
2574 4611 2745 4677 quare
2757 4602 3043 4677 conturbas
3066 4620 3151 4677 tne
3165 4612 3190 4659 .9
3209 4600 3280 4663 Et
3295 4618 3460 4677 quasi

1865 4670 2395 4745 responden_ti,Non
2412 4671 2520 4745 vis,
2548 4672 2958 4745 utconturbem
2986 4675 3161 4739 te,hic
3189 4670 3378 4745 posi‘ta
3401 4690 3460 4741 in

1866 4742 2269 4822 tantismalis?
2282 4740 2581 4822 suspirans
2596 4739 2854 4822 1111110110,
2880 4745 3068 4822 sciens
3092 4754 3147 4822 et
3168 4739 3460 4822 laborans:

1866 4828 1979 4866 non
2005 4814 2111 4895 vis,
2137 4812 2565 4896 ut'c'onturbem.
2601 4816 2653 4862 te
2676 4812 2920 4896 λῖςηςζοα.
2951 4816 3156 4896 inquit,
3183 4824 3245 4874 in
3265 4812 3461 4896 Deum;

1865 4887 2129 4950 quoniam
2157 4884 2337 4932 adhuc
2360 4882 2643 4945 conﬁtebor
2665 4884 2764 4934 illi.
2789 4882 3463 4954 Dicitipsam’confessio:

1863 4970 2016 5021 nem,
2038 4962 2094 5008 et
2124 4955 2328 5020 repetit
2350 4958 2469 5019 spei
2498 4955 2982 5021 conﬁmationem,
3009 4962 3262 5018 Satutare
3285 4973 3463 5024 vultus

1863 5029 1988 5087 mei,
2013 5033 2059 5077 et
2091 5027 2230 5077 Deus
2253 5042 2417 5087 meus,

2159 5152 2526 5215 TITULUS
2571 5151 2898 5219 PSALMI
2944 5158 3163 5226 XLII.

1926 5270 2120 5318 Titulus
2148 5270 2327 5330 psalmi
2345 5271 2600 5330 sequentis
2618 5272 2973 5322 est.Psalmus
3006 5275 3201 5328 David.
3236 5283 3463 5332 Psalmus

1867 5334 1960 5379 isle
1982 5334 2213 5379 convenit
2239 5332 2391 5380 alicui
2410 5335 2547 5389 justo
2574 5348 2631 5380 ex
2667 5337 2898 5383 societate
2928 5351 3194 5395 pravorum
3231 5349 3277 5389 et
3300 5347 3459 5393 mise-

1866 5396 2135 5469 r‘iiisliujus
2159 5396 2281 5469 vita:
2308 5396 2491 5469 afﬂicto
2518 5397 2772 5469 {dirigens
2789 5410 2879 5444 nos
2899 5397 2959 5446 in
2987 5400 3171 5469 ﬁta-ent,
3209 5406 3257 5469 id
3284 5412 3372 5469 est,
3399 5412 3459 5456 ad

1866 5457 2137 5528 Christum.
2156 5458 2435 5528 Maiori-aest
2462 5459 2511 5528 in
2540 5459 2632 5505 hoc
2649 5461 2841 5517 psalmo
2864 5457 3108 5528 separatio
3133 5457 3279 5528 justi,
3300 5457 3379 5515 hic
3405 5471 3459 5519 in

1864 5524 2280 5587 caussaAlanturn,
2314 5521 2366 5566 in
2408 5521 2581 5587 futuro
2605 5527 2767 5587 autem
2815 5526 3060 5587 separatio
3105 5534 3152 5573 et
3177 5521 3386 5587 persona
3415 5539 3462 5581 et

1867 5582 1992 5631 loco.
2030 5582 2121 5636 Qui
2146 5581 2335 5650 enimn
2365 5582 2511 5650 malis
2532 5582 2679 5650 hicin
2704 5581 2881 5650 caussa
2905 5581 3223 5650 discernitur,
3255 5606 3463 5644 securus

1865 5658 1974 5717 esse
2002 5648 2176 5703 potest,
2213 5643 2333 5717 quia
2373 5642 2435 5717 iri
2464 5648 2682 5717 extremo
2722 5649 3083 5717 judiciqtotus
3115 5656 3164 5698 et
3187 5642 3389 5717 corpus,
3415 5642 3463 5706 et

1864 5708 2034 5775 anima
2057 5705 2383 5775 superabitur.
2417 5706 2473 5752 In
2495 5707 2658 5775 prima
2682 5714 2817 5775 parte
2838 5711 2960 5769 petit
2976 5713 3144 5771 justus
3160 5705 3466 5775 separari'ab

1866 5770 2057 5829 impiis.
2081 5769 2137 5816 In
2155 5767 2374 5831 secunda
2397 5773 2533 5831 parte
2568 5780 2619 5815 se
2647 5767 2857 5818 alﬂrmai
2882 5767 3185 5827 intraturum
3214 5767 3270 5825 in
3294 5767 3465 5831 scere:-

1871 5833 2049 5880 tarium
2088 5830 2189 5881 Dei.
2229 5831 2286 5878 in
2313 5829 2453 5877 tertia
2482 5834 2617 5891 parte
2651 5832 2874 5882 hortatur
2910 5838 3271 5890 animalitatem
3294 5829 3461 5910 suam,

3041 5929 3109 5986 ‘26
