3908 6232
565 367 663 422 811

1621 363 1888 415 RUFINO
1920 361 2384 416 PRESBYTERO
2417 364 2797 418 ASCRIPTUS
3180 349 3186 353 ’
3798 366 3885 419 sti

568 487 620 529 ut
634 483 794 554 speret
825 479 880 554 in
908 477 1133 554 Domino.
1152 476 1343 554 1.113110
1365 480 1495 554 patet
1518 477 1746 554 intentio.
1764 478 1997 554 Seipsutn
2024 479 2158 524 enim
2176 482 2231 554 Α
2264 479 2407 554 Ecce
2425 490 2600 554 quare
2625 476 3070 554 utiliterrepeliit
3084 477 3389 554 Dominus
3406 490 3618 554 servos
3634 493 3776 530 suos.
3807 486 3849 554 ξι
3866 498 3883 527 -:

564 551 890 600 eonfortando
914 546 1132 596 intendit
1154 540 1325 610 205
1352 549 1616 596 corfortare
1645 549 1908 609 etdebiles,
1936 540 2231 608 quosque"
2264 549 2401 611 quia
2418 540 2599 600 sancti
2626 550 2729 601 viri
2752 540 2978 601 occulta
2992 550 3097 600 Dei
3115 550 3346 613 judicia
3374 552 3674 613 nesciunt,
3699 556 3759 601 et
3776 552 3882 615 ple--

563 637 657 671 suo
672 622 917 683 exemplo.
944 622 1048 668 Vox
1074 618 1240 665 ﬁdelis
1265 631 1277 668 :

1027 767 1435 833 PSALMUS
1487 767 1691 832 XLII.

626 902 677 956 1.
708 899 910 951 Judica
932 914 1017 948 me
1052 900 1214 960 Deus,
1248 905 1294 948 et
1338 900 1576 949 discerne
1618 912 1866 948 caussam
1898 912 2076 947 meam
2098 897 2161 947 de

562 980 712 1039 gente
730 988 842 1022 non
866 977 1071 1033 sancta,
1087 971 1153 1021 ab
1180 972 1399 1021 homine
1427 972 1622 1034 iniquo
1646 977 1692 1019 et
1714 971 1892 1019 doloso
1916 986 2038 1019 erue
2056 985 2157 1022 me.

564 1048 690 1097 Non
701 1057 795 1096 me
804 1044 1031 1109 judicct
1044 1044 1338 1094 inimicus:
1357 1056 1475 1093 non
1497 1041 1640 1093 falsa
1651 1042 1949 1094 hominum
1967 1044 2157 1106 opinio,

561 1128 697 1181 qum
719 1118 939 1167 bonum
963 1115 1202 1177 malum,
1219 1119 1277 1165 et
1292 1126 1603 1165 econverso
1615 1114 1830 1164 malum
1850 1114 2072 1164 bonum
2095 1116 2162 1163 fa-

560 1190 653 1240 cit.
688 1188 797 1240 Sed
820 1192 883 1239 tu
906 1199 1000 1238 me
1020 1186 1233 1249 judica,
1259 1186 1355 1249 qui
1369 1186 1565 1249 justus
1580 1197 1643 1236 es
1659 1189 1832 1248 atque
1857 1188 2157 1234 misericors.

561 1260 629 1309 Et
647 1260 883 1308 discerne
896 1271 1146 1306 caussam
1169 1271 1366 1316 meam,
1382 1267 1554 1318 quam
1568 1255 1617 1305 si
1629 1257 1846 1319 justam
1862 1255 2158 1319 repereris,

562 1331 708 1381 Erue
732 1345 814 1379 me
834 1346 869 1378 a
890 1334 1040 1393 gente
1064 1343 1175 1377 non
1199 1332 1405 1385 sancta,
1420 1327 1477 1377 id
1494 1327 1687 1389 est,ad
1710 1327 2065 1377 infidelibus:
2091 1327 2159 1375 Et

562 1402 628 1451 ab
654 1402 873 1451 homine
894 1401 1103 1463 iniquo,
1129 1400 1186 1450 id
1205 1406 1311 1463 est,
1339 1402 1750 1463 apersecutore
1765 1397 2087 1457 manifesto,
2104 1402 2161 1449 et

561 1472 781 1537 doloso,
808 1471 907 1535 qui
946 1471 1154 1534 quierit
1176 1483 1269 1521 me
1297 1470 1537 1522 latenter
1558 1469 1835 1533 decipere.
1864 1471 1991 1520 Non
2013 1471 2160 1517 timeo

566 1546 669 1609 (Ea:
690 1542 1015 1607 Augustino)
1029 1542 1314 1605 judicium
1333 1547 1515 1606 tuum,
1537 1542 1672 1605 quia
1687 1542 1824 1593 novi
1849 1541 2161 1592 misericor-

560 1618 714 1668 diam
760 1619 938 1666 tuam.
974 1613 1229 1664 Perfecta
1269 1614 1478 1665 caritas
1504 1615 1652 1663 foras
1688 1613 1865 1663 mittit
1896 1614 2158 1663 timorem

563 1687 632 1752 (1.
655 1687 816 1736 Joan.
856 1685 948 1749 4.).
988 1686 1114 1736 Non
1144 1684 1315 1736 timeo
1342 1690 1396 1736 te
1420 1684 1738 1749 pcenaliter,
1766 1683 1902 1746 quia
1925 1695 2056 1735 amo
2082 1688 2154 1735 te.

560 1761 689 1811 Non
705 1756 1006 1809 interimin
1024 1756 1132 1808 hac
1148 1756 1624 1820 peregrinatione,
1642 1755 1900 1806 nondum
1916 1757 2164 1805 discernis

560 1833 754 1884 locum
768 1842 982 1892 meum,
1008 1829 1144 1891 quia
1167 1827 1357 1891 simul,
1383 1841 1516 1879 cum
1540 1828 1772 1879 zizaniis
1799 1827 1955 1891 vivo,
1977 1839 2162 1885 usque

561 1903 635 1956 ad
667 1907 897 1965 tempus
927 1899 1139 1950 messis
1177 1899 1385 1961 (Matth.
1420 1898 1527 1961 13.)
1561 1899 1859 1951 :nondum
1884 1897 2162 1950 discernis

560 1974 749 2025 lucem
778 1970 1102 2023 meam.Vel
1121 1970 1359 2019 discerne
1381 1985 1631 2020 Caussam
1654 1985 1849 2020 meam.
1876 1970 2063 2021 Distet
2084 1970 2163 2021 in-

561 2051 650 2098 ter
668 2057 820 2105 eum,
862 2045 961 2106 qui
986 2042 1045 2093 in
1071 2046 1126 2092 te
1150 2042 1349 2104 credit,
1368 2044 1423 2093 et
1445 2041 1695 2105 eumqui
1727 2041 1788 2091 in
1821 2045 1877 2092 te
1898 2054 2016 2092 non
2041 2054 2164 2093 cre-

562 2117 663 2168 dit.
692 2119 796 2167 Par
817 2114 1140 2175 inﬁrmitas,
1176 2113 1279 2164 sed
1300 2113 1524 2177 dispar‘
1558 2112 1930 2164 continentia.
1958 2114 2063 2163 Par
2084 2112 2166 2164 la-

562 2189 683 2247 bor,
697 2186 800 2237 sed
830 2186 1025 2248 dispar
1046 2183 1413 2235 desiderium.
1450 2185 1517 2233 Et
1541 2184 1715 2234 debes
1736 2183 1845 2234 hoc
1869 2183 2071 2245 facere,

625 2257 677 2311 2.
706 2258 846 2315 Quia
870 2262 926 2304 tu
957 2270 1007 2303 es
1038 2256 1180 2303 Deus
1222 2254 1484 2317 fortitudo
1526 2269 1664 2304 mea.
1706 2256 1830 2304 Non
1876 2266 2166 2317 praesumo

564 2330 635 2380 de
659 2329 878 2380 viribus
903 2326 1068 2390 meis,
1086 2338 1191 2376 nec
1207 2325 1440 2376 aliunde
1461 2325 1669 2376 habere
1690 2324 1940 2388 aliquam
1964 2327 2165 2374 fortitu-

563 2401 777 2463 dinem,
814 2398 928 2449 nisi
956 2402 1070 2449 ate
1096 2397 1256 2449 solo:
1290 2402 1347 2448 et
1373 2401 1552 2448 totam
1602 2409 1761 2461 spem
1808 2409 1994 2447 meam
2024 2398 2084 2448 in
2110 2402 2165 2450 te

563 2484 733 2536 pono.
759 2472 826 2521 In
844 2471 961 2520 Deo
992 2468 1269 2520 faciemus
1295 2468 1569 2519 virtutem
1604 2467 1764 2531 (Psal.
1807 2468 1933 2530 59.),
1963 2473 2019 2519 et
2040 2469 2165 2532 ipse

563 2543 637 2595 ad
648 2541 890 2593 nihilum
905 2540 1151 2592 deducet
1163 2540 1429 2590 inimicos
1441 2544 1693 2591 nostros.
1709 2539 2031 2602 Aliquando
2050 2542 2166 2589 facit

564 2614 739 2665 homo
754 2613 816 2663 in
832 2613 1022 2676 seipso
1040 2612 1454 2663 fortitudinem.
1470 2611 1699 2674 Appetit
1711 2623 1968 2674 regnare,
1982 2611 2167 2661 Domi-

563 2685 707 2748 nari,
731 2684 988 2749 superior
1001 2684 1228 2736 caeteris
1245 2694 1538 2748 apparere.
1560 2684 1685 2733 Non
1702 2682 1918 2746 patitur
1932 2685 2164 2743 injurias,

564 2757 818 2810 vindicat
830 2756 1037 2808 illatas.
1056 2755 1251 2818 Qualis
1266 2754 1537 2807 fortitudo
1561 2754 1816 2806 humana
1832 2759 1936 2818 est,
1955 2767 2073 2805 non
2089 2755 2168 2805 di-

562 2830 725 2882 vina:
771 2828 1017 2880 carnalis
1040 2841 1162 2879 non
1207 2827 1540 2892 spiritualis,
1587 2825 1794 2877 Reddit
1817 2826 2035 2877 malum
2060 2839 2162 2890 pro

564 2900 734 2961 malo,
750 2899 1119 2951 maledictum
1136 2912 1238 2965 pro
1264 2898 1585 2949 maledicto.
1606 2897 1906 2949 Erubescit
1928 2913 2163 2959 apparere

562 2974 775 3025 victus.
802 2971 914 3024 Sed
961 2970 1101 3021 dum
1148 2970 1328 3023 vincit
1364 2970 1676 3033 hominem,
1710 2970 1832 3034 ipse
1854 2968 2105 3020 deterius
2129 2981 2165 3021 a

565 3044 704 3098 vitio
716 3047 1037 3108 superatur.
1065 3040 1509 3102 Talisfortitudo
1532 3045 1621 3092 est
1644 3042 1948 3105 superbiai.
1985 3040 2164 3091 Forti-

567 3117 705 3168 tudo
728 3119 1091 3178 autem,qua3
1114 3126 1148 3165 a
1171 3116 1288 3165 Deo
1306 3116 1409 3175 est,
1427 3124 1543 3164 non
1568 3112 1756 3163 carnis
1780 3115 1887 3172 est,
1914 3111 2015 3163 sed
2039 3111 2164 3162 ani-

563 3200 680 3240 mm
708 3201 720 3237 :
745 3198 863 3238 non
886 3190 1085 3237 contra
1108 3185 1390 3248 homines,
1408 3184 1510 3235 sed
1535 3187 1732 3234 contra
1755 3183 1897 3234 vitia
1915 3186 1973 3234 et
1996 3185 2165 3232 diabo-

2259 632 2469 682 rosque
2494 620 2696 683 deseri,
2723 625 2780 672 et
2803 622 3010 672 tentari
3032 620 3463 673 damnabiliter
3488 623 3691 673 sciunt
3707 636 3886 685 :qua-

2257 695 2392 742 runt
2427 692 2497 753 (si
2543 692 2666 743 ﬁeri
2700 695 2908 756 potest)
2952 693 3105 744 scire
3134 694 3461 744 consilium
3488 694 3637 745 Dei:
3676 700 3739 745 ut
3766 695 3817 744 si
3838 696 3881 744 i:

2258 762 2451 825 aliquo
2468 763 2773 827 displicent
2794 770 2860 815 ut
2875 764 3246 825 deserantur,
3274 765 3456 815 citius
3484 765 3780 828 corrigere
3808 781 3883 815 τι,-

2257 832 2415 884 leant
2438 847 2507 884 ne
2537 835 2935 897 reprobentur.
2968 835 3134 885 Unde
3166 835 3442 898 protinus
3468 835 3780 899 adjungit:

2321 902 2369 957 3.
2399 905 2769 955 Emittclucem
2792 913 2943 955 tuam
2969 913 3017 954 et
3041 907 3329 955 veritatem
3358 914 3541 955 tuam.
3581 907 3701 957 Nisi
3738 912 3879 959 enin

2257 988 2364 1027 nos
2388 975 2687 1041 illuminet,
2715 979 2773 1029 in
2798 978 3047 1029 tenebris
3066 991 3302 1029 sumus.
3329 979 3463 1030 Nisi
3486 990 3601 1030 nos
3622 980 3793 1028 doceat
3814 998 3881 1029 re-

2258 1047 2508 1111 ritatem,
2525 1049 2860 1101 errabimus.
2879 1050 3028 1109 Quid
3043 1054 3248 1101 autem
3266 1049 3380 1112 (Eae
3393 1051 3735 1114 Augustino)
3753 1056 3849 1099 alii:
3868 1096 3873 1099 Α

2257 1118 2358 1169 lux
2383 1118 2503 1181 Dei,
2528 1120 2641 1170 nisi
2664 1120 2873 1172 veritas
2895 1121 3015 1171 Dei.
3048 1122 3168 1171 Aut
3197 1120 3343 1183 quid
3377 1124 3618 1173 veritas
3639 1124 3760 1185 Dei,
3781 1138 3872 1173 αξξ

2257 1188 2360 1239 lux
2376 1190 2491 1240 Dei.
2514 1191 2781 1253 Autquid
2792 1196 3088 1253 utrunque
3103 1192 3220 1242 nisi
3236 1204 3405 1243 unus
3426 1192 3707 1244 Christus
3730 1194 3754 1245 ?
3774 1196 3871 1257 Eg;

2258 1259 2461 1323 inquit)
2503 1260 2607 1312 lux
2653 1275 2785 1313 sum
2828 1262 3050 1313 mundi.
3091 1264 3211 1326 Ego
3250 1263 3368 1324 via,
3417 1263 3653 1315 veritas
3685 1269 3739 1315 et
3776 1269 3867 1315 τῆς.

2262 1332 2439 1396 (.Ιοαη.
2466 1330 2515 1385 8.
2549 1338 2594 1380 et
2642 1332 2769 1397 14.).
2815 1335 2989 1385 Recte
3039 1346 3178 1397 ergo
3205 1334 3628 1399 subjungitur,
3670 1337 3787 1400 Ipso
3812 1354 3867 1379 :2,-

2260 1402 2654 1454 deduxeruntet
2669 1404 3021 1454 adduxerunt
3034 1404 3095 1452 in
3107 1409 3353 1453 montem
3369 1412 3639 1454 sanctum
3656 1412 3819 1461 tuum,
3834 1426 3865 1453 ε.

2258 1474 2320 1521 in
2351 1474 2699 1526 tabernacula
2734 1482 2847 1527 tua.
2881 1477 2966 1527 Ac
2999 1474 3047 1526 si
3073 1475 3247 1538 dicat,
3297 1477 3435 1540 Ipsa
3458 1475 3572 1527 lux
3599 1481 3657 1529 et
3687 1480 3867 1529 verit/.5

2259 1548 2378 1607 tua,
2402 1546 2743 1597 deduxerunt
2764 1562 2863 1607 me,
2891 1547 2961 1597 de
2984 1559 3175 1598 errore
3201 1547 3273 1597 ad
3290 1547 3478 1599 ﬁdem
3503 1553 3701 1599 tuam:
3722 1556 3767 1598 et
3786 1552 3871 1596 ατς-

2258 1617 2535 1668 άυωενιιηι
2569 1620 2629 1669 in
2664 1625 2897 1669 montem
2933 1624 3188 1667 sanctum
3226 1624 3413 1667 tuum.
3443 1619 3517 1671 Id
3559 1626 3669 1680 est,
3693 1621 3746 1671 in
3772 1634 3872 1684 per-

2259 1688 2565 1742 fectionem
2577 1695 2635 1743 et
2645 1690 3016 1743 eminentiam
3031 1690 3341 1741 virtutum.
3356 1690 3432 1739 Et
3458 1692 3525 1740 in
3546 1691 3819 1740 tabernae-2.
3830 1693 3863 1739 Δ]

2188 1755 2243 1830 Β
2264 1764 2377 1822 tua,
2412 1759 2470 1810 id
2500 1763 2603 1826 est,
2638 1762 2698 1812 in
2726 1762 3009 1813 unitatem
3045 1764 3105 1812 et
3137 1761 3491 1812 societatem
3535 1768 3864 1814 sanctorum.

2264 1830 2399 1884 Ideo
2415 1843 2671 1895 praesens
2689 1832 2946 1884 Ecclesia
2963 1831 3417 1884 tabernaculum
3447 1832 3806 1896 diciturquia
3828 1839 3861 1880 in

2260 1914 2328 1952 ea
2340 1902 2581 1955 Domino
2603 1904 2897 1955 militatur.
2921 1902 3389 1955 Tabernaculum
3417 1910 3635 1956 autem
3652 1908 3853 1954 habitae:

2262 1978 2351 2025 est
2373 1974 2740 2027 militantium
2770 1990 2783 2027 :
2816 1980 2876 2027 et
2905 1974 3111 2026 militia
3139 1979 3233 2026 est
3266 1974 3395 2026 vita
3417 1975 3690 2028 hominis
3716 1989 3863 2039 super

2265 2049 2471 2096 terram
2490 2046 2620 2107 (Job.
2646 2047 2738 2111 7.).
2758 2049 2909 2099 Bene
2932 2050 3123 2098 autem
3149 2059 3272 2098 non
3294 2047 3397 2110 ait,
3422 2048 3861 2100 tabernaculum.

2264 2117 2366 2168 sed
2397 2117 2769 2167 tabernacula:
2811 2118 2948 2182 quia
2978 2116 3182 2169 multm
3218 2122 3363 2169 sunt
3396 2121 3863 2185 congregationes

2264 2193 2615 2254 sanctorum,
2640 2196 2697 2241 et
2719 2190 2779 2241 in
2801 2190 2998 2241 multis
3018 2190 3161 2240 locis
3193 2192 3383 2241 servit
3408 2191 3670 2242 Domino
3689 2192 3867 2241 militi;

2264 2259 2603 2312 Christiana.
2631 2263 2774 2313 Nam
2790 2261 2899 2313 alia
2924 2266 3064 2312 sunt
3078 2261 3472 2313 tabernacula
3501 2277 3601 2311 con
3603 2268 3864 2324 jugatorum

2265 2330 2539 2394 ﬁdelium,
2564 2331 2675 2383 alia
2698 2332 3132 2394 continentium,
3172 2331 3288 2382 alia
3310 2332 3747 2393 inchoantium,
3776 2335 3867 2384 alia

2263 2407 2683 2466 provectorum,
2710 2404 2817 2455 alia
2860 2403 3265 2468 perfectorum,
3317 2404 3439 2455 alia
3471 2404 3802 2457 auditorum
3826 2412 3867 2454 et

2266 2473 2640 2536 subditorum,
2658 2475 2768 2526 alia
2785 2475 3154 2539 praelatorum
3167 2479 3227 2525 et
3245 2475 3726 2538 praedicatorum.
3752 2478 3871 2528 Om-

2263 2544 2359 2595 nia
2374 2545 2732 2597 unimilitant
2758 2547 2913 2611 Regi.
2936 2548 3000 2597 Et
3019 2546 3068 2596 si
3106 2545 3346 2597 diversa
3368 2552 3521 2599 sunt
3558 2548 3767 2611 studia,
3796 2548 3869 2597 di-

2265 2628 2565 2668 versorum
2590 2622 2679 2669 est
2693 2618 2935 2670 intentio
2948 2630 3082 2669 una.
3100 2619 3245 2668 Cum
3264 2618 3444 2669 audis
3469 2619 3684 2681 lucem,
3698 2624 3869 2668 munda

2265 2687 2515 2740 oculum.
2562 2689 2663 2741 Illa
2684 2689 2786 2741 lux
2815 2689 3003 2742 cordis
3036 2689 3327 2741 mundum
3360 2694 3609 2742 oculum
3632 2694 3866 2754 requirit

2264 2759 2420 2809 Beati
2458 2761 2676 2813 mundo
2706 2761 2877 2813 corde
2908 2760 3185 2825 quoniam
3227 2761 3343 2826 ipsi
3384 2763 3577 2814 Deum
3607 2763 3867 2813 videbunt

2266 2830 2475 2891 (Matth.
2503 2830 2595 2889 5.).
2622 2833 2763 2884 Cum
2795 2832 2960 2884 audis
2985 2833 3452 2896 tabernaculum,
3468 2834 3693 2885 bellum
3718 2835 3866 2885 intei-

2261 2902 2394 2966 lige,
2419 2904 2646 2955 hostem
2681 2917 2839 2957 cave.
2868 2905 2976 2957 Sed
2997 2909 3115 2965 jam
3145 2905 3308 2957 ducti
3334 2907 3395 2957 in
3422 2907 3861 2961 tabernaculum.

2264 2977 2323 3024 et
2344 2974 2514 3037 positi
2557 2975 2618 3027 in
2660 2980 2856 3028 monte
2890 2981 3089 3029 sancto
3121 2977 3274 3040 ejus,
3321 2989 3506 3041 quam
3544 2990 3713 3043 spem
3742 2980 3861 3043 geri-

2263 3048 2435 3096 mus?
2459 3047 2737 3111 sequitur,
2779 3051 2837 3100 et
2869 3047 3047 3099 dicit:

2326 3116 2375 3169 4.
2389 3117 2625 3167 Introibo
2643 3119 2715 3168 ad
2729 3119 2898 3168 altare
2929 3119 3043 3169 Dei.
3066 3118 3231 3181 Quod
3253 3124 3347 3171 est
3367 3118 3516 3171 illud
3542 3120 3729 3173 altare
3748 3124 3774 3171 ?
3792 3120 3857 3169 Ad

2263 3187 2451 3249 Deum,
2470 3190 2566 3253 qui
2592 3190 2814 3253 laetiﬁcat
2833 3191 3168 3254 juventutem
3193 3205 3395 3242 meam.
3426 3192 3490 3242 Id
3527 3197 3639 3257 est,
3666 3193 3764 3256 qui
3787 3205 3858 3242 me

563 3260 702 3352 lum:
722 3259 959 3352 Ipsa‘est
974 3258 1265 3352 patientia2
1285 3257 1411 3352 ipsa
1428 3254 1842 3338 esthumilitas,
1861 3256 2161 3352 obedientia,
2191 3274 2243 3352 ρ
2262 3259 2536 3352 Ξυνρληθῳ
2555 3261 2789 3352 factum,
2805 3261 3063 3326 deposita
3075 3262 3236 3341 omni
3251 3266 3574 3352 vetustate,
3590 3254 3855 3315 laeti—ticam;

565 3331 793 3395 caritas,
819 3334 877 3381 et
908 3334 1134 3382 σείει-ω
1160 3330 1405 3383 virtutes
1428 3327 1623 3387 animi,
1650 3339 1783 3390 qua:
1812 3339 1846 3378 a
1866 3328 1984 3378 Deo
2008 3330 2159 3377 sunt.

566 3403 854 3466 Scriptum
886 3407 993 3462 est,
1022 3402 1129 3462 Qui
1155 3402 1452 3453 conﬁdunt
1474 3400 1534 3449 in
1558 3400 1821 3461 Domino,
1856 3399 2169 3449 mutabunt

565 3473 958 3525 fortitudinem
981 3473 1254 3537 (180.40.).
1282 3472 1427 3523 Hinc
1448 3470 1760 3534 Apostolus
1776 3483 1883 3522 nos
1896 3469 2169 3521 admonet

566 3545 766 3595 dicens
792 3542 1111 3594 :Nolivinci
1134 3558 1167 3594 a
1188 3544 1357 3607 malo,
1387 3541 1489 3593 sed
1515 3541 1680 3593 vince
1700 3542 1761 3592 in
1785 3542 1934 3593 bono
1950 3542 2164 3592 malum

568 3616 736 3679 (Rom.
764 3614 890 3677 12.).
929 3617 1088 3666 Deus
1130 3628 1266 3679 ergo
1297 3614 1370 3665 sit
1396 3613 1670 3664 fortitudo
1694 3618 1907 3665 nostra.
1939 3615 2004 3664 In
2040 3612 2165 3681 ipso

565 3688 871 3751 eripiemur
899 3697 933 3736 a
957 3686 1394 3747 tentationibus,
1420 3697 1517 3748 per
1540 3685 1730 3748 ipsum
1761 3685 2165 3749 superabimus

565 3757 855 3809 mundum
875 3761 933 3809 et
952 3757 1263 3815 diabolum,
1277 3757 1417 3809 vitia
1432 3759 1487 3807 et
1502 3759 1753 3819 peccata,
1766 3757 1950 3819 ipsam
1966 3771 2163 3804 carnem

565 3834 622 3882 et
652 3829 933 3880 desideria
956 3828 1129 3880 mala:
1150 3830 1341 3893 ipsum
1365 3828 1535 3879 etiam
1552 3840 1797 3890 regnum
1814 3827 2084 3879 caelorum
2107 3828 2166 3879 vi

565 3902 873 3967 capiemus.
900 3902 1077 3952 Juxta
1099 3901 1255 3965 quod
1278 3900 1557 3965 scriptum
1579 3904 1687 3964 est,
1724 3901 1791 3949 Et
1814 3900 2049 3950 violenti
2072 3912 2163 3950 ra-

563 3974 732 4039 piunt.
749 3972 888 4024 illud
903 3973 1115 4034 (Matth.
1144 3972 1269 4037 11.).
1292 3973 1399 4023 Sed
1424 3970 1496 4022 ad
1517 3970 1663 4035 ωηο,
1690 3982 1821 4034 quas
1837 3970 1989 4023 dicta
2006 3976 2163 4035 sunt,

564 4045 849 4097 contraria
873 4044 1162 4109 videntur,
1181 4057 1314 4108 quae
1342 4046 1683 4106 sequuntur,
1717 4055 1847 4093 cum
1868 4044 1969 4095 ait:
1989 4043 2165 4102 Quare

562 4133 645 4167 me
668 4115 915 4181 reputisti
933 4120 957 4168 .9
980 4121 1025 4164 et
1052 4131 1220 4180 quare
1242 4116 1586 4165 contristatus
1604 4114 1806 4175 incedo,
1825 4115 1955 4163 dum
1967 4115 2165 4178 afﬂigit

561 4204 645 4239 me
668 4188 928 4238 inimicus
947 4189 971 4237 ?
995 4189 1051 4240 Si
1064 4191 1221 4241 Deus
1238 4185 1613 4240 estfortitudo
1625 4189 1771 4252 ejus,
1790 4186 2080 4250 quomodo
2092 4193 2164 4234 est

562 4261 858 4327 repulsus?
870 4261 1165 4325 quomodo
1178 4260 1554 4313 contristatus
1566 4271 1591 4308 δ
1602 4258 1837 4322 ffligitur
1846 4259 1918 4309 ab
1931 4260 2165 4307 inimico?

564 4333 839 4397 Nunquid
850 4333 1100 4385 invalida
1111 4345 1323 4384 manus
1337 4329 1591 4382 Domini?
1601 4330 1709 4380 Sed
1724 4330 2161 4390 sciendum,quie

562 4406 693 4471 pius
722 4405 1027 4465 Dominus,
1052 4404 1303 4469 quadam
1340 4401 1754 4467 dispensatoria
1776 4401 2167 4453 misericordia

564 4490 673 4529 sua
696 4477 1012 4541 plerunque
1036 4477 1248 4529 electos
1273 4487 1410 4526 suos
1427 4479 1485 4526 et
1509 4472 1834 4537 repellendo
1857 4473 2082 4533 retinet,
2108 4477 2167 4524 et

562 4548 862 4601 retinendo
886 4546 1121 4612 repellit.
1148 4548 1307 4598 Sicut
1338 4558 1470 4597 cum
1495 4544 1757 4596 diabolus
1795 4545 2028 4595 beatum
2051 4546 2078 4594 J
2088 4545 2161 4596 ob

564 4624 787 4685 peteret
828 4619 902 4671 ad
949 4619 1309 4678 tentandum,
1350 4620 1511 4681 Ecce,
1546 4616 1736 4679 inquit
1765 4615 2066 4679 Dominus,
2099 4617 2161 4668 in

2266 3328 2456 3381 dando
2480 3331 2967 3383 immortalitatem
2990 3336 3050 3383 et
3082 3332 3640 3397 impassibilitatem.
3689 3336 3857 3386 Altam

2264 3402 2368 3453 Dei
2391 3406 2482 3453 est
2524 3403 2647 3468 ipse
2688 3403 2863 3454 Filius
2896 3403 3014 3455 Dei.
3060 3403 3151 3454 Ad
3208 3404 3321 3455 hoc
3352 3404 3537 3456 altare
3566 3407 3859 3459 introimus

2263 3473 2436 3525 modo
2466 3486 2565 3537 per
2583 3474 2773 3539 ﬁdem,
2800 3473 3170 3539 postmodum
3221 3475 3603 3529 introibimus
3630 3491 3733 3542 per
3754 3491 3854 3542 spe

2266 3544 2425 3595 ciem.
2454 3545 2590 3596 Etin
2612 3544 2722 3597 hoc
2737 3545 3084 3597 altarimodo
3110 3546 3409 3597 offerimus
3428 3549 3552 3599 Deo
3569 3550 3723 3600 Patri
3746 3555 3858 3599 vota

2264 3620 2322 3666 et
2367 3616 2666 3681 sacriﬁcia,
2711 3629 2808 3668 cor
2852 3617 3170 3667 contritum
3216 3622 3276 3668 et
3307 3617 3685 3670 humiliatum
3719 3620 3856 3682 [PsaL

2264 3684 2391 3749 50.),
2416 3688 2700 3738 orationes
2724 3693 2780 3739 et
2804 3700 3027 3752 preces:
3056 3688 3441 3752 postmodum
3463 3690 3700 3754 repulsa
3722 3691 3856 3742 omni

2265 3758 2492 3809 tristitia
2511 3759 2570 3809 in
2592 3759 2793 3810 eodem
2806 3759 2988 3823 altari,
3017 3760 3077 3810 in
3094 3762 3224 3823 ipsa
3236 3760 3547 3813 divinitate
3572 3766 3853 3811 sacrificium

2264 3829 2662 3881 tantummodo
2679 3832 2983 3881 offeremus
2999 3830 3210 3893 laudis,
3231 3836 3288 3881 et
3305 3844 3423 3882 non
3442 3834 3738 3884 orationis.
3755 3836 3853 3884 La:-

2265 3901 2575 3952 tiﬁcabitur
2587 3901 2867 3966 juventus
2890 3906 3088 3953 nostra
3111 3902 3172 3952 in
3189 3904 3635 3965 resurrectione,
3655 3910 3854 3969 etpost-

2265 3985 2435 4034 quam
2464 3974 2620 4024 Deus
2635 3974 2741 4025 erit
2756 3974 2949 4025 omnia
2973 3973 3032 4023 in
3048 3973 3326 4024 omnibus
3340 3974 3606 4039 (Philipp.
3631 3974 3726 4037 3.).
3743 3978 3850 4026 Jam

2268 4041 2439 4111 207
2457 4045 2597 4095 nihil
2629 4044 2827 4106 deerit,
2851 4044 3001 4109 quod
3026 4045 3427 4096 necessarium
3452 4047 3747 4110 postulare
3760 4050 3847 4097 sit:

2264 4117 2363 4168 sed
2400 4116 2800 4167 tantummodo
2841 4115 3106 4166 laudibus
3143 4115 3360 4167 divinis
3397 4129 3625 4169 vacare.
3661 4118 3769 4171 Sed
3796 4116 3851 4167 ad

2262 4188 2416 4240 illam
2428 4187 2657 4239 laudem
2674 4188 2941 4252 quisquis
2954 4188 3260 4252 pervenire
3291 4190 3537 4254 appetit,
3558 4192 3723 4256 prius
3736 4204 3853 4252 opor-

2270 4264 2370 4323 tet,
2404 4261 2467 4310 ut
2495 4259 2857 4310 bicinchoet:
2876 4258 3003 4311 ideo
3029 4259 3250 4321 subdit,
3271 4260 3577 4322 Conﬁtebor
3600 4261 3697 4310 tibi
3708 4263 3763 4311 in
3784 4278 3851 4322 cy-

2270 4332 2448 4393 thara,
2467 4331 2606 4380 Deus
2628 4330 2772 4380 Deus
2794 4344 2962 4381 meus.
2988 4329 3098 4381 Ubi
3112 4330 3397 4395 repetitio,
3423 4332 3669 4384 affectus
3692 4338 3750 4385 et
3773 4331 3853 4382 de-

2267 4403 2513 4455 votionis
2537 4402 2815 4453 indicium
2838 4406 2942 4454 est.
2969 4403 3036 4453 In
3058 4402 3169 4454 hoc
3186 4402 3375 4453 differt
3398 4403 3641 4467 cythara
3662 4418 3699 4455 a
3727 4400 3852 4470 psal-

2267 4474 2424 4535 terio,
2445 4474 2580 4536 quia
2591 4474 2922 4537 psalterium
2944 4486 2979 4525 a
3012 4473 3291 4538 superiori
3318 4479 3502 4541 parte,
3535 4476 3772 4539 cythara
3793 4473 3847 4525 ab

2261 4546 2506 4598 inferiori
2519 4545 2702 4595 reddit
2716 4557 2943 4596 sonum.
2958 4546 3025 4595 In
3040 4544 3131 4595 his
3148 4545 3381 4596 duobus
3409 4548 3649 4610 organis
3672 4548 3735 4598 in
3754 4545 3850 4611 ple—

2259 4619 2452 4682 risque
2473 4616 2828 4681 psalmorum
2846 4615 2988 4668 locis
3010 4616 3388 4681 praecipimur
3408 4618 3671 4670 conﬁteri
3686 4616 3853 4670 Domi-

566 4703 742 4774 manu
766 4695 867 4774 tua
890 4689 1135 4774 θερμοὶ).
1164 4689 1253 4754 1.).
1290 4689 1406 4774 Ξθό⁸
1420 4690 1556 4771 quia
1580 4700 1715 4774 eum
1726 4687 2051 4774 repedando
2076 4701 2163 4771 re_-
2189 4700 2248 4774 D
2265 4704 2362 4742 no.
2400 4690 2653 4774 Utraque
2690 4688 2799 4770 (Eae
2840 4689 3383 4774 Αιέέμιειίζιοχβιιξιῐ.Δ
3400 4688 3617 4774 placita
3634 4692 3789 4774 ‘Deo,
3810 4692 3852 4738 et

563 4761 755 4822 tinuit,
776 4760 1102 4811 ostenditur
1131 4773 1266 4811 cum
1285 4760 1549 4823 protinus
1564 4758 1745 4809 addit:
1775 4760 2021 4810 Tantum
2049 4760 2164 4811 ani-

565 4844 721 4883 mam
739 4833 866 4895 ejus
880 4843 1063 4882 serva.
1093 4833 1356 4892 Quantus
1380 4835 1574 4883 autem
1592 4830 1678 4882 vir
1710 4830 1819 4881 iste
1841 4829 2029 4893 fuerit,
2065 4831 2165 4894 qui

570 4903 619 4969 2
631 4900 680 4969 ο
691 4900 744 4970 6
770 4916 803 4953 a
814 4903 931 4952 Deo
952 4901 1317 4965 relinquitur,
1333 4906 1389 4953 et
1405 4902 1631 4953 diabolo
1654 4901 2046 4965 traditur,ipso
2060 4904 2168 4953 Do-

564 4974 724 5025 mino
752 4972 823 5023 ad
850 4971 1099 5023 eundem
1137 4972 1428 5023 diabolum
1452 4973 1677 5024 dicente
1701 4972 2037 5023 didicimus:
2064 4972 2164 5025 ubi

564 5045 661 5106 ait,
688 5046 889 5095 Nonne
903 5043 1278 5095 considerasti
1290 5056 1521 5096 servum
1541 5058 1736 5095 meum
1752 5045 1878 5106 Job,
1893 5044 2045 5107 quod
2063 5061 2163 5093 non

566 5118 641 5170 sit
669 5117 719 5169 ei
744 5115 948 5166 similis
972 5117 1034 5165 in
1075 5120 1224 5169 terra
1246 5118 1272 5167 ?
1309 5115 1397 5167 vir
1420 5114 1663 5179 simplex
1688 5120 1745 5166 et
1766 5119 1979 5178 rectus,
2001 5129 2068 5168 ac
2090 5117 2165 5167 ti-

563 5202 731 5241 mens
754 5190 957 5249 Deum,
997 5191 1055 5239 et
1079 5188 1354 5239 recedens
1379 5200 1413 5238 a
1445 5186 1595 5237 malo
1620 5186 1857 5250 (Ibidem)
1902 5188 2008 5249 Qui
2031 5201 2166 5239 cum

566 5261 697 5312 talis
712 5264 887 5321 esset,
901 5262 1125 5323 poterat
1139 5259 1314 5321 digne
1328 5258 1568 5309 Domino
1593 5257 1809 5308 dicere:
1830 5260 2005 5315 Quare
2028 5272 2164 5323 ergo

563 5347 647 5382 me
667 5332 915 5396 γεραιὰςιί
939 5335 963 5381 ?
994 5331 1060 5380 Et
1096 5345 1268 5394 quare
1282 5330 1447 5379 tristis
1478 5329 1682 5389 incedo,
1702 5328 1833 5377 dum
1859 5329 2057 5393 afﬂigit
2081 5345 2165 5379 me

563 5404 858 5455 inimicus?
874 5402 974 5454 Cui
997 5402 1170 5453 etiam
1192 5401 1422 5466 dignius
1454 5400 1738 5464 potuisset
1765 5401 2043 5452 Dominus
2076 5414 2165 5452 re-

565 5476 869 5541 spondere,
897 5476 1016 5538 Ego
1028 5486 1174 5537 quos
1197 5485 1349 5537 amo,
1366 5484 1545 5536 arguo
1570 5476 1624 5522 et
1648 5471 1893 5535 castigo:
1912 5472 2165 5535 flagellat

564 5551 719 5602 enim
730 5548 1256 5599 Dominusomnem
1268 5544 1647 5608 ﬁlium,quem
1658 5542 2050 5607 recipit{Prov.
2068 5543 2160 5607 1.).

564 5624 651 5682 Et,
689 5622 903 5671 Beatus
926 5619 1026 5682 qui
1066 5618 1267 5669 suffert
1292 5616 1667 5669 tentationem
1694 5633 1704 5664 :
1732 5614 2003 5678 quoniam
2029 5626 2164 5666 cum

561 5692 839 5753 probatus
872 5690 1060 5751 fuerit,
1095 5688 1335 5754 accipiet
1370 5700 1641 5741 coronam
1665 5687 1802 5739 vitae
1841 5684 2036 5751 (Jacob.
2071 5685 2162 5750 1.).

628 5812 646 5832 ·
665 5805 925 5921 ιΒθοῑὶἱμε
965 5805 1027 5858 in
1054 5803 1296 5869 vulgato
1337 5804 1667 5871 Augustino
1694 5801 2036 5868 conscientia,
2059 5813 2163 5867 pro

628 5888 661 5921 η
690 5888 815 5921 men
838 5889 917 5921 ια.

562 5887 917 5924 continentia.

623 5941 646 5970 ³
661 5940 791 5994 Alio
807 5955 1004 6008 sensu,
1037 5949 1215 6011 atque
1234 5946 1345 6001 alia
1378 5948 1533 6013 apud
1577 5947 1973 6012 Augustinum
1994 5945 2168 5999 inter-

2265 4760 2467 4814 suavia
2484 4760 2719 4811 auribus
2731 4759 2877 4823 ejus.
2898 4759 3139 4821 Quando
3158 4759 3391 4811 dicebat
3406 4762 3725 4825 Apostolus
3734 4770 3852 4827 pra-

2265 4832 2453 4883 dicare
2476 4831 2839 4895 evangelium
2878 4830 2999 4890 Dei,
3035 4836 3085 4881 et
3108 4829 3250 4881 illud
3275 4844 3396 4882 non
3419 4832 3496 4882 ab
3518 4831 3849 4884 hominibus.

2261 4915 2450 4966 neque
2473 4914 2575 4965 per
2597 4901 2911 4963 hominem,
2940 4902 3040 4952 sed
3060 4914 3159 4965 per
3173 4903 3204 4952 J
3211 4914 3379 4953 esum
3404 4902 3703 4955 Christum
3719 4914 3851 4955 acce-

2263 4974 2417 5037 pisse
2437 4972 2613 5035 (Gat.1
2641 4972 2677 5037 ),
2701 4972 2947 5037 desuper
2971 4973 3261 5023 sonabant
3285 4972 3540 5025 chorda.
3567 4976 3716 5027 Cum
3740 4984 3849 5026 vero

2264 5044 2533 5095 dicebat:
2580 5043 2901 5094 Gloriamur
2948 5043 3008 5094 in
3056 5043 3547 5106 tribulationibus,
3606 5048 3848 5099 scientes.

2264 5115 2398 5180 quia
2416 5115 2703 5166 tribulatio
2729 5115 3064 5179 patientiam
3079 5120 3373 5179 operatur,
3392 5121 3451 5167 et
3474 5120 3688 5169 caetera
3710 5119 3848 5181 (Rom.

2264 5185 2333 5249 5.)
2356 5186 2620 5250 :cythara
2638 5188 2901 5248 sonabat,
2933 5200 3005 5237 ex
3026 5185 3284 5238 inferiori
3311 5187 3570 5249 quidem.
3600 5189 3704 5240 sed
3721 5198 3847 5235 lamen

2263 5258 2736 5311 dulciter.0mnis
2759 5258 2909 5309 enim
2928 5258 3208 5322 patientia
3231 5256 3422 5309 dulcis
3445 5264 3535 5309 est
3560 5260 3705 5311 Deo.
3731 5258 3845 5311 Dicit

2262 5342 2417 5393 ergo,
2454 5329 2751 5393 Confitebor
2774 5328 2868 5378 tibi
2892 5329 2953 5377 in
2976 5329 3209 5394 cythara
3234 5344 3247 5379 :
3275 5332 3508 5394 propter
3531 5330 3695 5394 illud,
3721 5324 3845 5393 quod
3886 5364 3887 5375 χ

2262 5400 2504 5465 dixerat,
2531 5404 2713 5464 Quare
2739 5401 2921 5452 tristis
2940 5400 3159 5464 incedo,
3180 5400 3322 5452 dum
3340 5400 3546 5465 afﬂigit
3562 5414 3662 5453 me
3683 5398 3843 5453 inimi-

2263 5476 2404 5524 cus?
2426 5473 2752 5524 Patiebatur
2774 5486 2847 5524 ex
2877 5472 3129 5524 inferiori
3153 5472 3488 5526 afflictione.
3512 5475 3567 5523 et
3592 5474 3652 5524 in
3677 5485 3740 5524 eo
3759 5473 3842 5531 ipso

2262 5544 2491 5597 volebat
2513 5544 2735 5608 placere
2751 5545 2890 5607 Deo,
2914 5548 2970 5596 et
2993 5544 3281 5607 gestiebat
3296 5544 3513 5608 gratias
3538 5557 3704 5607 agere
3725 5541 3841 5591 fortis

2262 5615 2320 5667 in
2346 5615 2806 5669 tribulationibus
2843 5633 2855 5664 :
2883 5621 2941 5667 et
2974 5615 3110 5678 quia
3143 5615 3270 5667 sine
3292 5615 3386 5667 his
3410 5627 3543 5668 esse
3564 5629 3682 5669 non
3706 5616 3838 5680 pote-

2260 5690 2350 5739 rat
2374 5689 2395 5716 ⁸³
2419 5687 2712 5753 patientia,
2740 5688 2857 5740 Deo
2891 5686 3135 5739 dicebat.

2259 5804 2588 5869 punctione,
2615 5803 2751 5869 quia
2780 5804 2898 5853 sine
2945 5801 3300 5854 tribulatione
3343 5818 3449 5855 esse
3486 5818 3597 5855 non
3631 5798 3824 5869 pota-al:

2254 5876 2582 5939 patientiam
2603 5876 2711 5927 Deo
2738 5874 2947 5927 debebat
2963 5890 2980 5925 :
3014 5887 3151 5940 qua:
3169 5874 3428 5941 antiquis
3455 5878 3592 5930 Mss.
3616 5873 3821 5927 varietas

2260 5947 2564 6004 tribuenda
2590 5949 2699 6001 est.
