  <div class='ocr_page' id='page_1' title='image "/cluster/home/n/w/nwhite01/storage/ocr_20150623/20-21/uva.x000826555/1020.png"; bbox 0 0 3908 6232; ppageno 0'>
   <div class='ocr_carea' id='block_1_1' title="bbox 61 344 197 399">
    <p class='ocr_par' dir='ltr' id='par_1_1' title="bbox 61 344 197 399">
     <span class='ocr_line' id='line_1_1' title="bbox 61 344 197 399; baseline 0.007 -1"><span class='ocrx_word' id='word_1_1' title='bbox 61 344 197 399; x_wconf 79' lang='grc'>813</span> 
     </span>
    </p>
   </div>
   <div class='ocr_carea' id='block_1_2' title="bbox 1077 347 2445 408">
    <p class='ocr_par' dir='ltr' id='par_1_2' title="bbox 1077 347 2445 408">
     <span class='ocr_line' id='line_1_2' title="bbox 1077 347 2445 408; baseline 0.005 -11"><span class='ocrx_word' id='word_1_2' title='bbox 1077 348 1161 408; x_wconf 66' lang='lat' dir='ltr'>{IN</span> <span class='ocrx_word' id='word_1_3' title='bbox 1220 347 1542 401; x_wconf 81' lang='lat' dir='ltr'>PSALMOS</span> <span class='ocrx_word' id='word_1_4' title='bbox 1597 347 1805 399; x_wconf 79' lang='lat' dir='ltr'><strong>LXXV</strong></span> <span class='ocrx_word' id='word_1_5' title='bbox 1871 348 2445 406; x_wconf 82' lang='lat' dir='ltr'>COMMENTARIUS.</span> 
     </span>
    </p>
   </div>
   <div class='ocr_carea' id='block_1_3' title="bbox 3298 346 3403 429">
    <p class='ocr_par' dir='ltr' id='par_1_3' title="bbox 3298 346 3403 429">
     <span class='ocr_line' id='line_1_3' title="bbox 3298 346 3403 429; baseline 0.029 -3"><span class='ocrx_word' id='word_1_6' title='bbox 3298 346 3403 429; x_wconf 67' lang='lat' dir='ltr'>8H</span> 
     </span>
    </p>
   </div>
   <div class='ocr_carea' id='block_1_4' title="bbox 147 458 3403 548">
    <p class='ocr_par' dir='ltr' id='par_1_4' title="bbox 147 458 3403 548">
     <span class='ocr_line' id='line_1_4' title="bbox 147 458 3403 548; baseline 0 0"><span class='ocrx_word' id='word_1_7' title='bbox 147 458 555 548; x_wconf 30' lang='lat' dir='ltr'>fil-lamiae?</span> <span class='ocrx_word' id='word_1_8' title='bbox 570 460 882 548; x_wconf 50' lang='grc' dir='ltr'>ῆίιξοςῖυίθυτ</span> <span class='ocrx_word' id='word_1_9' title='bbox 894 460 1148 548; x_wconf 48' lang='lat' dir='ltr'>simam</span> <span class='ocrx_word' id='word_1_10' title='bbox 1177 473 1361 548; x_wconf 41' lang='lat' dir='ltr'>suam.</span> <span class='ocrx_word' id='word_1_11' title='bbox 1381 461 1705 548; x_wconf 52' lang='grc' dir='ltr'>«προπίω»</span> <span class='ocrx_word' id='word_1_12' title='bbox 1727 466 1784 538; x_wconf 81' lang='grc' dir='ltr'><strong>Α</strong></span> <span class='ocrx_word' id='word_1_13' title='bbox 1835 461 1923 548; x_wconf 74' lang='grc'>..3-</span> <span class='ocrx_word' id='word_1_14' title='bbox 1950 463 2150 548; x_wconf 52' lang='lat' dir='ltr'>Mares</span> <span class='ocrx_word' id='word_1_15' title='bbox 2174 466 2372 548; x_wconf 54' lang='lat' dir='ltr'>esid</span> <span class='ocrx_word' id='word_1_16' title='bbox 2396 473 2499 548; x_wconf 59' lang='grc' dir='ltr'>φεμ</span> <span class='ocrx_word' id='word_1_17' title='bbox 2527 472 2713 548; x_wconf 61' lang='lat' dir='ltr'>virttis</span> <span class='ocrx_word' id='word_1_18' title='bbox 2736 481 2793 527; x_wconf 64' lang='lat' dir='ltr'>et</span> <span class='ocrx_word' id='word_1_19' title='bbox 2808 480 3071 540; x_wconf 59' lang='lat' dir='ltr'>potentia</span> <span class='ocrx_word' id='word_1_20' title='bbox 3095 486 3212 545; x_wconf 64' lang='lat' dir='ltr'>tua,</span> <span class='ocrx_word' id='word_1_21' title='bbox 3228 494 3403 548; x_wconf 67' lang='grc' dir='ltr'>ρεηιεε</span> 
     </span>
    </p>
   </div>
   <div class='ocr_carea' id='block_1_5' title="bbox 61 531 3405 619">
    <p class='ocr_par' dir='ltr' id='par_1_5' title="bbox 61 531 3405 619">
     <span class='ocr_line' id='line_1_5' title="bbox 61 531 3405 619; baseline 0.009 -39"><span class='ocrx_word' id='word_1_22' title='bbox 61 536 140 619; x_wconf 51' lang='lat' dir='ltr'>et.</span> <span class='ocrx_word' id='word_1_23' title='bbox 169 531 554 619; x_wconf 35' lang='lat' dir='ltr'>dicitjzr‘Qu‘are</span> <span class='ocrx_word' id='word_1_24' title='bbox 578 532 742 619; x_wconf 67' lang='lat' dir='ltr'>tristis</span> <span class='ocrx_word' id='word_1_25' title='bbox 756 546 826 593; x_wconf 82' lang='lat' dir='ltr'>es,</span> <span class='ocrx_word' id='word_1_26' title='bbox 849 532 1043 619; x_wconf 43' lang='lat' dir='ltr'>aiiima&#39;</span> <span class='ocrx_word' id='word_1_27' title='bbox 1053 547 1178 619; x_wconf 51' lang='lat' dir='ltr'>Inoa</span> <span class='ocrx_word' id='word_1_28' title='bbox 1191 536 1282 619; x_wconf 51' lang='lat' dir='ltr'>c{et</span> <span class='ocrx_word' id='word_1_29' title='bbox 1301 547 1470 611; x_wconf 62' lang='lat' dir='ltr'>quare</span> <span class='ocrx_word' id='word_1_30' title='bbox 1489 540 1711 619; x_wconf 48' lang='lat' dir='ltr'>colitur:-</span> <span class='ocrx_word' id='word_1_31' title='bbox 1727 531 1784 538; x_wconf 81' lang='grc'><em>”</em></span> <span class='ocrx_word' id='word_1_32' title='bbox 1810 533 2425 619; x_wconf 35' lang='grc' dir='ltr'>ἀὶερονάὶάὶιζνὶᾶίθϋφθι</span> <span class='ocrx_word' id='word_1_33' title='bbox 2445 531 2860 619; x_wconf 68' lang='grc' dir='ltr'>ᾼωοιτιιωιιῶ,</span> <span class='ocrx_word' id='word_1_34' title='bbox 2882 531 3254 619; x_wconf 55' lang='grc' dir='ltr'>Ιθὺιιεώίίῖῐίῗ</span> 
     </span>
    </p>
   </div>
   <div class='ocr_carea' id='block_1_6' title="bbox 59 601 1712 665">
    <p class='ocr_par' dir='ltr' id='par_1_6' title="bbox 59 601 1712 665">
     <span class='ocr_line' id='line_1_6' title="bbox 59 601 1712 665; baseline 0.004 -17"><span class='ocrx_word' id='word_1_35' title='bbox 59 602 184 649; x_wconf 74' lang='lat' dir='ltr'>(ms</span> <span class='ocrx_word' id='word_1_36' title='bbox 206 617 296 648; x_wconf 80' lang='lat' dir='ltr'>me</span> <span class='ocrx_word' id='word_1_37' title='bbox 313 604 339 651; x_wconf 72' lang='lat'><strong>1?</strong></span> <span class='ocrx_word' id='word_1_38' title='bbox 364 601 471 652; x_wconf 89' lang='lat' dir='ltr'>Sed</span> <span class='ocrx_word' id='word_1_39' title='bbox 499 602 629 664; x_wconf 85' lang='lat' dir='ltr'>quis</span> <span class='ocrx_word' id='word_1_40' title='bbox 654 606 759 656; x_wconf 82' lang='lat' dir='ltr'>est.</span> <span class='ocrx_word' id='word_1_41' title='bbox 779 602 877 664; x_wconf 88' lang='lat' dir='ltr'>qui</span> <span class='ocrx_word' id='word_1_42' title='bbox 892 602 1143 665; x_wconf 75' lang='lat' dir='ltr'>loquitur</span> <span class='ocrx_word' id='word_1_43' title='bbox 1160 601 1229 653; x_wconf 88' lang='lat' dir='ltr'>ad</span> <span class='ocrx_word' id='word_1_44' title='bbox 1244 602 1712 655; x_wconf 72' lang='lat' dir='ltr'>auimam‘nntel-</span> 
     </span>
    </p>
   </div>
   <div class='ocr_carea' id='block_1_7' title="bbox 58 672 1709 737">
    <p class='ocr_par' dir='ltr' id='par_1_7' title="bbox 58 672 1709 737">
     <span class='ocr_line' id='line_1_7' title="bbox 58 672 1709 737; baseline 0 -14"><span class='ocrx_word' id='word_1_45' title='bbox 58 673 345 736; x_wconf 73' lang='lat' dir='ltr'>ligimus</span> <span class='ocrx_word' id='word_1_46' title='bbox 367 672 579 724; x_wconf 85' lang='lat' dir='ltr'>habere</span> <span class='ocrx_word' id='word_1_47' title='bbox 599 686 706 724; x_wconf 87' lang='lat' dir='ltr'>nos</span> <span class='ocrx_word' id='word_1_48' title='bbox 726 673 957 736; x_wconf 88' lang='lat' dir='ltr'>aliquid,</span> <span class='ocrx_word' id='word_1_49' title='bbox 976 674 1075 724; x_wconf 90' lang='lat' dir='ltr'>ubi</span> <span class='ocrx_word' id='word_1_50' title='bbox 1096 674 1286 737; x_wconf 81' lang='lat' dir='ltr'>imago</span> <span class='ocrx_word' id='word_1_51' title='bbox 1309 676 1412 726; x_wconf 89' lang='lat' dir='ltr'>Dei</span> <span class='ocrx_word' id='word_1_52' title='bbox 1427 676 1541 726; x_wconf 85' lang='lat' dir='ltr'>est:</span> <span class='ocrx_word' id='word_1_53' title='bbox 1562 690 1709 723; x_wconf 90' lang='lat' dir='ltr'>men-</span> 
     </span>
    </p>
   </div>
   <div class='ocr_carea' id='block_1_8' title="bbox 64 742 1710 808">
    <p class='ocr_par' dir='ltr' id='par_1_8' title="bbox 64 742 1710 808">
     <span class='ocr_line' id='line_1_8' title="bbox 64 742 1710 808; baseline 0 -14"><span class='ocrx_word' id='word_1_54' title='bbox 64 747 214 794; x_wconf 83' lang='lat' dir='ltr'>tem</span> <span class='ocrx_word' id='word_1_55' title='bbox 257 742 479 794; x_wconf 74' lang='lat' dir='ltr'>scilicet</span> <span class='ocrx_word' id='word_1_56' title='bbox 513 749 687 807; x_wconf 86' lang='lat' dir='ltr'>atque</span> <span class='ocrx_word' id='word_1_57' title='bbox 712 746 1013 799; x_wconf 83' lang='lat' dir='ltr'>rationem.</span> <span class='ocrx_word' id='word_1_58' title='bbox 1038 746 1169 807; x_wconf 89' lang='lat' dir='ltr'>Ipsa</span> <span class='ocrx_word' id='word_1_59' title='bbox 1193 750 1299 807; x_wconf 88' lang='lat' dir='ltr'>est,</span> <span class='ocrx_word' id='word_1_60' title='bbox 1327 757 1459 808; x_wconf 62' lang='lat' dir='ltr'>quas</span> <span class='ocrx_word' id='word_1_61' title='bbox 1483 745 1710 797; x_wconf 70' lang='lat' dir='ltr'>invocat</span> 
     </span>
    </p>
   </div>
   <div class='ocr_carea' id='block_1_9' title="bbox 63 814 1712 880">
    <p class='ocr_par' dir='ltr' id='par_1_9' title="bbox 63 814 1712 880">
     <span class='ocr_line' id='line_1_9' title="bbox 63 814 1712 880; baseline 0.001 -15"><span class='ocrx_word' id='word_1_62' title='bbox 63 814 295 867; x_wconf 85' lang='lat' dir='ltr'>lucem</span> <span class='ocrx_word' id='word_1_63' title='bbox 322 819 381 867; x_wconf 89' lang='lat' dir='ltr'>et</span> <span class='ocrx_word' id='word_1_64' title='bbox 402 816 700 866; x_wconf 82' lang='lat' dir='ltr'>veritatem</span> <span class='ocrx_word' id='word_1_65' title='bbox 717 816 837 866; x_wconf 90' lang='lat' dir='ltr'>Dei.</span> <span class='ocrx_word' id='word_1_66' title='bbox 858 817 1106 879; x_wconf 88' lang='lat' dir='ltr'>Ipsaest,</span> <span class='ocrx_word' id='word_1_67' title='bbox 1125 815 1550 880; x_wconf 74' lang='lat' dir='ltr'>quiainjustum</span> <span class='ocrx_word' id='word_1_68' title='bbox 1568 816 1712 879; x_wconf 88' lang='lat' dir='ltr'>capi-</span> 
     </span>
    </p>
   </div>
   <div class='ocr_carea' id='block_1_10' title="bbox 64 885 1709 950">
    <p class='ocr_par' dir='ltr' id='par_1_10' title="bbox 64 885 1709 950">
     <span class='ocr_line' id='line_1_10' title="bbox 64 885 1709 950; baseline -0.002 -13"><span class='ocrx_word' id='word_1_69' title='bbox 64 900 233 937; x_wconf 86' lang='lat' dir='ltr'>mus</span> <span class='ocrx_word' id='word_1_70' title='bbox 261 888 588 950; x_wconf 85' lang='lat' dir='ltr'>etjustum,</span> <span class='ocrx_word' id='word_1_71' title='bbox 615 898 732 948; x_wconf 89' lang='lat' dir='ltr'>qua</span> <span class='ocrx_word' id='word_1_72' title='bbox 748 886 1126 937; x_wconf 87' lang='lat' dir='ltr'>discernimus</span> <span class='ocrx_word' id='word_1_73' title='bbox 1153 885 1579 937; x_wconf 89' lang='lat' dir='ltr'>verumafalso.</span> <span class='ocrx_word' id='word_1_74' title='bbox 1600 891 1709 947; x_wconf 77' lang='lat' dir='ltr'>Ipsa</span> 
     </span>
    </p>
   </div>
   <div class='ocr_carea' id='block_1_11' title="bbox 68 955 1709 1020">
    <p class='ocr_par' dir='ltr' id='par_1_11' title="bbox 68 955 1709 1020">
     <span class='ocr_line' id='line_1_11' title="bbox 68 955 1709 1020; baseline -0.001 -11"><span class='ocrx_word' id='word_1_75' title='bbox 68 963 353 1009; x_wconf 82' lang='lat' dir='ltr'>vocatur</span> <span class='ocrx_word' id='word_1_76' title='bbox 373 955 718 1016; x_wconf 87' lang='lat' dir='ltr'>intellectus,</span> <span class='ocrx_word' id='word_1_77' title='bbox 757 969 872 1020; x_wconf 91' lang='lat' dir='ltr'>quo</span> <span class='ocrx_word' id='word_1_78' title='bbox 901 962 1099 1008; x_wconf 83' lang='lat' dir='ltr'>carent</span> <span class='ocrx_word' id='word_1_79' title='bbox 1121 958 1341 1009; x_wconf 64' lang='lat' dir='ltr'>bestias.</span> <span class='ocrx_word' id='word_1_80' title='bbox 1377 958 1709 1009; x_wconf 72' lang='lat' dir='ltr'>Intellectus</span> 
     </span>
    </p>
   </div>
   <div class='ocr_carea' id='block_1_12' title="bbox 64 1027 1711 1093">
    <p class='ocr_par' dir='ltr' id='par_1_12' title="bbox 64 1027 1711 1093">
     <span class='ocr_line' id='line_1_12' title="bbox 64 1027 1711 1093; baseline -0.001 -12"><span class='ocrx_word' id='word_1_81' title='bbox 64 1042 238 1093; x_wconf 81' lang='lat' dir='ltr'>ergo</span> <span class='ocrx_word' id='word_1_82' title='bbox 278 1034 481 1079; x_wconf 89' lang='lat' dir='ltr'>noster</span> <span class='ocrx_word' id='word_1_83' title='bbox 516 1027 829 1090; x_wconf 82' lang='lat' dir='ltr'>alloquitur</span> <span class='ocrx_word' id='word_1_84' title='bbox 863 1028 1115 1079; x_wconf 74' lang='lat' dir='ltr'>animum</span> <span class='ocrx_word' id='word_1_85' title='bbox 1147 1032 1426 1091; x_wconf 88' lang='lat' dir='ltr'>nostram,</span> <span class='ocrx_word' id='word_1_86' title='bbox 1453 1028 1711 1092; x_wconf 80' lang='lat' dir='ltr'>superior</span> 
     </span>
    </p>
   </div>
   <div class='ocr_carea' id='block_1_13' title="bbox 66 1098 1711 1164">
    <p class='ocr_par' dir='ltr' id='par_1_13' title="bbox 66 1098 1711 1164">
     <span class='ocr_line' id='line_1_13' title="bbox 66 1098 1711 1164; baseline 0 -13"><span class='ocrx_word' id='word_1_87' title='bbox 66 1112 234 1164; x_wconf 86' lang='lat' dir='ltr'>pars</span> <span class='ocrx_word' id='word_1_88' title='bbox 264 1099 481 1150; x_wconf 67' lang='lat' dir='ltr'>anima:</span> <span class='ocrx_word' id='word_1_89' title='bbox 508 1098 850 1149; x_wconf 88' lang='lat' dir='ltr'>inferiorem.</span> <span class='ocrx_word' id='word_1_90' title='bbox 874 1100 994 1150; x_wconf 81' lang='lat' dir='ltr'>ista</span> <span class='ocrx_word' id='word_1_91' title='bbox 1014 1099 1074 1149; x_wconf 89' lang='lat' dir='ltr'>in</span> <span class='ocrx_word' id='word_1_92' title='bbox 1091 1098 1558 1149; x_wconf 88' lang='lat' dir='ltr'>tribulationibus</span> <span class='ocrx_word' id='word_1_93' title='bbox 1569 1111 1711 1151; x_wconf 90' lang='lat' dir='ltr'>mar-</span> 
     </span>
    </p>
   </div>
   <div class='ocr_carea' id='block_1_14' title="bbox 66 1169 1710 1234">
    <p class='ocr_par' dir='ltr' id='par_1_14' title="bbox 66 1169 1710 1234">
     <span class='ocr_line' id='line_1_14' title="bbox 66 1169 1710 1234; baseline -0.001 -12"><span class='ocrx_word' id='word_1_94' title='bbox 66 1171 230 1223; x_wconf 89' lang='lat' dir='ltr'>cida</span> <span class='ocrx_word' id='word_1_95' title='bbox 254 1176 366 1230; x_wconf 85' lang='lat' dir='ltr'>est,</span> <span class='ocrx_word' id='word_1_96' title='bbox 390 1170 543 1221; x_wconf 84' lang='lat' dir='ltr'>fessa</span> <span class='ocrx_word' id='word_1_97' title='bbox 564 1169 624 1220; x_wconf 93' lang='lat' dir='ltr'>in</span> <span class='ocrx_word' id='word_1_98' title='bbox 652 1169 1043 1234; x_wconf 83' lang='lat' dir='ltr'>languoribus,</span> <span class='ocrx_word' id='word_1_99' title='bbox 1056 1170 1114 1221; x_wconf 91' lang='lat' dir='ltr'>in</span> <span class='ocrx_word' id='word_1_100' title='bbox 1140 1170 1550 1222; x_wconf 81' lang='lat' dir='ltr'>tentationibus</span> <span class='ocrx_word' id='word_1_101' title='bbox 1572 1183 1710 1223; x_wconf 91' lang='lat' dir='ltr'>con-</span> 
     </span>
    </p>
   </div>
   <div class='ocr_carea' id='block_1_15' title="bbox 66 1241 1709 1307">
    <p class='ocr_par' dir='ltr' id='par_1_15' title="bbox 66 1241 1709 1307">
     <span class='ocr_line' id='line_1_15' title="bbox 66 1241 1709 1307; baseline -0.001 -13"><span class='ocrx_word' id='word_1_102' title='bbox 66 1247 307 1306; x_wconf 83' lang='lat' dir='ltr'>tracta,</span> <span class='ocrx_word' id='word_1_103' title='bbox 330 1254 488 1307; x_wconf 63' lang='lat' dir='ltr'>aegra</span> <span class='ocrx_word' id='word_1_104' title='bbox 508 1242 568 1291; x_wconf 89' lang='lat' dir='ltr'>in</span> <span class='ocrx_word' id='word_1_105' title='bbox 584 1241 895 1293; x_wconf 79' lang='lat' dir='ltr'>laboribus.</span> <span class='ocrx_word' id='word_1_106' title='bbox 920 1241 1098 1305; x_wconf 85' lang='lat' dir='ltr'>Erigit</span> <span class='ocrx_word' id='word_1_107' title='bbox 1112 1254 1240 1293; x_wconf 90' lang='lat' dir='ltr'>eam</span> <span class='ocrx_word' id='word_1_108' title='bbox 1262 1254 1429 1294; x_wconf 89' lang='lat' dir='ltr'>mens</span> <span class='ocrx_word' id='word_1_109' title='bbox 1444 1241 1709 1307; x_wconf 84' lang='lat' dir='ltr'>desuper,</span> 
     </span>
    </p>
   </div>
   <div class='ocr_carea' id='block_1_16' title="bbox 67 1311 1705 1379">
    <p class='ocr_par' dir='ltr' id='par_1_16' title="bbox 67 1311 1705 1379">
     <span class='ocr_line' id='line_1_16' title="bbox 67 1311 1705 1379; baseline 0.001 -13"><span class='ocrx_word' id='word_1_110' title='bbox 67 1314 341 1379; x_wconf 83' lang='lat' dir='ltr'>capiens</span> <span class='ocrx_word' id='word_1_111' title='bbox 367 1313 685 1366; x_wconf 86' lang='lat' dir='ltr'>veritatem.</span> <span class='ocrx_word' id='word_1_112' title='bbox 713 1311 889 1363; x_wconf 81' lang='lat' dir='ltr'>Audit</span> <span class='ocrx_word' id='word_1_113' title='bbox 910 1311 1066 1363; x_wconf 88' lang='lat' dir='ltr'>illam</span> <span class='ocrx_word' id='word_1_114' title='bbox 1092 1325 1293 1364; x_wconf 90' lang='lat' dir='ltr'>vocem</span> <span class='ocrx_word' id='word_1_115' title='bbox 1316 1312 1415 1365; x_wconf 89' lang='lat' dir='ltr'>Dei</span> <span class='ocrx_word' id='word_1_116' title='bbox 1428 1313 1705 1369; x_wconf 88' lang='lat' dir='ltr'>internam</span> 
     </span>
    </p>
   </div>
   <div class='ocr_carea' id='block_1_17' title="bbox 70 1383 1711 1437">
    <p class='ocr_par' dir='ltr' id='par_1_17' title="bbox 70 1383 1711 1437">
     <span class='ocr_line' id='line_1_17' title="bbox 70 1383 1711 1437; baseline -0.002 -1"><span class='ocrx_word' id='word_1_117' title='bbox 70 1386 285 1437; x_wconf 79' lang='lat' dir='ltr'>Audit</span> <span class='ocrx_word' id='word_1_118' title='bbox 308 1384 645 1436; x_wconf 84' lang='lat' dir='ltr'>rationabile</span> <span class='ocrx_word' id='word_1_119' title='bbox 670 1395 903 1434; x_wconf 88' lang='lat' dir='ltr'>carmen</span> <span class='ocrx_word' id='word_1_120' title='bbox 914 1383 1277 1435; x_wconf 86' lang='lat' dir='ltr'>intrinsecus.</span> <span class='ocrx_word' id='word_1_121' title='bbox 1296 1387 1381 1435; x_wconf 91' lang='lat' dir='ltr'>Ita</span> <span class='ocrx_word' id='word_1_122' title='bbox 1404 1384 1557 1435; x_wconf 91' lang='lat' dir='ltr'>enim</span> <span class='ocrx_word' id='word_1_123' title='bbox 1569 1388 1711 1434; x_wconf 87' lang='lat' dir='ltr'>desu-</span> 
     </span>
    </p>
   </div>
   <div class='ocr_carea' id='block_1_18' title="bbox 71 1453 1711 1519">
    <p class='ocr_par' dir='ltr' id='par_1_18' title="bbox 71 1453 1711 1519">
     <span class='ocr_line' id='line_1_18' title="bbox 71 1453 1711 1519; baseline -0.001 -14"><span class='ocrx_word' id='word_1_124' title='bbox 71 1470 195 1519; x_wconf 83' lang='lat' dir='ltr'>per</span> <span class='ocrx_word' id='word_1_125' title='bbox 209 1457 277 1506; x_wconf 87' lang='lat' dir='ltr'>in</span> <span class='ocrx_word' id='word_1_126' title='bbox 296 1455 524 1507; x_wconf 90' lang='lat' dir='ltr'>silentio</span> <span class='ocrx_word' id='word_1_127' title='bbox 550 1459 718 1505; x_wconf 88' lang='lat' dir='ltr'>sonat</span> <span class='ocrx_word' id='word_1_128' title='bbox 741 1453 1038 1518; x_wconf 89' lang='lat' dir='ltr'>quiddam,</span> <span class='ocrx_word' id='word_1_129' title='bbox 1056 1467 1174 1505; x_wconf 87' lang='lat' dir='ltr'>non</span> <span class='ocrx_word' id='word_1_130' title='bbox 1185 1455 1439 1517; x_wconf 88' lang='lat' dir='ltr'>auribus,</span> <span class='ocrx_word' id='word_1_131' title='bbox 1455 1455 1556 1506; x_wconf 89' lang='lat' dir='ltr'>sed</span> <span class='ocrx_word' id='word_1_132' title='bbox 1568 1471 1711 1504; x_wconf 90' lang='lat' dir='ltr'>men-</span> 
     </span>
    </p>
   </div>
   <div class='ocr_carea' id='block_1_19' title="bbox 74 1524 1711 1589">
    <p class='ocr_par' dir='ltr' id='par_1_19' title="bbox 74 1524 1711 1589">
     <span class='ocr_line' id='line_1_19' title="bbox 74 1524 1711 1589; baseline -0.001 -12"><span class='ocrx_word' id='word_1_133' title='bbox 74 1528 127 1577; x_wconf 86' lang='lat' dir='ltr'>ti</span> <span class='ocrx_word' id='word_1_134' title='bbox 137 1528 291 1578; x_wconf 88' lang='lat' dir='ltr'>bus:</span> <span class='ocrx_word' id='word_1_135' title='bbox 316 1532 382 1577; x_wconf 93' lang='lat' dir='ltr'>ut</span> <span class='ocrx_word' id='word_1_136' title='bbox 397 1524 881 1589; x_wconf 91' lang='lat' dir='ltr'>quicunqueillud</span> <span class='ocrx_word' id='word_1_137' title='bbox 897 1525 1054 1575; x_wconf 87' lang='lat' dir='ltr'>audit</span> <span class='ocrx_word' id='word_1_138' title='bbox 1070 1527 1271 1587; x_wconf 88' lang='lat' dir='ltr'>melos,</span> <span class='ocrx_word' id='word_1_139' title='bbox 1283 1525 1454 1577; x_wconf 67' lang='lat' dir='ltr'>tmdio</span> <span class='ocrx_word' id='word_1_140' title='bbox 1465 1528 1711 1575; x_wconf 77' lang='lat' dir='ltr'>efﬁciatur</span> 
     </span>
    </p>
   </div>
   <div class='ocr_carea' id='block_1_20' title="bbox 74 1595 1710 1661">
    <p class='ocr_par' dir='ltr' id='par_1_20' title="bbox 74 1595 1710 1661">
     <span class='ocr_line' id='line_1_20' title="bbox 74 1595 1710 1661; baseline -0.003 -12"><span class='ocrx_word' id='word_1_141' title='bbox 74 1612 167 1649; x_wconf 79' lang='lat' dir='ltr'>ex</span> <span class='ocrx_word' id='word_1_142' title='bbox 196 1598 451 1661; x_wconf 89' lang='lat' dir='ltr'>strepitu</span> <span class='ocrx_word' id='word_1_143' title='bbox 474 1595 751 1659; x_wconf 87' lang='lat' dir='ltr'>corporali</span> <span class='ocrx_word' id='word_1_144' title='bbox 775 1600 833 1646; x_wconf 91' lang='lat' dir='ltr'>et</span> <span class='ocrx_word' id='word_1_145' title='bbox 857 1600 976 1647; x_wconf 88' lang='lat' dir='ltr'>tota</span> <span class='ocrx_word' id='word_1_146' title='bbox 992 1595 1507 1648; x_wconf 87' lang='lat' dir='ltr'>vltaistahumana</span> <span class='ocrx_word' id='word_1_147' title='bbox 1528 1600 1710 1645; x_wconf 84' lang='lat' dir='ltr'>tumul-</span> 
     </span>
    </p>
   </div>
   <div class='ocr_carea' id='block_1_21' title="bbox 74 1666 1709 1731">
    <p class='ocr_par' dir='ltr' id='par_1_21' title="bbox 74 1666 1709 1731">
     <span class='ocr_line' id='line_1_21' title="bbox 74 1666 1709 1731; baseline -0.002 -10"><span class='ocrx_word' id='word_1_148' title='bbox 74 1672 191 1721; x_wconf 85' lang='lat' dir='ltr'>tus</span> <span class='ocrx_word' id='word_1_149' title='bbox 218 1670 276 1720; x_wconf 89' lang='lat' dir='ltr'>ei</span> <span class='ocrx_word' id='word_1_150' title='bbox 297 1668 532 1731; x_wconf 90' lang='lat' dir='ltr'>quidam</span> <span class='ocrx_word' id='word_1_151' title='bbox 558 1667 651 1730; x_wconf 90' lang='lat' dir='ltr'>sit,</span> <span class='ocrx_word' id='word_1_152' title='bbox 669 1666 988 1729; x_wconf 91' lang='lat' dir='ltr'>impediens</span> <span class='ocrx_word' id='word_1_153' title='bbox 1011 1667 1276 1719; x_wconf 88' lang='lat' dir='ltr'>auditum</span> <span class='ocrx_word' id='word_1_154' title='bbox 1292 1668 1709 1731; x_wconf 89' lang='lat' dir='ltr'>internicujus-</span> 
     </span>
    </p>
   </div>
   <div class='ocr_carea' id='block_1_22' title="bbox 79 1737 1704 1792">
    <p class='ocr_par' dir='ltr' id='par_1_22' title="bbox 79 1737 1704 1792">
     <span class='ocr_line' id='line_1_22' title="bbox 79 1737 1704 1792; baseline -0.001 -1"><span class='ocrx_word' id='word_1_155' title='bbox 79 1743 240 1792; x_wconf 80' lang='lat' dir='ltr'>dam</span> <span class='ocrx_word' id='word_1_156' title='bbox 268 1740 397 1790; x_wconf 89' lang='lat' dir='ltr'>soni</span> <span class='ocrx_word' id='word_1_157' title='bbox 418 1739 662 1790; x_wconf 90' lang='lat' dir='ltr'>nimium</span> <span class='ocrx_word' id='word_1_158' title='bbox 698 1737 1050 1789; x_wconf 90' lang='lat' dir='ltr'>delectabilis</span> <span class='ocrx_word' id='word_1_159' title='bbox 1066 1742 1123 1789; x_wconf 91' lang='lat' dir='ltr'>et</span> <span class='ocrx_word' id='word_1_160' title='bbox 1139 1738 1461 1790; x_wconf 70' lang='lat' dir='ltr'>inell‘abilis.</span> <span class='ocrx_word' id='word_1_161' title='bbox 1494 1741 1704 1790; x_wconf 88' lang='lat' dir='ltr'>Etcum</span> 
     </span>
    </p>
   </div>
   <div class='ocr_carea' id='block_1_23' title="bbox 1807 604 3399 684">
    <p class='ocr_par' dir='ltr' id='par_1_23' title="bbox 1807 604 3399 684">
     <span class='ocr_line' id='line_1_23' title="bbox 1807 604 3399 684; baseline 0.008 -15"><span class='ocrx_word' id='word_1_162' title='bbox 1807 616 2075 684; x_wconf 57' lang='grc' dir='ltr'>ζεκεῖθυωι</span> <span class='ocrx_word' id='word_1_163' title='bbox 2118 610 2164 684; x_wconf 67' lang='grc' dir='ltr'>(ξι</span> <span class='ocrx_word' id='word_1_164' title='bbox 2208 604 2468 684; x_wconf 43' lang='lat' dir='ltr'>multis“</span> <span class='ocrx_word' id='word_1_165' title='bbox 2512 626 2611 684; x_wconf 70' lang='lat' dir='ltr'>eos,</span> <span class='ocrx_word' id='word_1_166' title='bbox 2660 604 2871 668; x_wconf 75' lang='lat' dir='ltr'>scilicet</span> <span class='ocrx_word' id='word_1_167' title='bbox 2911 624 3099 684; x_wconf 81' lang='lat' dir='ltr'>patres</span> <span class='ocrx_word' id='word_1_168' title='bbox 3148 604 3399 682; x_wconf 66' lang='lat' dir='ltr'>nostros.</span> 
     </span>
    </p>
   </div>
   <div class='ocr_carea' id='block_1_24' title="bbox 1808 676 3402 757">
    <p class='ocr_par' dir='ltr' id='par_1_24' title="bbox 1808 676 3402 757">
     <span class='ocr_line' id='line_1_24' title="bbox 1808 676 3402 757; baseline 0.019 -34"><span class='ocrx_word' id='word_1_169' title='bbox 1808 676 2035 757; x_wconf 70' lang='lat' dir='ltr'>Dictum</span> <span class='ocrx_word' id='word_1_170' title='bbox 2063 679 2153 726; x_wconf 89' lang='lat' dir='ltr'>est</span> <span class='ocrx_word' id='word_1_171' title='bbox 2184 688 2219 757; x_wconf 84' lang='lat' dir='ltr'>a</span> <span class='ocrx_word' id='word_1_172' title='bbox 2257 678 2435 757; x_wconf 75' lang='lat' dir='ltr'>simili</span> <span class='ocrx_word' id='word_1_173' title='bbox 2465 683 2686 757; x_wconf 75' lang='lat' dir='ltr'>arboris</span> <span class='ocrx_word' id='word_1_174' title='bbox 2709 676 2998 754; x_wconf 74' lang='lat' dir='ltr'>plantatee,</span> <span class='ocrx_word' id='word_1_175' title='bbox 3036 707 3169 757; x_wconf 67' lang='lat' dir='ltr'>quas</span> <span class='ocrx_word' id='word_1_176' title='bbox 3195 676 3402 753; x_wconf 63' lang='lat' dir='ltr'>adhoc</span> 
     </span>
    </p>
   </div>
   <div class='ocr_carea' id='block_1_25' title="bbox 1808 744 3403 825">
    <p class='ocr_par' dir='ltr' id='par_1_25' title="bbox 1808 744 3403 825">
     <span class='ocr_line' id='line_1_25' title="bbox 1808 744 3403 825; baseline 0.02 -33"><span class='ocrx_word' id='word_1_177' title='bbox 1808 744 2116 825; x_wconf 73' lang='lat' dir='ltr'>plantatur,</span> <span class='ocrx_word' id='word_1_178' title='bbox 2145 750 2211 796; x_wconf 88' lang='lat' dir='ltr'>ut</span> <span class='ocrx_word' id='word_1_179' title='bbox 2233 748 2517 802; x_wconf 85' lang='lat' dir='ltr'>radicetur</span> <span class='ocrx_word' id='word_1_180' title='bbox 2539 758 2595 804; x_wconf 94' lang='lat' dir='ltr'>et</span> <span class='ocrx_word' id='word_1_181' title='bbox 2617 744 2932 812; x_wconf 76' lang='lat' dir='ltr'>fructificet.</span> <span class='ocrx_word' id='word_1_182' title='bbox 2951 744 3072 816; x_wconf 69' lang='lat' dir='ltr'>Hoc</span> <span class='ocrx_word' id='word_1_183' title='bbox 3088 744 3269 820; x_wconf 71' lang='lat' dir='ltr'>modo</span> <span class='ocrx_word' id='word_1_184' title='bbox 3283 744 3403 823; x_wconf 64' lang='lat' dir='ltr'>(iis:</span> 
     </span>
    </p>
   </div>
   <div class='ocr_carea' id='block_1_26' title="bbox 1808 815 3403 906">
    <p class='ocr_par' dir='ltr' id='par_1_26' title="bbox 1808 815 3403 906">
     <span class='ocr_line' id='line_1_26' title="bbox 1808 815 3403 906; baseline 0 0"><span class='ocrx_word' id='word_1_185' title='bbox 1808 815 2177 906; x_wconf 48' lang='grc' dir='ltr'>ἒίῗῗξὲἓξίὲεὲε</span> <span class='ocrx_word' id='word_1_186' title='bbox 2202 830 2413 906; x_wconf 37' lang='lat' dir='ltr'>illi?”</span> <span class='ocrx_word' id='word_1_187' title='bbox 2439 826 2563 906; x_wconf 64' lang='grc' dir='ltr'>ιυδξν.</span> <span class='ocrx_word' id='word_1_188' title='bbox 2580 826 2716 906; x_wconf 63' lang='grc' dir='ltr'>(Ψίθ</span> <span class='ocrx_word' id='word_1_189' title='bbox 2732 828 2889 906; x_wconf 56' lang='lat' dir='ltr'>Prius</span> <span class='ocrx_word' id='word_1_190' title='bbox 2913 815 3403 906; x_wconf 61' lang='grc' dir='ltr'>αηιίηυίέἱίέὁεᾞὲτ</span> 
     </span>
    </p>
   </div>
   <div class='ocr_carea' id='block_1_27' title="bbox 1808 886 3401 969">
    <p class='ocr_par' dir='ltr' id='par_1_27' title="bbox 1808 886 3401 969">
     <span class='ocr_line' id='line_1_27' title="bbox 1808 886 3401 969; baseline 0.02 -35"><span class='ocrx_word' id='word_1_191' title='bbox 1808 886 1992 969; x_wconf 65' lang='lat' dir='ltr'>multa</span> <span class='ocrx_word' id='word_1_192' title='bbox 2014 886 2176 948; x_wconf 86' lang='lat' dir='ltr'>bella,</span> <span class='ocrx_word' id='word_1_193' title='bbox 2204 890 2356 969; x_wconf 70' lang='lat' dir='ltr'>elsic</span> <span class='ocrx_word' id='word_1_194' title='bbox 2377 886 2632 969; x_wconf 58' lang='lat' dir='ltr'>appulisti</span> <span class='ocrx_word' id='word_1_195' title='bbox 2648 886 2835 962; x_wconf 65' lang='lat' dir='ltr'>eos,de</span> <span class='ocrx_word' id='word_1_196' title='bbox 2859 886 3004 955; x_wconf 75' lang='lat' dir='ltr'>terra</span> <span class='ocrx_word' id='word_1_197' title='bbox 3026 917 3150 969; x_wconf 85' lang='lat' dir='ltr'>sua,</span> <span class='ocrx_word' id='word_1_198' title='bbox 3175 886 3401 966; x_wconf 54' lang='lat' dir='ltr'>istos</span> 
     </span>
    </p>
   </div>
   <div class='ocr_carea' id='block_1_28' title="bbox 1806 957 3403 1038">
    <p class='ocr_par' dir='ltr' id='par_1_28' title="bbox 1806 957 3403 1038">
     <span class='ocr_line' id='line_1_28' title="bbox 1806 957 3403 1038; baseline 0.016 -29"><span class='ocrx_word' id='word_1_199' title='bbox 1806 957 2203 1038; x_wconf 68' lang='lat' dir='ltr'>introduceres</span> <span class='ocrx_word' id='word_1_200' title='bbox 2219 960 2596 1038; x_wconf 78' lang='lat' dir='ltr'>et_plantares,</span> <span class='ocrx_word' id='word_1_201' title='bbox 2615 957 2927 1034; x_wconf 86' lang='lat' dir='ltr'>eorumque</span> <span class='ocrx_word' id='word_1_202' title='bbox 2940 957 3303 1038; x_wconf 64' lang='lat' dir='ltr'>regnumtua</span> <span class='ocrx_word' id='word_1_203' title='bbox 3313 957 3403 1034; x_wconf 57' lang='lat' dir='ltr'>ini:</span> 
     </span>
    </p>
   </div>
   <div class='ocr_carea' id='block_1_29' title="bbox 1809 1029 3403 1119">
    <p class='ocr_par' dir='ltr' id='par_1_29' title="bbox 1809 1029 3403 1119">
     <span class='ocr_line' id='line_1_29' title="bbox 1809 1029 3403 1119; baseline 0.017 -39"><span class='ocrx_word' id='word_1_204' title='bbox 1809 1029 2115 1119; x_wconf 77' lang='lat' dir='ltr'>sericordia</span> <span class='ocrx_word' id='word_1_205' title='bbox 2150 1032 2539 1119; x_wconf 69' lang='lat' dir='ltr'>confirmares.</span> <span class='ocrx_word' id='word_1_206' title='bbox 2575 1029 2686 1090; x_wconf 92' lang='lat' dir='ltr'>Sed</span> <span class='ocrx_word' id='word_1_207' title='bbox 2710 1029 2868 1119; x_wconf 64' lang='lat' dir='ltr'>forte</span> <span class='ocrx_word' id='word_1_208' title='bbox 2889 1043 2970 1095; x_wconf 88' lang='lat' dir='ltr'>illi</span> <span class='ocrx_word' id='word_1_209' title='bbox 2993 1029 3136 1100; x_wconf 69' lang='lat' dir='ltr'>adeo</span> <span class='ocrx_word' id='word_1_210' title='bbox 3160 1029 3403 1119; x_wconf 44' lang='lat' dir='ltr'>sip—ci.</span> 
     </span>
    </p>
   </div>
   <div class='ocr_carea' id='block_1_30' title="bbox 1810 1102 3404 1185">
    <p class='ocr_par' dir='ltr' id='par_1_30' title="bbox 1810 1102 3404 1185">
     <span class='ocr_line' id='line_1_30' title="bbox 1810 1102 3404 1185; baseline 0.018 -36"><span class='ocrx_word' id='word_1_211' title='bbox 1810 1104 2062 1185; x_wconf 42' lang='lat' dir='ltr'>tus-runt,</span> <span class='ocrx_word' id='word_1_212' title='bbox 2083 1102 2216 1182; x_wconf 83' lang='lat' dir='ltr'>quia</span> <span class='ocrx_word' id='word_1_213' title='bbox 2230 1102 2405 1185; x_wconf 69' lang='lat' dir='ltr'>fortes</span> <span class='ocrx_word' id='word_1_214' title='bbox 2421 1113 2603 1185; x_wconf 70' lang='lat' dir='ltr'>erant,</span> <span class='ocrx_word' id='word_1_215' title='bbox 2623 1111 2758 1185; x_wconf 84' lang='lat' dir='ltr'>quia</span> <span class='ocrx_word' id='word_1_216' title='bbox 2778 1113 3152 1182; x_wconf 70' lang='lat' dir='ltr'>prmliartoes,</span> <span class='ocrx_word' id='word_1_217' title='bbox 3174 1102 3404 1185; x_wconf 42' lang='lat' dir='ltr'>quietiu-</span> 
     </span>
    </p>
   </div>
   <div class='ocr_carea' id='block_1_31' title="bbox 1809 1175 3405 1254">
    <p class='ocr_par' dir='ltr' id='par_1_31' title="bbox 1809 1175 3405 1254">
     <span class='ocr_line' id='line_1_31' title="bbox 1809 1175 3405 1254; baseline 0.018 -34"><span class='ocrx_word' id='word_1_218' title='bbox 1809 1175 1965 1254; x_wconf 60' lang='lat' dir='ltr'>victi,</span> <span class='ocrx_word' id='word_1_219' title='bbox 2004 1175 2137 1254; x_wconf 82' lang='lat' dir='ltr'>quia</span> <span class='ocrx_word' id='word_1_220' title='bbox 2154 1175 2481 1254; x_wconf 50' lang='lat' dir='ltr'>esercitati.</span> <span class='ocrx_word' id='word_1_221' title='bbox 2495 1181 2644 1254; x_wconf 84' lang='lat' dir='ltr'>_Non</span> <span class='ocrx_word' id='word_1_222' title='bbox 2674 1175 2795 1234; x_wconf 86' lang='lat' dir='ltr'>hoc</span> <span class='ocrx_word' id='word_1_223' title='bbox 2812 1186 2980 1236; x_wconf 90' lang='lat' dir='ltr'>nobis</span> <span class='ocrx_word' id='word_1_224' title='bbox 3002 1175 3405 1249; x_wconf 66' lang='lat' dir='ltr'>indicaverunt</span> 
     </span>
    </p>
   </div>
   <div class='ocr_carea' id='block_1_32' title="bbox 1810 1244 3406 1327">
    <p class='ocr_par' dir='ltr' id='par_1_32' title="bbox 1810 1244 3406 1327">
     <span class='ocr_line' id='line_1_32' title="bbox 1810 1244 3406 1327; baseline 0.018 -36"><span class='ocrx_word' id='word_1_225' title='bbox 1810 1244 2007 1327; x_wconf 75' lang='lat' dir='ltr'>Patres</span> <span class='ocrx_word' id='word_1_226' title='bbox 2019 1244 2186 1325; x_wconf 82' lang='lat' dir='ltr'>notri.</span> <span class='ocrx_word' id='word_1_227' title='bbox 2203 1246 2339 1327; x_wconf 46' lang='lat' dir='ltr'>‘Non</span> <span class='ocrx_word' id='word_1_228' title='bbox 2361 1246 2471 1327; x_wconf 86' lang='lat' dir='ltr'>hoc</span> <span class='ocrx_word' id='word_1_229' title='bbox 2493 1249 2668 1327; x_wconf 75' lang='lat' dir='ltr'>habet</span> <span class='ocrx_word' id='word_1_230' title='bbox 2697 1255 3003 1327; x_wconf 80' lang='lat' dir='ltr'>Scriptura.</span> <span class='ocrx_word' id='word_1_231' title='bbox 3022 1260 3133 1313; x_wconf 90' lang='lat' dir='ltr'>Sed</span> <span class='ocrx_word' id='word_1_232' title='bbox 3153 1244 3288 1327; x_wconf 78' lang='lat' dir='ltr'>quid</span> <span class='ocrx_word' id='word_1_233' title='bbox 3306 1244 3406 1319; x_wconf 58' lang='lat' dir='ltr'>ha:</span> 
     </span>
    </p>
   </div>
   <div class='ocr_carea' id='block_1_33' title="bbox 1809 1315 3404 1401">
    <p class='ocr_par' dir='ltr' id='par_1_33' title="bbox 1809 1315 3404 1401">
     <span class='ocr_line' id='line_1_33' title="bbox 1809 1315 3404 1401; baseline 0.023 -49"><span class='ocrx_word' id='word_1_234' title='bbox 1940 1315 2223 1401; x_wconf 74' lang='lat' dir='ltr'>quod</span> <span class='ocrx_word' id='word_1_235' title='bbox 2236 1321 2532 1401; x_wconf 73' lang='lat' dir='ltr'>sequitur?</span> <span class='ocrx_word' id='word_1_236' title='bbox 2544 1321 2673 1401; x_wconf 62' lang='lat' dir='ltr'>Non</span> <span class='ocrx_word' id='word_1_237' title='bbox 2690 1315 2838 1374; x_wconf 60' lang='lat' dir='ltr'>enini</span> <span class='ocrx_word' id='word_1_238' title='bbox 2851 1328 2911 1376; x_wconf 73' lang='lat' dir='ltr'>in</span> <span class='ocrx_word' id='word_1_239' title='bbox 2932 1329 3116 1393; x_wconf 78' lang='lat' dir='ltr'>gladio</span> <span class='ocrx_word' id='word_1_240' title='bbox 3134 1315 3404 1401; x_wconf 48' lang='lat' dir='ltr'>id};</span> 
     </span>
    </p>
   </div>
   <div class='ocr_carea' id='block_1_34' title="bbox 1807 1391 3382 1469">
    <p class='ocr_par' dir='ltr' id='par_1_34' title="bbox 1807 1391 3382 1469">
     <span class='ocr_line' id='line_1_34' title="bbox 1807 1391 3382 1469; baseline 0.014 -32"><span class='ocrx_word' id='word_1_241' title='bbox 1807 1391 2101 1469; x_wconf 71' lang='lat' dir='ltr'>armatura</span> <span class='ocrx_word' id='word_1_242' title='bbox 2124 1391 2596 1469; x_wconf 70' lang='lat' dir='ltr'>sua,posscderun_l</span> <span class='ocrx_word' id='word_1_243' title='bbox 2618 1399 2839 1459; x_wconf 80' lang='lat' dir='ltr'>terram,</span> <span class='ocrx_word' id='word_1_244' title='bbox 2852 1405 2899 1448; x_wconf 81' lang='lat' dir='ltr'>et</span> <span class='ocrx_word' id='word_1_245' title='bbox 2920 1391 3382 1469; x_wconf 74' lang='lat' dir='ltr'>6rachium,idest</span> 
     </span>
    </p>
   </div>
   <div class='ocr_carea' id='block_1_35' title="bbox 1808 1449 3402 1532">
    <p class='ocr_par' dir='ltr' id='par_1_35' title="bbox 1808 1449 3402 1532">
     <span class='ocr_line' id='line_1_35' title="bbox 1808 1449 3402 1532; baseline 0.011 -24"><span class='ocrx_word' id='word_1_246' title='bbox 1808 1459 1999 1532; x_wconf 54' lang='lat' dir='ltr'>robur,</span> <span class='ocrx_word' id='word_1_247' title='bbox 2025 1473 2210 1532; x_wconf 79' lang='lat' dir='ltr'>eorum</span> <span class='ocrx_word' id='word_1_248' title='bbox 2234 1449 2346 1508; x_wconf 53' lang='lat' dir='ltr'>rion</span> <span class='ocrx_word' id='word_1_249' title='bbox 2368 1462 2595 1513; x_wconf 72' lang='lat' dir='ltr'>salvavit</span> <span class='ocrx_word' id='word_1_250' title='bbox 2614 1480 2715 1527; x_wconf 83' lang='lat' dir='ltr'>eos,</span> 
     </span>
    </p>
   </div>
   <div class='ocr_carea' id='block_1_36' title="bbox 1813 1521 3402 1614">
    <p class='ocr_par' dir='ltr' id='par_1_36' title="bbox 1813 1521 3402 1614">
     <span class='ocr_line' id='line_1_36' title="bbox 1813 1521 3402 1614; baseline 0.016 -37"><span class='ocrx_word' id='word_1_251' title='bbox 1813 1527 1898 1614; x_wconf 61' lang='lat'>2|</span> <span class='ocrx_word' id='word_1_252' title='bbox 1920 1521 2240 1614; x_wconf 14' lang='lat' dir='ltr'>|“7sei‘psos_</span> <span class='ocrx_word' id='word_1_253' title='bbox 2258 1544 2373 1582; x_wconf 88' lang='lat' dir='ltr'>non</span> <span class='ocrx_word' id='word_1_254' title='bbox 2398 1521 2712 1614; x_wconf 78' lang='lat' dir='ltr'>potuerunt</span> <span class='ocrx_word' id='word_1_255' title='bbox 2736 1521 3204 1614; x_wconf 15' lang='lat' dir='ltr'>salvareiabvillis</span> <span class='ocrx_word' id='word_1_256' title='bbox 3225 1521 3402 1614; x_wconf 57' lang='lat' dir='ltr'>genti:</span> 
     </span>
    </p>
   </div>
   <div class='ocr_carea' id='block_1_37' title="bbox 1808 1600 3400 1674">
    <p class='ocr_par' dir='ltr' id='par_1_37' title="bbox 1808 1600 3400 1674">
     <span class='ocr_line' id='line_1_37' title="bbox 1808 1600 3400 1674; baseline 0.015 -24"><span class='ocrx_word' id='word_1_257' title='bbox 1808 1601 1919 1674; x_wconf 77' lang='lat' dir='ltr'>bus</span> <span class='ocrx_word' id='word_1_258' title='bbox 1946 1614 1959 1649; x_wconf 89' lang='lat'><strong><em>:</em></strong></span> <span class='ocrx_word' id='word_1_259' title='bbox 1985 1600 2359 1674; x_wconf 82' lang='lat' dir='ltr'>multominus</span> <span class='ocrx_word' id='word_1_260' title='bbox 2383 1610 2611 1656; x_wconf 86' lang='lat' dir='ltr'>constat</span> <span class='ocrx_word' id='word_1_261' title='bbox 2633 1609 2698 1658; x_wconf 88' lang='lat' dir='ltr'>ut</span> <span class='ocrx_word' id='word_1_262' title='bbox 2725 1612 3174 1674; x_wconf 87' lang='lat' dir='ltr'>propriavirtute</span> <span class='ocrx_word' id='word_1_263' title='bbox 3191 1600 3400 1673; x_wconf 59' lang='lat' dir='ltr'>terram</span> 
     </span>
    </p>
   </div>
   <div class='ocr_carea' id='block_1_38' title="bbox 1806 1670 3399 1756">
    <p class='ocr_par' dir='ltr' id='par_1_38' title="bbox 1806 1670 3399 1756">
     <span class='ocr_line' id='line_1_38' title="bbox 1806 1670 3399 1756; baseline 0.013 -34"><span class='ocrx_word' id='word_1_264' title='bbox 1806 1670 2034 1756; x_wconf 78' lang='lat' dir='ltr'>illorum</span> <span class='ocrx_word' id='word_1_265' title='bbox 2072 1670 2751 1756; x_wconf 12' lang='lat' dir='ltr'>potuissentﬁpos.sid_ereﬁ.</span> <span class='ocrx_word' id='word_1_266' title='bbox 2783 1670 3106 1756; x_wconf 74' lang='lat' dir='ltr'>Brachium,</span> <span class='ocrx_word' id='word_1_267' title='bbox 3140 1670 3399 1756; x_wconf 53' lang='lat' dir='ltr'>inquam,</span> 
     </span>
    </p>
   </div>
   <div class='ocr_carea' id='block_1_39' title="bbox 1806 1742 3403 1827">
    <p class='ocr_par' dir='ltr' id='par_1_39' title="bbox 1806 1742 3403 1827">
     <span class='ocr_line' id='line_1_39' title="bbox 1806 1742 3403 1827; baseline 0.016 -38"><span class='ocrx_word' id='word_1_268' title='bbox 1806 1754 1923 1827; x_wconf 67' lang='lat' dir='ltr'>non</span> <span class='ocrx_word' id='word_1_269' title='bbox 1953 1742 2206 1827; x_wconf 68' lang='lat' dir='ltr'>salvavit</span> <span class='ocrx_word' id='word_1_270' title='bbox 2238 1756 2367 1827; x_wconf 66' lang='lat' dir='ltr'>eos;</span> <span class='ocrx_word' id='word_1_271' title='bbox 2390 1744 2493 1794; x_wconf 73' lang='lat' dir='ltr'>Sed</span> <span class='ocrx_word' id='word_1_272' title='bbox 2514 1746 2732 1827; x_wconf 64' lang='lat' dir='ltr'>dextera</span> <span class='ocrx_word' id='word_1_273' title='bbox 2755 1756 2866 1827; x_wconf 73' lang='lat' dir='ltr'>tua,</span> <span class='ocrx_word' id='word_1_274' title='bbox 2889 1753 2945 1803; x_wconf 91' lang='lat' dir='ltr'>id</span> <span class='ocrx_word' id='word_1_275' title='bbox 2970 1762 3079 1821; x_wconf 78' lang='lat' dir='ltr'>est,</span> <span class='ocrx_word' id='word_1_276' title='bbox 3095 1742 3258 1812; x_wconf 69' lang='lat' dir='ltr'>favor</span> <span class='ocrx_word' id='word_1_277' title='bbox 3273 1742 3403 1827; x_wconf 47' lang='lat' dir='ltr'>grai</span> 
     </span>
    </p>
   </div>
   <div class='ocr_carea' id='block_1_40' title="bbox 78 1809 3398 1903">
    <p class='ocr_par' dir='ltr' id='par_1_40' title="bbox 78 1809 3398 1903">
     <span class='ocr_line' id='line_1_40' title="bbox 78 1809 3398 1903; baseline 0.006 -39"><span class='ocrx_word' id='word_1_278' title='bbox 78 1814 177 1903; x_wconf 64' lang='lat' dir='ltr'>ita</span> <span class='ocrx_word' id='word_1_279' title='bbox 194 1811 503 1903; x_wconf 58' lang='lat' dir='ltr'>contingit,</span> <span class='ocrx_word' id='word_1_280' title='bbox 530 1815 587 1861; x_wconf 91' lang='lat' dir='ltr'>et</span> <span class='ocrx_word' id='word_1_281' title='bbox 602 1822 676 1860; x_wconf 78' lang='lat' dir='ltr'>ex</span> <span class='ocrx_word' id='word_1_282' title='bbox 698 1809 890 1890; x_wconf 77' lang='lat' dir='ltr'>aliqua</span> <span class='ocrx_word' id='word_1_283' title='bbox 912 1810 1474 1903; x_wconf 47' lang='lat' dir='ltr'>perturbationenvim</span> <span class='ocrx_word' id='word_1_284' title='bbox 1492 1810 1708 1903; x_wconf 69' lang='lat' dir='ltr'>patitur</span> <span class='ocrx_word' id='word_1_285' title='bbox 1730 1830 1785 1903; x_wconf 83' lang='lat' dir='ltr'><strong>B</strong></span> <span class='ocrx_word' id='word_1_286' title='bbox 1810 1813 1905 1864; x_wconf 69' lang='lat' dir='ltr'>tim</span> <span class='ocrx_word' id='word_1_287' title='bbox 1920 1824 2077 1903; x_wconf 59' lang='lat' dir='ltr'>sum,</span> <span class='ocrx_word' id='word_1_288' title='bbox 2104 1813 2237 1903; x_wconf 71' lang='lat' dir='ltr'>quia</span> <span class='ocrx_word' id='word_1_289' title='bbox 2260 1826 2414 1877; x_wconf 66' lang='lat' dir='ltr'>smpe</span> <span class='ocrx_word' id='word_1_290' title='bbox 2426 1809 3046 1903; x_wconf 45' lang='lat' dir='ltr'>eosquibusfav&#39;emus,</span> <span class='ocrx_word' id='word_1_291' title='bbox 3065 1809 3137 1880; x_wconf 76' lang='lat' dir='ltr'>ad</span> <span class='ocrx_word' id='word_1_292' title='bbox 3149 1809 3398 1883; x_wconf 48' lang='lat' dir='ltr'>acidi}.</span> 
     </span>
    </p>
   </div>
   <div class='ocr_carea' id='block_1_41' title="bbox 86 1881 3403 1965">
    <p class='ocr_par' dir='ltr' id='par_1_41' title="bbox 86 1881 3403 1965">
     <span class='ocr_line' id='line_1_41' title="bbox 86 1881 3403 1965; baseline 0.006 -30"><span class='ocrx_word' id='word_1_293' title='bbox 86 1881 907 1965; x_wconf 37' lang='lat' dir='ltr'>liomo,_alloquenshanimam</span> <span class='ocrx_word' id='word_1_294' title='bbox 937 1893 1101 1965; x_wconf 84' lang='lat' dir='ltr'>suam</span> <span class='ocrx_word' id='word_1_295' title='bbox 1128 1881 1264 1932; x_wconf 91' lang='lat' dir='ltr'>dicit</span> <span class='ocrx_word' id='word_1_296' title='bbox 1290 1896 1302 1932; x_wconf 91' lang='lat'><strong>:</strong></span> <span class='ocrx_word' id='word_1_297' title='bbox 1329 1882 1505 1965; x_wconf 55' lang='lat' dir='ltr'>Quare</span> <span class='ocrx_word' id='word_1_298' title='bbox 1538 1881 1706 1965; x_wconf 64' lang='lat' dir='ltr'>tristis</span> <span class='ocrx_word' id='word_1_299' title='bbox 1730 1881 1785 1903; x_wconf 77' lang='grc' dir='ltr'><strong><em>υ</em></strong></span> <span class='ocrx_word' id='word_1_300' title='bbox 1807 1888 2067 1965; x_wconf 66' lang='lat' dir='ltr'>nostram</span> <span class='ocrx_word' id='word_1_301' title='bbox 2091 1883 2463 1965; x_wconf 74' lang='lat' dir='ltr'>collocamus:</span> <span class='ocrx_word' id='word_1_302' title='bbox 2484 1888 2549 1935; x_wconf 83' lang='lat' dir='ltr'>Et</span> <span class='ocrx_word' id='word_1_303' title='bbox 2580 1887 2869 1965; x_wconf 60' lang='lat' dir='ltr'>brachium</span> <span class='ocrx_word' id='word_1_304' title='bbox 2887 1881 3061 1959; x_wconf 54' lang='lat' dir='ltr'>tuum&#39;,</span> <span class='ocrx_word' id='word_1_305' title='bbox 3086 1899 3144 1950; x_wconf 90' lang='lat' dir='ltr'>id</span> <span class='ocrx_word' id='word_1_306' title='bbox 3173 1907 3280 1965; x_wconf 87' lang='lat' dir='ltr'>est,</span> <span class='ocrx_word' id='word_1_307' title='bbox 3300 1881 3403 1955; x_wconf 62' lang='lat' dir='ltr'>to;</span> 
     </span>
    </p>
   </div>
   <div class='ocr_carea' id='block_1_42' title="bbox 82 1952 1700 2017">
    <p class='ocr_par' dir='ltr' id='par_1_42' title="bbox 82 1952 1700 2017">
     <span class='ocr_line' id='line_1_42' title="bbox 82 1952 1700 2017; baseline 0 -13"><span class='ocrx_word' id='word_1_308' title='bbox 82 1971 166 2016; x_wconf 80' lang='lat' dir='ltr'>cs,</span> <span class='ocrx_word' id='word_1_309' title='bbox 213 1954 416 2004; x_wconf 76' lang='lat' dir='ltr'>anima</span> <span class='ocrx_word' id='word_1_310' title='bbox 444 1956 597 2003; x_wconf 77' lang='lat' dir='ltr'>mea?</span> <span class='ocrx_word' id='word_1_311' title='bbox 628 1952 905 2014; x_wconf 56' lang='lat' dir='ltr'>Quasdam</span> <span class='ocrx_word' id='word_1_312' title='bbox 932 1956 1101 2003; x_wconf 88' lang='lat' dir='ltr'>sonat</span> <span class='ocrx_word' id='word_1_313' title='bbox 1132 1964 1389 2015; x_wconf 61' lang='lat' dir='ltr'>prassens</span> <span class='ocrx_word' id='word_1_314' title='bbox 1414 1952 1700 2017; x_wconf 84' lang='lat' dir='ltr'>allocutio,</span> 
     </span>
    </p>
   </div>
   <div class='ocr_carea' id='block_1_43' title="bbox 84 2023 1703 2089">
    <p class='ocr_par' dir='ltr' id='par_1_43' title="bbox 84 2023 1703 2089">
     <span class='ocr_line' id='line_1_43' title="bbox 84 2023 1703 2089; baseline -0.004 -12"><span class='ocrx_word' id='word_1_315' title='bbox 84 2026 332 2089; x_wconf 86' lang='lat' dir='ltr'>reliqua</span> <span class='ocrx_word' id='word_1_316' title='bbox 344 2029 548 2088; x_wconf 75' lang='lat' dir='ltr'>purgat</span> <span class='ocrx_word' id='word_1_317' title='bbox 564 2023 747 2074; x_wconf 84' lang='lat' dir='ltr'>fidelis</span> <span class='ocrx_word' id='word_1_318' title='bbox 759 2023 1063 2075; x_wconf 85' lang='lat' dir='ltr'>confessio.</span> <span class='ocrx_word' id='word_1_319' title='bbox 1077 2024 1239 2075; x_wconf 92' lang='lat' dir='ltr'>Unde</span> <span class='ocrx_word' id='word_1_320' title='bbox 1252 2029 1307 2075; x_wconf 88' lang='lat' dir='ltr'>et</span> <span class='ocrx_word' id='word_1_321' title='bbox 1318 2026 1487 2072; x_wconf 82' lang='lat' dir='ltr'>subdit</span> <span class='ocrx_word' id='word_1_322' title='bbox 1504 2038 1516 2073; x_wconf 89' lang='lat'><strong>:</strong></span> <span class='ocrx_word' id='word_1_323' title='bbox 1534 2024 1703 2087; x_wconf 75' lang='lat' dir='ltr'>Spera</span> 
     </span>
    </p>
   </div>
   <div class='ocr_carea' id='block_1_44' title="bbox 88 2096 1703 2160">
    <p class='ocr_par' dir='ltr' id='par_1_44' title="bbox 88 2096 1703 2160">
     <span class='ocr_line' id='line_1_44' title="bbox 88 2096 1703 2160; baseline -0.002 -15"><span class='ocrx_word' id='word_1_324' title='bbox 88 2100 155 2147; x_wconf 77' lang='lat' dir='ltr'>in</span> <span class='ocrx_word' id='word_1_325' title='bbox 181 2097 316 2160; x_wconf 82' lang='lat' dir='ltr'>Deo,</span> <span class='ocrx_word' id='word_1_326' title='bbox 342 2098 591 2159; x_wconf 85' lang='lat' dir='ltr'>Expecta</span> <span class='ocrx_word' id='word_1_327' title='bbox 607 2096 911 2146; x_wconf 69' lang='lat' dir='ltr'>Dominum</span> <span class='ocrx_word' id='word_1_328' title='bbox 927 2100 1435 2158; x_wconf 89' lang='lat' dir='ltr'>remuneratorem,</span> <span class='ocrx_word' id='word_1_329' title='bbox 1457 2096 1592 2159; x_wconf 81' lang='lat' dir='ltr'>quia</span> <span class='ocrx_word' id='word_1_330' title='bbox 1600 2099 1703 2155; x_wconf 89' lang='lat' dir='ltr'>jam</span> 
     </span>
    </p>
   </div>
   <div class='ocr_carea' id='block_1_45' title="bbox 90 2165 1704 2228">
    <p class='ocr_par' dir='ltr' id='par_1_45' title="bbox 90 2165 1704 2228">
     <span class='ocr_line' id='line_1_45' title="bbox 90 2165 1704 2228; baseline -0.002 -9"><span class='ocrx_word' id='word_1_331' title='bbox 90 2168 435 2227; x_wconf 87' lang='lat' dir='ltr'>confessus,</span> <span class='ocrx_word' id='word_1_332' title='bbox 477 2167 658 2215; x_wconf 78' lang='lat' dir='ltr'>adhuc</span> <span class='ocrx_word' id='word_1_333' title='bbox 688 2166 973 2228; x_wconf 77' lang='lat' dir='ltr'>conﬁtebor</span> <span class='ocrx_word' id='word_1_334' title='bbox 1004 2167 1103 2218; x_wconf 75' lang='lat' dir='ltr'>illi.</span> <span class='ocrx_word' id='word_1_335' title='bbox 1130 2166 1297 2217; x_wconf 83' lang='lat' dir='ltr'>Modo</span> <span class='ocrx_word' id='word_1_336' title='bbox 1319 2165 1593 2217; x_wconf 84' lang='lat' dir='ltr'>confiteor</span> <span class='ocrx_word' id='word_1_337' title='bbox 1616 2166 1704 2217; x_wconf 89' lang='lat' dir='ltr'>af-</span> 
     </span>
    </p>
   </div>
   <div class='ocr_carea' id='block_1_46' title="bbox 92 2237 1706 2300">
    <p class='ocr_par' dir='ltr' id='par_1_46' title="bbox 92 2237 1706 2300">
     <span class='ocr_line' id='line_1_46' title="bbox 92 2237 1706 2300; baseline -0.003 -10"><span class='ocrx_word' id='word_1_338' title='bbox 92 2242 327 2290; x_wconf 82' lang='lat' dir='ltr'>ﬂictus:</span> <span class='ocrx_word' id='word_1_339' title='bbox 347 2238 608 2289; x_wconf 88' lang='lat' dir='ltr'>futurum</span> <span class='ocrx_word' id='word_1_340' title='bbox 632 2241 816 2300; x_wconf 90' lang='lat' dir='ltr'>est,ut</span> <span class='ocrx_word' id='word_1_341' title='bbox 831 2237 1020 2288; x_wconf 89' lang='lat' dir='ltr'>adhuc</span> <span class='ocrx_word' id='word_1_342' title='bbox 1036 2238 1308 2289; x_wconf 85' lang='lat' dir='ltr'>confitear</span> <span class='ocrx_word' id='word_1_343' title='bbox 1322 2243 1635 2290; x_wconf 88' lang='lat' dir='ltr'>renovatus</span> <span class='ocrx_word' id='word_1_344' title='bbox 1658 2242 1706 2286; x_wconf 88' lang='lat' dir='ltr'>et</span> 
     </span>
    </p>
   </div>
   <div class='ocr_carea' id='block_1_47' title="bbox 90 2308 1703 2373">
    <p class='ocr_par' dir='ltr' id='par_1_47' title="bbox 90 2308 1703 2373">
     <span class='ocr_line' id='line_1_47' title="bbox 90 2308 1703 2373; baseline -0.003 -12"><span class='ocrx_word' id='word_1_345' title='bbox 90 2311 454 2372; x_wconf 58' lang='lat' dir='ltr'>laetiﬁcatus,</span> <span class='ocrx_word' id='word_1_346' title='bbox 480 2311 548 2360; x_wconf 86' lang='lat' dir='ltr'>Et</span> <span class='ocrx_word' id='word_1_347' title='bbox 580 2308 707 2360; x_wconf 66' lang='lat' dir='ltr'>haec</span> <span class='ocrx_word' id='word_1_348' title='bbox 729 2312 839 2367; x_wconf 85' lang='lat' dir='ltr'>est,</span> <span class='ocrx_word' id='word_1_349' title='bbox 863 2310 1038 2360; x_wconf 90' lang='lat' dir='ltr'>eterit</span> <span class='ocrx_word' id='word_1_350' title='bbox 1061 2320 1189 2361; x_wconf 86' lang='lat' dir='ltr'>mea</span> <span class='ocrx_word' id='word_1_351' title='bbox 1210 2308 1514 2373; x_wconf 86' lang='lat' dir='ltr'>confessio,</span> <span class='ocrx_word' id='word_1_352' title='bbox 1540 2308 1703 2360; x_wconf 86' lang='lat' dir='ltr'>Salu-</span> 
     </span>
    </p>
   </div>
   <div class='ocr_carea' id='block_1_48' title="bbox 92 2380 1706 2445">
    <p class='ocr_par' dir='ltr' id='par_1_48' title="bbox 92 2380 1706 2445">
     <span class='ocr_line' id='line_1_48' title="bbox 92 2380 1706 2445; baseline 0 -14"><span class='ocrx_word' id='word_1_353' title='bbox 92 2390 221 2431; x_wconf 80' lang='lat' dir='ltr'>tare</span> <span class='ocrx_word' id='word_1_354' title='bbox 265 2381 443 2429; x_wconf 79' lang='lat' dir='ltr'>vultus</span> <span class='ocrx_word' id='word_1_355' title='bbox 475 2380 597 2440; x_wconf 76' lang='lat' dir='ltr'>mei,</span> <span class='ocrx_word' id='word_1_356' title='bbox 635 2385 681 2428; x_wconf 79' lang='lat' dir='ltr'>et</span> <span class='ocrx_word' id='word_1_357' title='bbox 724 2381 864 2429; x_wconf 81' lang='lat' dir='ltr'>Deus</span> <span class='ocrx_word' id='word_1_358' title='bbox 900 2394 1068 2433; x_wconf 82' lang='lat' dir='ltr'>meus.</span> <span class='ocrx_word' id='word_1_359' title='bbox 1103 2382 1174 2431; x_wconf 82' lang='lat' dir='ltr'>Et</span> <span class='ocrx_word' id='word_1_360' title='bbox 1208 2380 1334 2432; x_wconf 62' lang='lat' dir='ltr'>haec</span> <span class='ocrx_word' id='word_1_361' title='bbox 1358 2384 1464 2444; x_wconf 76' lang='lat' dir='ltr'>est,</span> <span class='ocrx_word' id='word_1_362' title='bbox 1492 2392 1706 2445; x_wconf 80' lang='lat' dir='ltr'>magna</span> 
     </span>
    </p>
   </div>
   <div class='ocr_carea' id='block_1_49' title="bbox 91 2450 1703 2515">
    <p class='ocr_par' dir='ltr' id='par_1_49' title="bbox 91 2450 1703 2515">
     <span class='ocr_line' id='line_1_49' title="bbox 91 2450 1703 2515; baseline -0.002 -10"><span class='ocrx_word' id='word_1_363' title='bbox 91 2465 315 2505; x_wconf 77' lang='lat' dir='ltr'>caussa</span> <span class='ocrx_word' id='word_1_364' title='bbox 346 2451 630 2515; x_wconf 88' lang='lat' dir='ltr'>sperandi,</span> <span class='ocrx_word' id='word_1_365' title='bbox 656 2450 789 2514; x_wconf 83' lang='lat' dir='ltr'>quia</span> <span class='ocrx_word' id='word_1_366' title='bbox 806 2450 1064 2502; x_wconf 84' lang='lat' dir='ltr'>Salvator</span> <span class='ocrx_word' id='word_1_367' title='bbox 1087 2464 1250 2502; x_wconf 90' lang='lat' dir='ltr'>meus</span> <span class='ocrx_word' id='word_1_368' title='bbox 1267 2456 1325 2502; x_wconf 86' lang='lat' dir='ltr'>et</span> <span class='ocrx_word' id='word_1_369' title='bbox 1349 2451 1547 2503; x_wconf 84' lang='lat' dir='ltr'>vultus</span> <span class='ocrx_word' id='word_1_370' title='bbox 1571 2451 1703 2515; x_wconf 92' lang='lat' dir='ltr'>mei,</span> 
     </span>
    </p>
   </div>
   <div class='ocr_carea' id='block_1_50' title="bbox 94 2521 1705 2587">
    <p class='ocr_par' dir='ltr' id='par_1_50' title="bbox 94 2521 1705 2587">
     <span class='ocr_line' id='line_1_50' title="bbox 94 2521 1705 2587; baseline -0.001 -11"><span class='ocrx_word' id='word_1_371' title='bbox 94 2526 159 2576; x_wconf 87' lang='lat' dir='ltr'>id</span> <span class='ocrx_word' id='word_1_372' title='bbox 193 2529 303 2587; x_wconf 89' lang='lat' dir='ltr'>est,</span> <span class='ocrx_word' id='word_1_373' title='bbox 340 2522 561 2573; x_wconf 88' lang='lat' dir='ltr'>habens</span> <span class='ocrx_word' id='word_1_374' title='bbox 602 2521 828 2573; x_wconf 90' lang='lat' dir='ltr'>vultum</span> <span class='ocrx_word' id='word_1_375' title='bbox 863 2534 1078 2580; x_wconf 91' lang='lat' dir='ltr'>meum,</span> <span class='ocrx_word' id='word_1_376' title='bbox 1117 2522 1358 2574; x_wconf 89' lang='lat' dir='ltr'>formam</span> <span class='ocrx_word' id='word_1_377' title='bbox 1393 2534 1602 2586; x_wconf 90' lang='lat' dir='ltr'>meam,</span> <span class='ocrx_word' id='word_1_378' title='bbox 1647 2526 1705 2574; x_wconf 86' lang='lat' dir='ltr'>et</span> 
     </span>
    </p>
   </div>
   <div class='ocr_carea' id='block_1_51' title="bbox 94 2591 1705 2659">
    <p class='ocr_par' dir='ltr' id='par_1_51' title="bbox 94 2591 1705 2659">
     <span class='ocr_line' id='line_1_51' title="bbox 94 2591 1705 2659; baseline 0.001 -16"><span class='ocrx_word' id='word_1_379' title='bbox 94 2607 208 2659; x_wconf 83' lang='lat' dir='ltr'>pro</span> <span class='ocrx_word' id='word_1_380' title='bbox 248 2606 343 2645; x_wconf 88' lang='lat' dir='ltr'>me</span> <span class='ocrx_word' id='word_1_381' title='bbox 377 2596 467 2644; x_wconf 87' lang='lat' dir='ltr'>est</span> <span class='ocrx_word' id='word_1_382' title='bbox 498 2592 671 2644; x_wconf 89' lang='lat' dir='ltr'>homo</span> <span class='ocrx_word' id='word_1_383' title='bbox 713 2591 901 2644; x_wconf 86' lang='lat' dir='ltr'>factus</span> <span class='ocrx_word' id='word_1_384' title='bbox 935 2592 1197 2657; x_wconf 75' lang='lat' dir='ltr'>(Philipp.</span> <span class='ocrx_word' id='word_1_385' title='bbox 1238 2591 1330 2657; x_wconf 71' lang='lat'>2.),</span> <span class='ocrx_word' id='word_1_386' title='bbox 1369 2596 1427 2645; x_wconf 93' lang='lat' dir='ltr'>et</span> <span class='ocrx_word' id='word_1_387' title='bbox 1456 2593 1580 2658; x_wconf 89' lang='lat' dir='ltr'>ipse</span> <span class='ocrx_word' id='word_1_388' title='bbox 1616 2597 1705 2645; x_wconf 89' lang='lat' dir='ltr'>est</span> 
     </span>
    </p>
   </div>
   <div class='ocr_carea' id='block_1_52' title="bbox 95 2669 461 2718">
    <p class='ocr_par' dir='ltr' id='par_1_52' title="bbox 95 2669 461 2718">
     <span class='ocr_line' id='line_1_52' title="bbox 95 2669 461 2718; baseline -0.008 -2"><span class='ocrx_word' id='word_1_389' title='bbox 95 2669 263 2718; x_wconf 89' lang='lat' dir='ltr'>Deus</span> <span class='ocrx_word' id='word_1_390' title='bbox 277 2676 461 2715; x_wconf 89' lang='lat' dir='ltr'>meus.</span> 
     </span>
    </p>
   </div>
   <div class='ocr_carea' id='block_1_53' title="bbox 295 2760 1521 2838">
    <p class='ocr_par' dir='ltr' id='par_1_53' title="bbox 295 2760 1521 2838">
     <span class='ocr_line' id='line_1_53' title="bbox 295 2760 1521 2838; baseline -0.003 -11"><span class='ocrx_word' id='word_1_391' title='bbox 295 2768 467 2838; x_wconf 81' lang='lat'>208</span> <span class='ocrx_word' id='word_1_392' title='bbox 512 2760 882 2825; x_wconf 91' lang='lat' dir='ltr'>TlTULUS</span> <span class='ocrx_word' id='word_1_393' title='bbox 926 2760 1237 2825; x_wconf 87' lang='lat' dir='ltr'>PSALMI</span> <span class='ocrx_word' id='word_1_394' title='bbox 1280 2761 1521 2824; x_wconf 88' lang='lat' dir='ltr'>XLIII.</span> 
     </span>
    </p>
   </div>
   <div class='ocr_carea' id='block_1_54' title="bbox 169 2871 334 2924">
    <p class='ocr_par' dir='ltr' id='par_1_54' title="bbox 169 2871 334 2924">
     <span class='ocr_line' id='line_1_54' title="bbox 169 2871 334 2924; baseline -0.03 0"><span class='ocrx_word' id='word_1_395' title='bbox 169 2871 334 2924; x_wconf 69' lang='lat'>1.111</span> 
     </span>
    </p>
   </div>
   <div class='ocr_carea' id='block_1_55' title="bbox 100 2932 1705 2998">
    <p class='ocr_par' dir='ltr' id='par_1_55' title="bbox 100 2932 1705 2998">
     <span class='ocr_line' id='line_1_55' title="bbox 100 2932 1705 2998; baseline -0.001 -14"><span class='ocrx_word' id='word_1_396' title='bbox 100 2935 411 2998; x_wconf 81' lang='lat' dir='ltr'>proponitur</span> <span class='ocrx_word' id='word_1_397' title='bbox 434 2933 557 2998; x_wconf 74' lang='lat' dir='ltr'>ﬁliis</span> <span class='ocrx_word' id='word_1_398' title='bbox 587 2934 759 2998; x_wconf 83' lang='lat' dir='ltr'>Chore,</span> <span class='ocrx_word' id='word_1_399' title='bbox 788 2933 838 2998; x_wconf 84' lang='lat' dir='ltr'>id</span> <span class='ocrx_word' id='word_1_400' title='bbox 862 2937 953 2998; x_wconf 78' lang='lat' dir='ltr'>est,</span> <span class='ocrx_word' id='word_1_401' title='bbox 968 2934 1091 2998; x_wconf 73' lang='lat' dir='ltr'>filiis</span> <span class='ocrx_word' id='word_1_402' title='bbox 1120 2933 1367 2998; x_wconf 75' lang='lat' dir='ltr'>passionis</span> <span class='ocrx_word' id='word_1_403' title='bbox 1387 2937 1432 2980; x_wconf 91' lang='lat' dir='ltr'>et</span> <span class='ocrx_word' id='word_1_404' title='bbox 1454 2935 1616 2981; x_wconf 87' lang='lat' dir='ltr'>crucis</span> <span class='ocrx_word' id='word_1_405' title='bbox 1630 2932 1705 2982; x_wconf 84' lang='lat' dir='ltr'>ad</span> 
     </span>
    </p>
   </div>
   <div class='ocr_carea' id='block_1_56' title="bbox 98 2995 1704 3055">
    <p class='ocr_par' dir='ltr' id='par_1_56' title="bbox 98 2995 1704 3055">
     <span class='ocr_line' id='line_1_56' title="bbox 98 2995 1704 3055; baseline -0.002 -8"><span class='ocrx_word' id='word_1_406' title='bbox 98 2995 433 3047; x_wconf 67' lang='lat' dir='ltr'>intellectum</span> <span class='ocrx_word' id='word_1_407' title='bbox 457 2996 741 3042; x_wconf 87' lang='lat' dir='ltr'>habendum</span> <span class='ocrx_word' id='word_1_408' title='bbox 765 2995 1007 3042; x_wconf 82' lang='lat' dir='ltr'>subaudis</span> <span class='ocrx_word' id='word_1_409' title='bbox 1027 2999 1103 3040; x_wconf 93' lang='lat' dir='ltr'>:ut</span> <span class='ocrx_word' id='word_1_410' title='bbox 1120 2995 1402 3053; x_wconf 82' lang='lat' dir='ltr'>intelligant</span> <span class='ocrx_word' id='word_1_411' title='bbox 1418 3010 1503 3054; x_wconf 88' lang='lat' dir='ltr'>per</span> <span class='ocrx_word' id='word_1_412' title='bbox 1520 3002 1704 3055; x_wconf 89' lang='lat' dir='ltr'>tempo-</span> 
     </span>
    </p>
   </div>
   <div class='ocr_carea' id='block_1_57' title="bbox 100 3058 1702 3118">
    <p class='ocr_par' dir='ltr' id='par_1_57' title="bbox 100 3058 1702 3118">
     <span class='ocr_line' id='line_1_57' title="bbox 100 3058 1702 3118; baseline -0.003 -8"><span class='ocrx_word' id='word_1_413' title='bbox 100 3063 238 3110; x_wconf 83' lang='lat' dir='ltr'>ralia</span> <span class='ocrx_word' id='word_1_414' title='bbox 260 3062 387 3107; x_wconf 88' lang='lat' dir='ltr'>bona</span> <span class='ocrx_word' id='word_1_415' title='bbox 411 3059 528 3105; x_wconf 85' lang='lat' dir='ltr'>data</span> <span class='ocrx_word' id='word_1_416' title='bbox 555 3058 761 3116; x_wconf 87' lang='lat' dir='ltr'>antiquo</span> <span class='ocrx_word' id='word_1_417' title='bbox 777 3058 977 3118; x_wconf 85' lang='lat' dir='ltr'>populo,</span> <span class='ocrx_word' id='word_1_418' title='bbox 997 3058 1276 3116; x_wconf 81' lang='lat' dir='ltr'>signiﬁcata</span> <span class='ocrx_word' id='word_1_419' title='bbox 1289 3070 1398 3105; x_wconf 85' lang='lat' dir='ltr'>esse</span> <span class='ocrx_word' id='word_1_420' title='bbox 1422 3060 1702 3117; x_wconf 85' lang='lat' dir='ltr'>spiritualia</span> 
     </span>
    </p>
   </div>
   <div class='ocr_carea' id='block_1_58' title="bbox 100 3119 1704 3181">
    <p class='ocr_par' dir='ltr' id='par_1_58' title="bbox 100 3119 1704 3181">
     <span class='ocr_line' id='line_1_58' title="bbox 100 3119 1704 3181; baseline -0.001 -10"><span class='ocrx_word' id='word_1_421' title='bbox 100 3128 262 3179; x_wconf 82' lang='lat' dir='ltr'>bona,</span> <span class='ocrx_word' id='word_1_422' title='bbox 290 3135 402 3181; x_wconf 69' lang='lat' dir='ltr'>quis</span> <span class='ocrx_word' id='word_1_423' title='bbox 421 3122 524 3179; x_wconf 85' lang='lat' dir='ltr'>jam</span> <span class='ocrx_word' id='word_1_424' title='bbox 551 3120 734 3166; x_wconf 87' lang='lat' dir='ltr'>dantur</span> <span class='ocrx_word' id='word_1_425' title='bbox 769 3119 1053 3167; x_wconf 88' lang='lat' dir='ltr'>Christiano</span> <span class='ocrx_word' id='word_1_426' title='bbox 1085 3122 1287 3178; x_wconf 89' lang='lat' dir='ltr'>populo,</span> <span class='ocrx_word' id='word_1_427' title='bbox 1314 3124 1360 3166; x_wconf 90' lang='lat' dir='ltr'>et</span> <span class='ocrx_word' id='word_1_428' title='bbox 1381 3121 1583 3178; x_wconf 86' lang='lat' dir='ltr'>plenius</span> <span class='ocrx_word' id='word_1_429' title='bbox 1611 3122 1704 3169; x_wconf 88' lang='lat' dir='ltr'>da-</span> 
     </span>
    </p>
   </div>
   <div class='ocr_carea' id='block_1_59' title="bbox 96 3182 1705 3243">
    <p class='ocr_par' dir='ltr' id='par_1_59' title="bbox 96 3182 1705 3243">
     <span class='ocr_line' id='line_1_59' title="bbox 96 3182 1705 3243; baseline -0.001 -10"><span class='ocrx_word' id='word_1_430' title='bbox 96 3190 300 3234; x_wconf 84' lang='lat' dir='ltr'>buntur</span> <span class='ocrx_word' id='word_1_431' title='bbox 322 3184 376 3231; x_wconf 90' lang='lat' dir='ltr'>in</span> <span class='ocrx_word' id='word_1_432' title='bbox 409 3186 589 3232; x_wconf 89' lang='lat' dir='ltr'>futuro.</span> <span class='ocrx_word' id='word_1_433' title='bbox 626 3182 768 3229; x_wconf 87' lang='lat' dir='ltr'>Filiis</span> <span class='ocrx_word' id='word_1_434' title='bbox 798 3183 955 3230; x_wconf 89' lang='lat' dir='ltr'>Chore</span> <span class='ocrx_word' id='word_1_435' title='bbox 977 3182 1323 3241; x_wconf 84' lang='lat' dir='ltr'>dico,directis</span> <span class='ocrx_word' id='word_1_436' title='bbox 1350 3184 1405 3230; x_wconf 90' lang='lat' dir='ltr'>in</span> <span class='ocrx_word' id='word_1_437' title='bbox 1428 3183 1600 3243; x_wconf 79' lang='lat' dir='ltr'>tinem,</span> <span class='ocrx_word' id='word_1_438' title='bbox 1618 3198 1705 3243; x_wconf 90' lang='lat' dir='ltr'>per</span> 
     </span>
    </p>
   </div>
   <div class='ocr_carea' id='block_1_60' title="bbox 98 3244 1707 3305">
    <p class='ocr_par' dir='ltr' id='par_1_60' title="bbox 98 3244 1707 3305">
     <span class='ocr_line' id='line_1_60' title="bbox 98 3244 1707 3305; baseline -0.002 -8"><span class='ocrx_word' id='word_1_439' title='bbox 98 3253 249 3297; x_wconf 78' lang='lat' dir='ltr'>hunc</span> <span class='ocrx_word' id='word_1_440' title='bbox 282 3246 606 3294; x_wconf 87' lang='lat' dir='ltr'>intellectum.</span> <span class='ocrx_word' id='word_1_441' title='bbox 647 3245 844 3292; x_wconf 79' lang='lat' dir='ltr'>Materia</span> <span class='ocrx_word' id='word_1_442' title='bbox 880 3249 1001 3292; x_wconf 89' lang='lat' dir='ltr'>sunt</span> <span class='ocrx_word' id='word_1_443' title='bbox 1032 3250 1294 3305; x_wconf 79' lang='lat' dir='ltr'>martyres,</span> <span class='ocrx_word' id='word_1_444' title='bbox 1333 3244 1424 3304; x_wconf 88' lang='lat' dir='ltr'>qui</span> <span class='ocrx_word' id='word_1_445' title='bbox 1451 3247 1602 3293; x_wconf 86' lang='lat' dir='ltr'>etiam</span> <span class='ocrx_word' id='word_1_446' title='bbox 1626 3248 1707 3293; x_wconf 89' lang='lat' dir='ltr'>lo-</span> 
     </span>
    </p>
   </div>
   <div class='ocr_carea' id='block_1_61' title="bbox 357 2867 1703 2932">
    <p class='ocr_par' dir='ltr' id='par_1_61' title="bbox 357 2867 1703 2932">
     <span class='ocr_line' id='line_1_61' title="bbox 357 2867 1703 2932; baseline 0.001 -15"><span class='ocrx_word' id='word_1_447' title='bbox 357 2870 521 2932; x_wconf 80' lang='lat' dir='ltr'>finem</span> <span class='ocrx_word' id='word_1_448' title='bbox 552 2868 682 2931; x_wconf 78' lang='lat' dir='ltr'>ﬁliis</span> <span class='ocrx_word' id='word_1_449' title='bbox 716 2868 887 2918; x_wconf 83' lang='lat' dir='ltr'>Chore</span> <span class='ocrx_word' id='word_1_450' title='bbox 910 2867 983 2917; x_wconf 86' lang='lat' dir='ltr'>ad</span> <span class='ocrx_word' id='word_1_451' title='bbox 1008 2868 1344 2917; x_wconf 76' lang='lat' dir='ltr'>intellectum.</span> <span class='ocrx_word' id='word_1_452' title='bbox 1370 2871 1589 2918; x_wconf 87' lang='lat' dir='ltr'>Psalmus</span> <span class='ocrx_word' id='word_1_453' title='bbox 1612 2871 1703 2919; x_wconf 89' lang='lat' dir='ltr'>iste</span> 
     </span>
    </p>
   </div>
   <div class='ocr_carea' id='block_1_62' title="bbox 95 3296 1781 3371">
    <p class='ocr_par' dir='ltr' id='par_1_62' title="bbox 95 3296 1781 3371">
     <span class='ocr_line' id='line_1_62' title="bbox 95 3296 1781 3371; baseline -0.001 -13"><span class='ocrx_word' id='word_1_454' title='bbox 95 3296 351 3371; x_wconf 80' lang='lat' dir='ltr'>quuntur.</span> <span class='ocrx_word' id='word_1_455' title='bbox 369 3311 423 3355; x_wconf 86' lang='lat' dir='ltr'>In</span> <span class='ocrx_word' id='word_1_456' title='bbox 450 3309 608 3367; x_wconf 90' lang='lat' dir='ltr'>prima</span> <span class='ocrx_word' id='word_1_457' title='bbox 632 3311 766 3367; x_wconf 89' lang='lat' dir='ltr'>parte</span> <span class='ocrx_word' id='word_1_458' title='bbox 789 3308 929 3367; x_wconf 88' lang='lat' dir='ltr'>ponit</span> <span class='ocrx_word' id='word_1_459' title='bbox 951 3296 1321 3354; x_wconf 67' lang='lat' dir='ltr'>distinctionem</span> <span class='ocrx_word' id='word_1_460' title='bbox 1348 3296 1707 3371; x_wconf 75' lang='lat' dir='ltr'>beneﬁciorum</span> <span class='ocrx_word' id='word_1_461' title='bbox 1732 3296 1781 3371; x_wconf 72' lang='grc' dir='ltr'><strong>ί]</strong></span> 
     </span>
    </p>
   </div>
   <div class='ocr_carea' id='block_1_63' title="bbox 96 3370 1697 3435">
    <p class='ocr_par' dir='ltr' id='par_1_63' title="bbox 96 3370 1697 3435">
     <span class='ocr_line' id='line_1_63' title="bbox 96 3370 1697 3435; baseline -0.002 -15"><span class='ocrx_word' id='word_1_462' title='bbox 96 3370 210 3435; x_wconf 80' lang='lat' dir='ltr'>Dei,</span> <span class='ocrx_word' id='word_1_463' title='bbox 244 3385 354 3432; x_wconf 66' lang='lat' dir='ltr'>quas</span> <span class='ocrx_word' id='word_1_464' title='bbox 390 3371 505 3435; x_wconf 83' lang='lat' dir='ltr'>facit</span> <span class='ocrx_word' id='word_1_465' title='bbox 537 3372 661 3435; x_wconf 81' lang='lat' dir='ltr'>Detis</span> <span class='ocrx_word' id='word_1_466' title='bbox 700 3370 817 3416; x_wconf 88' lang='lat' dir='ltr'>huic</span> <span class='ocrx_word' id='word_1_467' title='bbox 853 3371 1057 3428; x_wconf 91' lang='lat' dir='ltr'>populo,</span> <span class='ocrx_word' id='word_1_468' title='bbox 1083 3374 1131 3435; x_wconf 78' lang='lat' dir='ltr'>et</span> <span class='ocrx_word' id='word_1_469' title='bbox 1150 3383 1266 3428; x_wconf 70' lang='lat' dir='ltr'>qum</span> <span class='ocrx_word' id='word_1_470' title='bbox 1292 3370 1403 3435; x_wconf 77' lang='lat' dir='ltr'>fecit</span> <span class='ocrx_word' id='word_1_471' title='bbox 1426 3371 1582 3429; x_wconf 89' lang='lat' dir='ltr'>priori</span> <span class='ocrx_word' id='word_1_472' title='bbox 1610 3386 1697 3431; x_wconf 89' lang='lat' dir='ltr'>po-</span> 
     </span>
    </p>
   </div>
   <div class='ocr_carea' id='block_1_64' title="bbox 94 3431 1698 3497">
    <p class='ocr_par' dir='ltr' id='par_1_64' title="bbox 94 3431 1698 3497">
     <span class='ocr_line' id='line_1_64' title="bbox 94 3431 1698 3497; baseline -0.001 -14"><span class='ocrx_word' id='word_1_473' title='bbox 94 3431 228 3497; x_wconf 84' lang='lat' dir='ltr'>pulo</span> <span class='ocrx_word' id='word_1_474' title='bbox 263 3431 276 3481; x_wconf 68' lang='grc' dir='ltr'><strong><em>ὲ</em></strong></span> <span class='ocrx_word' id='word_1_475' title='bbox 307 3434 572 3497; x_wconf 83' lang='lat' dir='ltr'>ostendens</span> <span class='ocrx_word' id='word_1_476' title='bbox 592 3434 697 3479; x_wconf 76' lang='lat' dir='ltr'>haec</span> <span class='ocrx_word' id='word_1_477' title='bbox 726 3445 831 3479; x_wconf 87' lang='lat' dir='ltr'>esse</span> <span class='ocrx_word' id='word_1_478' title='bbox 856 3436 1057 3497; x_wconf 63' lang='lat' dir='ltr'>aeterna,</span> <span class='ocrx_word' id='word_1_479' title='bbox 1083 3432 1169 3479; x_wconf 86' lang='lat' dir='ltr'>illa</span> <span class='ocrx_word' id='word_1_480' title='bbox 1185 3446 1301 3478; x_wconf 83' lang='lat' dir='ltr'>vero</span> <span class='ocrx_word' id='word_1_481' title='bbox 1332 3431 1485 3497; x_wconf 82' lang='lat' dir='ltr'>fuisse</span> <span class='ocrx_word' id='word_1_482' title='bbox 1510 3438 1698 3494; x_wconf 89' lang='lat' dir='ltr'>tempo-</span> 
     </span>
    </p>
   </div>
   <div class='ocr_carea' id='block_1_65' title="bbox 98 3494 1699 3553">
    <p class='ocr_par' dir='ltr' id='par_1_65' title="bbox 98 3494 1699 3553">
     <span class='ocr_line' id='line_1_65' title="bbox 98 3494 1699 3553; baseline -0.002 -7"><span class='ocrx_word' id='word_1_483' title='bbox 98 3494 253 3546; x_wconf 70' lang='lat' dir='ltr'>ralia.</span> <span class='ocrx_word' id='word_1_484' title='bbox 279 3497 331 3543; x_wconf 91' lang='lat' dir='ltr'>1n</span> <span class='ocrx_word' id='word_1_485' title='bbox 357 3495 577 3543; x_wconf 83' lang='lat' dir='ltr'>secunda</span> <span class='ocrx_word' id='word_1_486' title='bbox 600 3499 736 3553; x_wconf 88' lang='lat' dir='ltr'>parte</span> <span class='ocrx_word' id='word_1_487' title='bbox 766 3495 907 3553; x_wconf 87' lang='lat' dir='ltr'>ponit</span> <span class='ocrx_word' id='word_1_488' title='bbox 935 3494 1083 3552; x_wconf 85' lang='lat' dir='ltr'>mala,</span> <span class='ocrx_word' id='word_1_489' title='bbox 1109 3508 1222 3553; x_wconf 64' lang='lat' dir='ltr'>qua;</span> <span class='ocrx_word' id='word_1_490' title='bbox 1254 3494 1501 3541; x_wconf 88' lang='lat' dir='ltr'>sustinent</span> <span class='ocrx_word' id='word_1_491' title='bbox 1528 3496 1581 3542; x_wconf 68' lang='grc' dir='ltr'><strong>ἰν]</strong></span> <span class='ocrx_word' id='word_1_492' title='bbox 1606 3498 1699 3544; x_wconf 89' lang='lat' dir='ltr'>hac</span> 
     </span>
    </p>
   </div>
   <div class='ocr_carea' id='block_1_66' title="bbox 98 3557 1700 3623">
    <p class='ocr_par' dir='ltr' id='par_1_66' title="bbox 98 3557 1700 3623">
     <span class='ocr_line' id='line_1_66' title="bbox 98 3557 1700 3623; baseline 0 -17"><span class='ocrx_word' id='word_1_493' title='bbox 98 3563 229 3623; x_wconf 77' lang='lat' dir='ltr'>vita,</span> <span class='ocrx_word' id='word_1_494' title='bbox 251 3560 487 3623; x_wconf 75' lang='lat' dir='ltr'>quamvis</span> <span class='ocrx_word' id='word_1_495' title='bbox 505 3558 558 3603; x_wconf 89' lang='lat' dir='ltr'>in</span> <span class='ocrx_word' id='word_1_496' title='bbox 582 3558 749 3623; x_wconf 80' lang='lat' dir='ltr'>futuro</span> <span class='ocrx_word' id='word_1_497' title='bbox 764 3558 863 3623; x_wconf 83' lang='lat' dir='ltr'>sint</span> <span class='ocrx_word' id='word_1_498' title='bbox 886 3557 1116 3623; x_wconf 71' lang='lat' dir='ltr'>habituri</span> <span class='ocrx_word' id='word_1_499' title='bbox 1128 3558 1283 3603; x_wconf 88' lang='lat' dir='ltr'>multa</span> <span class='ocrx_word' id='word_1_500' title='bbox 1296 3558 1440 3623; x_wconf 73' lang='lat' dir='ltr'>bona.</span> <span class='ocrx_word' id='word_1_501' title='bbox 1458 3559 1595 3613; x_wconf 88' lang='lat' dir='ltr'>Quod</span> <span class='ocrx_word' id='word_1_502' title='bbox 1612 3572 1700 3606; x_wconf 85' lang='lat' dir='ltr'>au-</span> 
     </span>
    </p>
   </div>
   <div class='ocr_carea' id='block_1_67' title="bbox 100 3619 1700 3679">
    <p class='ocr_par' dir='ltr' id='par_1_67' title="bbox 100 3619 1700 3679">
     <span class='ocr_line' id='line_1_67' title="bbox 100 3619 1700 3679; baseline -0.002 -8"><span class='ocrx_word' id='word_1_503' title='bbox 100 3619 224 3671; x_wconf 58' lang='lat' dir='ltr'>tem&#39;</span> <span class='ocrx_word' id='word_1_504' title='bbox 248 3621 369 3679; x_wconf 86' lang='lat' dir='ltr'>justi</span> <span class='ocrx_word' id='word_1_505' title='bbox 400 3621 450 3666; x_wconf 89' lang='lat' dir='ltr'>in</span> <span class='ocrx_word' id='word_1_506' title='bbox 476 3621 569 3666; x_wconf 88' lang='lat' dir='ltr'>hac</span> <span class='ocrx_word' id='word_1_507' title='bbox 598 3620 698 3665; x_wconf 89' lang='lat' dir='ltr'>vita</span> <span class='ocrx_word' id='word_1_508' title='bbox 731 3620 996 3678; x_wconf 88' lang='lat' dir='ltr'>patiuntur</span> <span class='ocrx_word' id='word_1_509' title='bbox 1020 3619 1153 3666; x_wconf 82' lang='lat' dir='ltr'>mala</span> <span class='ocrx_word' id='word_1_510' title='bbox 1175 3620 1465 3678; x_wconf 88' lang='lat' dir='ltr'>temporalia</span> <span class='ocrx_word' id='word_1_511' title='bbox 1492 3636 1502 3666; x_wconf 95' lang='lat'>:</span> <span class='ocrx_word' id='word_1_512' title='bbox 1528 3627 1700 3668; x_wconf 86' lang='lat' dir='ltr'>contra</span> 
     </span>
    </p>
   </div>
   <div class='ocr_carea' id='block_1_68' title="bbox 102 3682 1698 3742">
    <p class='ocr_par' dir='ltr' id='par_1_68' title="bbox 102 3682 1698 3742">
     <span class='ocr_line' id='line_1_68' title="bbox 102 3682 1698 3742; baseline -0.002 -8"><span class='ocrx_word' id='word_1_513' title='bbox 102 3690 203 3734; x_wconf 86' lang='lat' dir='ltr'>hoc</span> <span class='ocrx_word' id='word_1_514' title='bbox 247 3688 336 3742; x_wconf 88' lang='lat' dir='ltr'>est,</span> <span class='ocrx_word' id='word_1_515' title='bbox 372 3683 505 3742; x_wconf 89' lang='lat' dir='ltr'>quod</span> <span class='ocrx_word' id='word_1_516' title='bbox 531 3682 720 3741; x_wconf 89' lang='lat' dir='ltr'>priores</span> <span class='ocrx_word' id='word_1_517' title='bbox 742 3682 917 3741; x_wconf 91' lang='lat' dir='ltr'>populi</span> <span class='ocrx_word' id='word_1_518' title='bbox 944 3683 1288 3728; x_wconf 83' lang='lat' dir='ltr'>liberabantur</span> <span class='ocrx_word' id='word_1_519' title='bbox 1308 3695 1337 3729; x_wconf 90' lang='lat' dir='ltr'>a</span> <span class='ocrx_word' id='word_1_520' title='bbox 1358 3685 1698 3741; x_wconf 88' lang='lat' dir='ltr'>corporalibus</span> 
     </span>
    </p>
   </div>
   <div class='ocr_carea' id='block_1_69' title="bbox 102 3743 1698 3808">
    <p class='ocr_par' dir='ltr' id='par_1_69' title="bbox 102 3743 1698 3808">
     <span class='ocr_line' id='line_1_69' title="bbox 102 3743 1698 3808; baseline -0.001 -13"><span class='ocrx_word' id='word_1_521' title='bbox 102 3746 291 3808; x_wconf 76' lang='lat' dir='ltr'>poenis.</span> <span class='ocrx_word' id='word_1_522' title='bbox 321 3747 375 3792; x_wconf 92' lang='lat' dir='ltr'>ln</span> <span class='ocrx_word' id='word_1_523' title='bbox 402 3746 542 3792; x_wconf 88' lang='lat' dir='ltr'>tertia</span> <span class='ocrx_word' id='word_1_524' title='bbox 566 3750 715 3808; x_wconf 82' lang='lat' dir='ltr'>parte</span> <span class='ocrx_word' id='word_1_525' title='bbox 733 3749 840 3791; x_wconf 85' lang='lat' dir='ltr'>orat</span> <span class='ocrx_word' id='word_1_526' title='bbox 869 3743 1068 3791; x_wconf 89' lang='lat' dir='ltr'>liberari</span> <span class='ocrx_word' id='word_1_527' title='bbox 1097 3759 1126 3792; x_wconf 89' lang='lat' dir='ltr'>a</span> <span class='ocrx_word' id='word_1_528' title='bbox 1156 3745 1301 3808; x_wconf 85' lang='lat' dir='ltr'>malis</span> <span class='ocrx_word' id='word_1_529' title='bbox 1326 3743 1481 3808; x_wconf 87' lang='lat' dir='ltr'>hujus</span> <span class='ocrx_word' id='word_1_530' title='bbox 1507 3747 1619 3793; x_wconf 66' lang='lat' dir='ltr'>vitae</span> <span class='ocrx_word' id='word_1_531' title='bbox 1644 3747 1698 3793; x_wconf 91' lang='lat' dir='ltr'>in</span> 
     </span>
    </p>
   </div>
   <div class='ocr_carea' id='block_1_70' title="bbox 107 3806 1699 3869">
    <p class='ocr_par' dir='ltr' id='par_1_70' title="bbox 107 3806 1699 3869">
     <span class='ocr_line' id='line_1_70' title="bbox 107 3806 1699 3869; baseline -0.001 -11"><span class='ocrx_word' id='word_1_532' title='bbox 107 3806 331 3869; x_wconf 79' lang='lat' dir='ltr'>tempore</span> <span class='ocrx_word' id='word_1_533' title='bbox 376 3806 764 3855; x_wconf 86' lang='lat' dir='ltr'>resurrectionis.</span> <span class='ocrx_word' id='word_1_534' title='bbox 805 3807 1016 3853; x_wconf 87' lang='lat' dir='ltr'>Intentio</span> <span class='ocrx_word' id='word_1_535' title='bbox 1049 3811 1237 3853; x_wconf 88' lang='lat' dir='ltr'>estnos</span> <span class='ocrx_word' id='word_1_536' title='bbox 1268 3807 1481 3855; x_wconf 86' lang='lat' dir='ltr'>invitare</span> <span class='ocrx_word' id='word_1_537' title='bbox 1509 3810 1572 3856; x_wconf 90' lang='lat' dir='ltr'>ad</span> <span class='ocrx_word' id='word_1_538' title='bbox 1607 3822 1699 3868; x_wconf 91' lang='lat' dir='ltr'>pa-</span> 
     </span>
    </p>
   </div>
   <div class='ocr_carea' id='block_1_71' title="bbox 104 3870 1697 3929">
    <p class='ocr_par' dir='ltr' id='par_1_71' title="bbox 104 3870 1697 3929">
     <span class='ocr_line' id='line_1_71' title="bbox 104 3870 1697 3929; baseline -0.001 -9"><span class='ocrx_word' id='word_1_539' title='bbox 104 3873 349 3929; x_wconf 86' lang='lat' dir='ltr'>tientiam,</span> <span class='ocrx_word' id='word_1_540' title='bbox 382 3884 444 3917; x_wconf 89' lang='lat' dir='ltr'>ne</span> <span class='ocrx_word' id='word_1_541' title='bbox 480 3870 829 3917; x_wconf 88' lang='lat' dir='ltr'>contristemur</span> <span class='ocrx_word' id='word_1_542' title='bbox 864 3882 953 3928; x_wconf 91' lang='lat' dir='ltr'>pro</span> <span class='ocrx_word' id='word_1_543' title='bbox 993 3870 1345 3927; x_wconf 86' lang='lat' dir='ltr'>temporalibus</span> <span class='ocrx_word' id='word_1_544' title='bbox 1382 3872 1563 3929; x_wconf 76' lang='lat' dir='ltr'>pmnis.</span> <span class='ocrx_word' id='word_1_545' title='bbox 1595 3873 1697 3919; x_wconf 82' lang='lat' dir='ltr'>Vox</span> 
     </span>
    </p>
   </div>
   <div class='ocr_carea' id='block_1_72' title="bbox 104 3932 1699 3994">
    <p class='ocr_par' dir='ltr' id='par_1_72' title="bbox 104 3932 1699 3994">
     <span class='ocr_line' id='line_1_72' title="bbox 104 3932 1699 3994; baseline -0.002 -10"><span class='ocrx_word' id='word_1_546' title='bbox 104 3939 410 3994; x_wconf 81' lang='lat' dir='ltr'>martyrum,</span> <span class='ocrx_word' id='word_1_547' title='bbox 454 3932 840 3991; x_wconf 84' lang='lat' dir='ltr'>ostendentium,</span> <span class='ocrx_word' id='word_1_548' title='bbox 876 3944 990 3990; x_wconf 70' lang='lat' dir='ltr'>qum</span> <span class='ocrx_word' id='word_1_549' title='bbox 1026 3932 1157 3978; x_wconf 89' lang='lat' dir='ltr'>bona</span> <span class='ocrx_word' id='word_1_550' title='bbox 1179 3932 1294 3980; x_wconf 88' lang='lat' dir='ltr'>fecit</span> <span class='ocrx_word' id='word_1_551' title='bbox 1322 3932 1449 3979; x_wconf 88' lang='lat' dir='ltr'>Deus</span> <span class='ocrx_word' id='word_1_552' title='bbox 1470 3934 1699 3994; x_wconf 85' lang='lat' dir='ltr'>antiquis</span> 
     </span>
    </p>
   </div>
   <div class='ocr_carea' id='block_1_73' title="bbox 108 3995 674 4059">
    <p class='ocr_par' dir='ltr' id='par_1_73' title="bbox 108 3995 674 4059">
     <span class='ocr_line' id='line_1_73' title="bbox 108 3995 674 4059; baseline -0.005 -13"><span class='ocrx_word' id='word_1_553' title='bbox 108 3998 361 4059; x_wconf 86' lang='lat' dir='ltr'>patribus,</span> <span class='ocrx_word' id='word_1_554' title='bbox 374 4008 487 4043; x_wconf 88' lang='lat' dir='ltr'>cum</span> <span class='ocrx_word' id='word_1_555' title='bbox 516 3995 637 4042; x_wconf 84' lang='lat' dir='ltr'>dicit</span> <span class='ocrx_word' id='word_1_556' title='bbox 662 4006 674 4043; x_wconf 93' lang='lat'>:</span> 
     </span>
    </p>
   </div>
   <div class='ocr_carea' id='block_1_74' title="bbox 570 4080 1236 4145">
    <p class='ocr_par' dir='ltr' id='par_1_74' title="bbox 570 4080 1236 4145">
     <span class='ocr_line' id='line_1_74' title="bbox 570 4080 1236 4145; baseline 0 -1"><span class='ocrx_word' id='word_1_557' title='bbox 570 4080 969 4145; x_wconf 90' lang='lat' dir='ltr'>PSALMUS</span> <span class='ocrx_word' id='word_1_558' title='bbox 999 4080 1236 4145; x_wconf 91' lang='lat' dir='ltr'>XLIII.</span> 
     </span>
    </p>
   </div>
   <div class='ocr_carea' id='block_1_75' title="bbox 169 4167 1698 4225">
    <p class='ocr_par' dir='ltr' id='par_1_75' title="bbox 169 4167 1698 4225">
     <span class='ocr_line' id='line_1_75' title="bbox 169 4167 1698 4225; baseline -0.002 0"><span class='ocrx_word' id='word_1_559' title='bbox 169 4167 225 4225; x_wconf 77' lang='grc'>2.</span> <span class='ocrx_word' id='word_1_560' title='bbox 250 4171 389 4223; x_wconf 79' lang='lat' dir='ltr'>Deus</span> <span class='ocrx_word' id='word_1_561' title='bbox 408 4172 634 4222; x_wconf 77' lang='lat' dir='ltr'>auribus</span> <span class='ocrx_word' id='word_1_562' title='bbox 645 4172 843 4220; x_wconf 75' lang='lat' dir='ltr'>nostris</span> <span class='ocrx_word' id='word_1_563' title='bbox 855 4170 1188 4223; x_wconf 74' lang='lat' dir='ltr'>audivimus.</span> <span class='ocrx_word' id='word_1_564' title='bbox 1208 4172 1539 4224; x_wconf 78' lang='lat' dir='ltr'>Notandum</span> <span class='ocrx_word' id='word_1_565' title='bbox 1551 4175 1698 4223; x_wconf 86' lang='lat' dir='ltr'>nobis</span> 
     </span>
    </p>
   </div>
   <div class='ocr_carea' id='block_1_76' title="bbox 104 4242 1696 4309">
    <p class='ocr_par' dir='ltr' id='par_1_76' title="bbox 104 4242 1696 4309">
     <span class='ocr_line' id='line_1_76' title="bbox 104 4242 1696 4309; baseline 0.001 -15"><span class='ocrx_word' id='word_1_566' title='bbox 104 4248 217 4305; x_wconf 78' lang='lat' dir='ltr'>est,</span> <span class='ocrx_word' id='word_1_567' title='bbox 249 4244 401 4308; x_wconf 92' lang='lat' dir='ltr'>quod</span> <span class='ocrx_word' id='word_1_568' title='bbox 428 4256 545 4296; x_wconf 89' lang='lat' dir='ltr'>non</span> <span class='ocrx_word' id='word_1_569' title='bbox 570 4247 795 4296; x_wconf 88' lang='lat' dir='ltr'>tantum</span> <span class='ocrx_word' id='word_1_570' title='bbox 810 4242 966 4307; x_wconf 85' lang='lat' dir='ltr'>dicit,</span> <span class='ocrx_word' id='word_1_571' title='bbox 991 4242 1307 4292; x_wconf 71' lang='lat' dir='ltr'>audivimus</span> <span class='ocrx_word' id='word_1_572' title='bbox 1323 4259 1339 4292; x_wconf 89' lang='lat'><strong><em>:</em></strong></span> <span class='ocrx_word' id='word_1_573' title='bbox 1364 4243 1467 4295; x_wconf 91' lang='lat' dir='ltr'>sed</span> <span class='ocrx_word' id='word_1_574' title='bbox 1484 4244 1696 4309; x_wconf 82' lang='lat' dir='ltr'>jungit,</span> 
     </span>
    </p>
   </div>
   <div class='ocr_carea' id='block_1_77' title="bbox 101 4313 1698 4377">
    <p class='ocr_par' dir='ltr' id='par_1_77' title="bbox 101 4313 1698 4377">
     <span class='ocr_line' id='line_1_77' title="bbox 101 4313 1698 4377; baseline 0 -12"><span class='ocrx_word' id='word_1_575' title='bbox 101 4315 335 4365; x_wconf 76' lang='lat' dir='ltr'>auribus</span> <span class='ocrx_word' id='word_1_576' title='bbox 354 4316 564 4368; x_wconf 74' lang='lat' dir='ltr'>nostris.</span> <span class='ocrx_word' id='word_1_577' title='bbox 585 4317 913 4366; x_wconf 89' lang='lat' dir='ltr'>Consonant</span> <span class='ocrx_word' id='word_1_578' title='bbox 938 4315 1114 4366; x_wconf 88' lang='lat' dir='ltr'>verba</span> <span class='ocrx_word' id='word_1_579' title='bbox 1136 4313 1469 4377; x_wconf 59' lang='lat' dir='ltr'>prophetia,</span> <span class='ocrx_word' id='word_1_580' title='bbox 1507 4315 1698 4367; x_wconf 88' lang='lat' dir='ltr'>verbis</span> 
     </span>
    </p>
   </div>
   <div class='ocr_carea' id='block_1_78' title="bbox 101 4384 1698 4450">
    <p class='ocr_par' dir='ltr' id='par_1_78' title="bbox 101 4384 1698 4450">
     <span class='ocr_line' id='line_1_78' title="bbox 101 4384 1698 4450; baseline 0.001 -15"><span class='ocrx_word' id='word_1_581' title='bbox 101 4398 244 4450; x_wconf 64' lang='lat' dir='ltr'>quas</span> <span class='ocrx_word' id='word_1_582' title='bbox 266 4386 543 4438; x_wconf 88' lang='lat' dir='ltr'>Dominus</span> <span class='ocrx_word' id='word_1_583' title='bbox 573 4387 710 4438; x_wconf 86' lang='lat' dir='ltr'>dicit</span> <span class='ocrx_word' id='word_1_584' title='bbox 731 4387 794 4437; x_wconf 89' lang='lat' dir='ltr'>in</span> <span class='ocrx_word' id='word_1_585' title='bbox 815 4384 1121 4449; x_wconf 82' lang='lat' dir='ltr'>Evangelio</span> <span class='ocrx_word' id='word_1_586' title='bbox 1152 4399 1165 4434; x_wconf 92' lang='lat'><strong><em>:</em></strong></span> <span class='ocrx_word' id='word_1_587' title='bbox 1200 4384 1307 4445; x_wconf 90' lang='lat' dir='ltr'>Qui</span> <span class='ocrx_word' id='word_1_588' title='bbox 1334 4384 1508 4437; x_wconf 86' lang='lat' dir='ltr'>habet</span> <span class='ocrx_word' id='word_1_589' title='bbox 1528 4398 1698 4437; x_wconf 86' lang='lat' dir='ltr'>aures</span> 
     </span>
    </p>
   </div>
   <div class='ocr_carea' id='block_1_79' title="bbox 101 4455 1698 4521">
    <p class='ocr_par' dir='ltr' id='par_1_79' title="bbox 101 4455 1698 4521">
     <span class='ocr_line' id='line_1_79' title="bbox 101 4455 1698 4521; baseline 0.001 -14"><span class='ocrx_word' id='word_1_590' title='bbox 101 4456 393 4521; x_wconf 71' lang='lat' dir='ltr'>audiendi,</span> <span class='ocrx_word' id='word_1_591' title='bbox 432 4458 627 4509; x_wconf 85' lang='lat' dir='ltr'>audiat</span> <span class='ocrx_word' id='word_1_592' title='bbox 661 4458 803 4519; x_wconf 83' lang='lat' dir='ltr'>(Luc.</span> <span class='ocrx_word' id='word_1_593' title='bbox 839 4456 927 4519; x_wconf 90' lang='lat'>8.).</span> <span class='ocrx_word' id='word_1_594' title='bbox 955 4455 1117 4507; x_wconf 86' lang='lat' dir='ltr'>Multi</span> <span class='ocrx_word' id='word_1_595' title='bbox 1142 4456 1357 4507; x_wconf 87' lang='lat' dir='ltr'>habent</span> <span class='ocrx_word' id='word_1_596' title='bbox 1379 4469 1548 4508; x_wconf 89' lang='lat' dir='ltr'>aures</span> <span class='ocrx_word' id='word_1_597' title='bbox 1572 4470 1698 4508; x_wconf 91' lang='lat' dir='ltr'>car-</span> 
     </span>
    </p>
   </div>
   <div class='ocr_carea' id='block_1_80' title="bbox 103 4526 1699 4591">
    <p class='ocr_par' dir='ltr' id='par_1_80' title="bbox 103 4526 1699 4591">
     <span class='ocr_line' id='line_1_80' title="bbox 103 4526 1699 4591; baseline 0 -11"><span class='ocrx_word' id='word_1_598' title='bbox 103 4530 223 4591; x_wconf 86' lang='lat' dir='ltr'>nis,</span> <span class='ocrx_word' id='word_1_599' title='bbox 257 4540 371 4580; x_wconf 92' lang='lat' dir='ltr'>non</span> <span class='ocrx_word' id='word_1_600' title='bbox 413 4529 615 4584; x_wconf 90' lang='lat' dir='ltr'>cordis.</span> <span class='ocrx_word' id='word_1_601' title='bbox 664 4528 799 4591; x_wconf 88' lang='lat' dir='ltr'>quia</span> <span class='ocrx_word' id='word_1_602' title='bbox 830 4527 1083 4579; x_wconf 78' lang='lat' dir='ltr'>exterius</span> <span class='ocrx_word' id='word_1_603' title='bbox 1105 4526 1369 4589; x_wconf 87' lang='lat' dir='ltr'>audiunt,</span> <span class='ocrx_word' id='word_1_604' title='bbox 1398 4528 1555 4583; x_wconf 88' lang='lat' dir='ltr'>intus</span> <span class='ocrx_word' id='word_1_605' title='bbox 1581 4541 1699 4580; x_wconf 91' lang='lat' dir='ltr'>non</span> 
     </span>
    </p>
   </div>
   <div class='ocr_carea' id='block_1_81' title="bbox 104 4597 1697 4664">
    <p class='ocr_par' dir='ltr' id='par_1_81' title="bbox 104 4597 1697 4664">
     <span class='ocr_line' id='line_1_81' title="bbox 104 4597 1697 4664; baseline 0 -12"><span class='ocrx_word' id='word_1_606' title='bbox 104 4600 410 4663; x_wconf 86' lang='lat' dir='ltr'>recipiunt.</span> <span class='ocrx_word' id='word_1_607' title='bbox 437 4602 741 4664; x_wconf 88' lang='lat' dir='ltr'>Propterea</span> <span class='ocrx_word' id='word_1_608' title='bbox 759 4599 984 4663; x_wconf 89' lang='lat' dir='ltr'>dicitur,</span> <span class='ocrx_word' id='word_1_609' title='bbox 1006 4597 1233 4648; x_wconf 76' lang='lat' dir='ltr'>auribus</span> <span class='ocrx_word' id='word_1_610' title='bbox 1248 4600 1463 4663; x_wconf 76' lang='lat' dir='ltr'>nostris,</span> <span class='ocrx_word' id='word_1_611' title='bbox 1475 4604 1539 4651; x_wconf 93' lang='lat' dir='ltr'>ut</span> <span class='ocrx_word' id='word_1_612' title='bbox 1565 4613 1697 4664; x_wconf 61' lang='lat' dir='ltr'>quas</span> 
     </span>
    </p>
   </div>
   <div class='ocr_carea' id='block_1_82' title="bbox 104 4670 1696 4735">
    <p class='ocr_par' dir='ltr' id='par_1_82' title="bbox 104 4670 1696 4735">
     <span class='ocr_line' id='line_1_82' title="bbox 104 4670 1696 4735; baseline 0.001 -13"><span class='ocrx_word' id='word_1_613' title='bbox 104 4673 394 4734; x_wconf 89' lang='lat' dir='ltr'>dicuntur,</span> <span class='ocrx_word' id='word_1_614' title='bbox 410 4671 713 4723; x_wconf 88' lang='lat' dir='ltr'>audiamus</span> <span class='ocrx_word' id='word_1_615' title='bbox 736 4684 870 4721; x_wconf 86' lang='lat' dir='ltr'>cum</span> <span class='ocrx_word' id='word_1_616' title='bbox 893 4671 1211 4721; x_wconf 89' lang='lat' dir='ltr'>intentione</span> <span class='ocrx_word' id='word_1_617' title='bbox 1230 4674 1287 4721; x_wconf 91' lang='lat' dir='ltr'><strong>et</strong></span> <span class='ocrx_word' id='word_1_618' title='bbox 1305 4670 1696 4735; x_wconf 86' lang='lat' dir='ltr'>intelligentia,</span> 
     </span>
    </p>
   </div>
   <div class='ocr_carea' id='block_1_83' title="bbox 107 4741 1701 4807">
    <p class='ocr_par' dir='ltr' id='par_1_83' title="bbox 107 4741 1701 4807">
     <span class='ocr_line' id='line_1_83' title="bbox 107 4741 1701 4807; baseline 0 -14"><span class='ocrx_word' id='word_1_619' title='bbox 107 4754 245 4806; x_wconf 63' lang='lat' dir='ltr'>quas</span> <span class='ocrx_word' id='word_1_620' title='bbox 267 4755 429 4794; x_wconf 89' lang='lat' dir='ltr'>aures</span> <span class='ocrx_word' id='word_1_621' title='bbox 445 4746 582 4794; x_wconf 89' lang='lat' dir='ltr'>sunt</span> <span class='ocrx_word' id='word_1_622' title='bbox 600 4742 804 4794; x_wconf 86' lang='lat' dir='ltr'>cordis.</span> <span class='ocrx_word' id='word_1_623' title='bbox 828 4745 897 4794; x_wconf 90' lang='lat' dir='ltr'>Et</span> <span class='ocrx_word' id='word_1_624' title='bbox 912 4746 978 4793; x_wconf 92' lang='lat' dir='ltr'>ut</span> <span class='ocrx_word' id='word_1_625' title='bbox 996 4741 1123 4794; x_wconf 67' lang='lat' dir='ltr'>hanc</span> <span class='ocrx_word' id='word_1_626' title='bbox 1140 4741 1341 4793; x_wconf 89' lang='lat' dir='ltr'>auditu</span> <span class='ocrx_word' id='word_1_627' title='bbox 1365 4742 1543 4807; x_wconf 86' lang='lat' dir='ltr'>digna</span> <span class='ocrx_word' id='word_1_628' title='bbox 1561 4759 1701 4793; x_wconf 87' lang='lat' dir='ltr'>com-</span> 
     </span>
    </p>
   </div>
   <div class='ocr_carea' id='block_1_84' title="bbox 106 4813 1695 4877">
    <p class='ocr_par' dir='ltr' id='par_1_84' title="bbox 106 4813 1695 4877">
     <span class='ocr_line' id='line_1_84' title="bbox 106 4813 1695 4877; baseline 0 -10"><span class='ocrx_word' id='word_1_629' title='bbox 106 4813 405 4867; x_wconf 85' lang='lat' dir='ltr'>mendaret</span> <span class='ocrx_word' id='word_1_630' title='bbox 430 4831 441 4862; x_wconf 90' lang='lat'>:</span> <span class='ocrx_word' id='word_1_631' title='bbox 468 4826 583 4865; x_wconf 90' lang='lat' dir='ltr'>non</span> <span class='ocrx_word' id='word_1_632' title='bbox 612 4813 869 4877; x_wconf 86' lang='lat' dir='ltr'>quilibet,</span> <span class='ocrx_word' id='word_1_633' title='bbox 889 4814 1096 4877; x_wconf 88' lang='lat' dir='ltr'>inquit,</span> <span class='ocrx_word' id='word_1_634' title='bbox 1109 4813 1374 4865; x_wconf 88' lang='lat' dir='ltr'>homines</span> <span class='ocrx_word' id='word_1_635' title='bbox 1392 4814 1496 4865; x_wconf 90' lang='lat' dir='ltr'>sed</span> <span class='ocrx_word' id='word_1_636' title='bbox 1510 4814 1695 4867; x_wconf 82' lang='lat' dir='ltr'>Patres</span> 
     </span>
    </p>
   </div>
   <div class='ocr_carea' id='block_1_85' title="bbox 106 4884 1698 4948">
    <p class='ocr_par' dir='ltr' id='par_1_85' title="bbox 106 4884 1698 4948">
     <span class='ocr_line' id='line_1_85' title="bbox 106 4884 1698 4948; baseline 0.002 -13"><span class='ocrx_word' id='word_1_637' title='bbox 106 4884 300 4947; x_wconf 74' lang='lat' dir='ltr'>nostri,</span> <span class='ocrx_word' id='word_1_638' title='bbox 326 4885 664 4937; x_wconf 72' lang='lat' dir='ltr'>Patriarchaa</span> <span class='ocrx_word' id='word_1_639' title='bbox 677 4888 733 4936; x_wconf 84' lang='lat' dir='ltr'>et</span> <span class='ocrx_word' id='word_1_640' title='bbox 747 4885 1035 4948; x_wconf 69' lang='lat' dir='ltr'>propheta)</span> <span class='ocrx_word' id='word_1_641' title='bbox 1049 4885 1523 4935; x_wconf 78' lang='lat' dir='ltr'>annuntiaverunt</span> <span class='ocrx_word' id='word_1_642' title='bbox 1546 4888 1698 4938; x_wconf 72' lang='lat' dir='ltr'>nobis</span> 
     </span>
    </p>
   </div>
   <div class='ocr_carea' id='block_1_86' title="bbox 106 4956 1696 5023">
    <p class='ocr_par' dir='ltr' id='par_1_86' title="bbox 106 4956 1696 5023">
     <span class='ocr_line' id='line_1_86' title="bbox 106 4956 1696 5023; baseline 0.002 -16"><span class='ocrx_word' id='word_1_643' title='bbox 106 4970 212 5023; x_wconf 83' lang='lat' dir='ltr'>per</span> <span class='ocrx_word' id='word_1_644' title='bbox 235 4956 547 5020; x_wconf 88' lang='lat' dir='ltr'>Scripturas</span> <span class='ocrx_word' id='word_1_645' title='bbox 572 4969 729 5019; x_wconf 83' lang='lat' dir='ltr'>suas,</span> <span class='ocrx_word' id='word_1_646' title='bbox 755 4970 890 5020; x_wconf 86' lang='lat' dir='ltr'>opus</span> <span class='ocrx_word' id='word_1_647' title='bbox 923 4956 1068 5020; x_wconf 85' lang='lat' dir='ltr'>quod</span> <span class='ocrx_word' id='word_1_648' title='bbox 1089 4962 1339 5020; x_wconf 80' lang='lat' dir='ltr'>operatus</span> <span class='ocrx_word' id='word_1_649' title='bbox 1358 4973 1408 5007; x_wconf 85' lang='lat' dir='ltr'>es</span> <span class='ocrx_word' id='word_1_650' title='bbox 1430 4958 1492 5007; x_wconf 73' lang='lat' dir='ltr'>in</span> <span class='ocrx_word' id='word_1_651' title='bbox 1514 4958 1696 5010; x_wconf 75' lang='lat' dir='ltr'>diebus</span> 
     </span>
    </p>
   </div>
   <div class='ocr_carea' id='block_1_87' title="bbox 105 5027 1698 5095">
    <p class='ocr_par' dir='ltr' id='par_1_87' title="bbox 105 5027 1698 5095">
     <span class='ocr_line' id='line_1_87' title="bbox 105 5027 1698 5095; baseline 0.003 -16"><span class='ocrx_word' id='word_1_652' title='bbox 105 5042 315 5079; x_wconf 78' lang='lat' dir='ltr'>eorum.</span> <span class='ocrx_word' id='word_1_653' title='bbox 350 5028 645 5089; x_wconf 86' lang='lat' dir='ltr'>Quomodo</span> <span class='ocrx_word' id='word_1_654' title='bbox 673 5028 929 5078; x_wconf 87' lang='lat' dir='ltr'>liberasti</span> <span class='ocrx_word' id='word_1_655' title='bbox 968 5039 1069 5079; x_wconf 92' lang='lat' dir='ltr'>eos</span> <span class='ocrx_word' id='word_1_656' title='bbox 1101 5027 1172 5078; x_wconf 92' lang='lat' dir='ltr'>de</span> <span class='ocrx_word' id='word_1_657' title='bbox 1205 5030 1468 5093; x_wconf 76' lang='lat' dir='ltr'>Egypto,</span> <span class='ocrx_word' id='word_1_658' title='bbox 1508 5032 1563 5081; x_wconf 88' lang='lat' dir='ltr'>et</span> <span class='ocrx_word' id='word_1_659' title='bbox 1598 5044 1698 5095; x_wconf 91' lang='lat' dir='ltr'>per</span> 
     </span>
    </p>
   </div>
   <div class='ocr_carea' id='block_1_88' title="bbox 108 5098 1691 5166">
    <p class='ocr_par' dir='ltr' id='par_1_88' title="bbox 108 5098 1691 5166">
     <span class='ocr_line' id='line_1_88' title="bbox 108 5098 1691 5166; baseline 0.002 -15"><span class='ocrx_word' id='word_1_660' title='bbox 108 5112 266 5151; x_wconf 89' lang='lat' dir='ltr'>mare</span> <span class='ocrx_word' id='word_1_661' title='bbox 288 5100 541 5150; x_wconf 84' lang='lat' dir='ltr'>Rubrum</span> <span class='ocrx_word' id='word_1_662' title='bbox 562 5098 833 5160; x_wconf 79' lang='lat' dir='ltr'>eduxisti,</span> <span class='ocrx_word' id='word_1_663' title='bbox 851 5098 1154 5149; x_wconf 86' lang='lat' dir='ltr'>custodisti</span> <span class='ocrx_word' id='word_1_664' title='bbox 1173 5099 1234 5150; x_wconf 89' lang='lat' dir='ltr'>in</span> <span class='ocrx_word' id='word_1_665' title='bbox 1258 5100 1485 5152; x_wconf 91' lang='lat' dir='ltr'>deserto</span> <span class='ocrx_word' id='word_1_666' title='bbox 1500 5101 1691 5166; x_wconf 72' lang='lat' dir='ltr'>(Exod.</span> 
     </span>
    </p>
   </div>
   <div class='ocr_carea' id='block_1_89' title="bbox 108 5170 1697 5233">
    <p class='ocr_par' dir='ltr' id='par_1_89' title="bbox 108 5170 1697 5233">
     <span class='ocr_line' id='line_1_89' title="bbox 108 5170 1697 5233; baseline -0.001 -8"><span class='ocrx_word' id='word_1_667' title='bbox 108 5170 241 5233; x_wconf 71' lang='lat'>13.),</span> <span class='ocrx_word' id='word_1_668' title='bbox 263 5174 318 5221; x_wconf 87' lang='lat' dir='ltr'>et</span> <span class='ocrx_word' id='word_1_669' title='bbox 345 5174 553 5222; x_wconf 63' lang='lat' dir='ltr'>caetera</span> <span class='ocrx_word' id='word_1_670' title='bbox 580 5170 729 5222; x_wconf 91' lang='lat' dir='ltr'>talia.</span> <span class='ocrx_word' id='word_1_671' title='bbox 759 5170 828 5219; x_wconf 85' lang='lat' dir='ltr'>Et</span> <span class='ocrx_word' id='word_1_672' title='bbox 852 5171 1322 5220; x_wconf 74' lang='lat' dir='ltr'>annuntiave-runt</span> <span class='ocrx_word' id='word_1_673' title='bbox 1353 5172 1515 5221; x_wconf 84' lang='lat' dir='ltr'>etiam</span> <span class='ocrx_word' id='word_1_674' title='bbox 1544 5174 1697 5224; x_wconf 77' lang='lat' dir='ltr'>nobis</span> 
     </span>
    </p>
   </div>
   <div class='ocr_carea' id='block_1_90' title="bbox 106 5242 1696 5307">
    <p class='ocr_par' dir='ltr' id='par_1_90' title="bbox 106 5242 1696 5307">
     <span class='ocr_line' id='line_1_90' title="bbox 106 5242 1696 5307; baseline 0.003 -15"><span class='ocrx_word' id='word_1_675' title='bbox 106 5258 263 5306; x_wconf 68' lang='lat' dir='ltr'>Opus,</span> <span class='ocrx_word' id='word_1_676' title='bbox 297 5243 437 5305; x_wconf 85' lang='lat' dir='ltr'>quod</span> <span class='ocrx_word' id='word_1_677' title='bbox 460 5248 710 5305; x_wconf 75' lang='lat' dir='ltr'>operatus</span> <span class='ocrx_word' id='word_1_678' title='bbox 730 5257 797 5290; x_wconf 78' lang='lat' dir='ltr'>es.</span> <span class='ocrx_word' id='word_1_679' title='bbox 828 5242 891 5289; x_wconf 87' lang='lat' dir='ltr'>In</span> <span class='ocrx_word' id='word_1_680' title='bbox 919 5242 1099 5290; x_wconf 76' lang='lat' dir='ltr'>diebus</span> <span class='ocrx_word' id='word_1_681' title='bbox 1124 5244 1370 5306; x_wconf 81' lang='lat' dir='ltr'>antiquis</span> <span class='ocrx_word' id='word_1_682' title='bbox 1394 5259 1409 5292; x_wconf 96' lang='lat'><em>:</em></span> <span class='ocrx_word' id='word_1_683' title='bbox 1435 5244 1591 5307; x_wconf 89' lang='lat' dir='ltr'>quod</span> <span class='ocrx_word' id='word_1_684' title='bbox 1616 5245 1696 5296; x_wconf 84' lang='lat' dir='ltr'>fe-</span> 
     </span>
    </p>
   </div>
   <div class='ocr_carea' id='block_1_91' title="bbox 105 5312 1696 5377">
    <p class='ocr_par' dir='ltr' id='par_1_91' title="bbox 105 5312 1696 5377">
     <span class='ocr_line' id='line_1_91' title="bbox 105 5312 1696 5377; baseline 0.003 -13"><span class='ocrx_word' id='word_1_685' title='bbox 105 5312 239 5364; x_wconf 88' lang='lat' dir='ltr'>cisti</span> <span class='ocrx_word' id='word_1_686' title='bbox 271 5312 329 5363; x_wconf 91' lang='lat' dir='ltr'>in</span> <span class='ocrx_word' id='word_1_687' title='bbox 360 5312 595 5364; x_wconf 83' lang='lat' dir='ltr'>exordio</span> <span class='ocrx_word' id='word_1_688' title='bbox 628 5313 699 5364; x_wconf 90' lang='lat' dir='ltr'>de</span> <span class='ocrx_word' id='word_1_689' title='bbox 728 5313 1015 5364; x_wconf 86' lang='lat' dir='ltr'>creatione</span> <span class='ocrx_word' id='word_1_690' title='bbox 1044 5313 1169 5365; x_wconf 66' lang='lat' dir='ltr'>caeli</span> <span class='ocrx_word' id='word_1_691' title='bbox 1197 5319 1254 5365; x_wconf 93' lang='lat' dir='ltr'>et</span> <span class='ocrx_word' id='word_1_692' title='bbox 1279 5318 1463 5377; x_wconf 58' lang='lat' dir='ltr'>terrae,</span> <span class='ocrx_word' id='word_1_693' title='bbox 1497 5316 1568 5367; x_wconf 92' lang='lat' dir='ltr'>de</span> <span class='ocrx_word' id='word_1_694' title='bbox 1604 5316 1696 5368; x_wconf 90' lang='lat' dir='ltr'>his</span> 
     </span>
    </p>
   </div>
   <div class='ocr_carea' id='block_1_92' title="bbox 106 5384 1694 5451">
    <p class='ocr_par' dir='ltr' id='par_1_92' title="bbox 106 5384 1694 5451">
     <span class='ocr_line' id='line_1_92' title="bbox 106 5384 1694 5451; baseline 0.002 -16"><span class='ocrx_word' id='word_1_695' title='bbox 106 5395 243 5447; x_wconf 68' lang='lat' dir='ltr'>qua:</span> <span class='ocrx_word' id='word_1_696' title='bbox 283 5385 644 5448; x_wconf 84' lang='lat' dir='ltr'>contigerunt</span> <span class='ocrx_word' id='word_1_697' title='bbox 687 5388 819 5436; x_wconf 85' lang='lat' dir='ltr'>ante</span> <span class='ocrx_word' id='word_1_698' title='bbox 844 5384 1151 5437; x_wconf 90' lang='lat' dir='ltr'>diluvium.</span> <span class='ocrx_word' id='word_1_699' title='bbox 1174 5387 1243 5435; x_wconf 87' lang='lat' dir='ltr'>Et</span> <span class='ocrx_word' id='word_1_700' title='bbox 1264 5386 1375 5437; x_wconf 92' lang='lat' dir='ltr'>hoc</span> <span class='ocrx_word' id='word_1_701' title='bbox 1408 5392 1498 5437; x_wconf 91' lang='lat' dir='ltr'>est</span> <span class='ocrx_word' id='word_1_702' title='bbox 1530 5400 1694 5451; x_wconf 90' lang='lat' dir='ltr'>opus,</span> 
     </span>
    </p>
   </div>
   <div class='ocr_carea' id='block_1_93' title="bbox 102 5454 1699 5521">
    <p class='ocr_par' dir='ltr' id='par_1_93' title="bbox 102 5454 1699 5521">
     <span class='ocr_line' id='line_1_93' title="bbox 102 5454 1699 5521; baseline 0.003 -15"><span class='ocrx_word' id='word_1_703' title='bbox 102 5455 262 5520; x_wconf 88' lang='lat' dir='ltr'>quod</span> <span class='ocrx_word' id='word_1_704' title='bbox 277 5455 457 5507; x_wconf 82' lang='lat' dir='ltr'>fecisti</span> <span class='ocrx_word' id='word_1_705' title='bbox 480 5454 763 5508; x_wconf 85' lang='lat' dir='ltr'>indiebus</span> <span class='ocrx_word' id='word_1_706' title='bbox 788 5469 1006 5521; x_wconf 88' lang='lat' dir='ltr'>eorum,</span> <span class='ocrx_word' id='word_1_707' title='bbox 1022 5457 1179 5521; x_wconf 90' lang='lat' dir='ltr'>quod</span> <span class='ocrx_word' id='word_1_708' title='bbox 1206 5459 1699 5512; x_wconf 88' lang='lat' dir='ltr'>annuntiaverunt</span> 
     </span>
    </p>
   </div>
   <div class='ocr_carea' id='block_1_94' title="bbox 108 5528 530 5581">
    <p class='ocr_par' dir='ltr' id='par_1_94' title="bbox 108 5528 530 5581">
     <span class='ocr_line' id='line_1_94' title="bbox 108 5528 530 5581; baseline -0.007 0"><span class='ocrx_word' id='word_1_709' title='bbox 108 5531 305 5581; x_wconf 86' lang='lat' dir='ltr'>Patres</span> <span class='ocrx_word' id='word_1_710' title='bbox 331 5528 530 5579; x_wconf 87' lang='lat' dir='ltr'>nostri.</span> 
     </span>
    </p>
   </div>
   <div class='ocr_carea' id='block_1_95' title="bbox 175 5651 1698 5719">
    <p class='ocr_par' dir='ltr' id='par_1_95' title="bbox 175 5651 1698 5719">
     <span class='ocr_line' id='line_1_95' title="bbox 175 5651 1698 5719; baseline 0.003 -17"><span class='ocrx_word' id='word_1_711' title='bbox 175 5663 190 5683; x_wconf 89' lang='grc'><strong>·</strong></span> <span class='ocrx_word' id='word_1_712' title='bbox 225 5651 327 5703; x_wconf 86' lang='lat' dir='ltr'>Pro</span> <span class='ocrx_word' id='word_1_713' title='bbox 361 5651 604 5717; x_wconf 83' lang='lat' dir='ltr'>adjuvat,</span> <span class='ocrx_word' id='word_1_714' title='bbox 635 5652 843 5717; x_wconf 84' lang='lat' dir='ltr'>legitur</span> <span class='ocrx_word' id='word_1_715' title='bbox 869 5652 928 5703; x_wconf 91' lang='lat' dir='ltr'>in</span> <span class='ocrx_word' id='word_1_716' title='bbox 958 5651 1193 5717; x_wconf 83' lang='lat' dir='ltr'>vulgato</span> <span class='ocrx_word' id='word_1_717' title='bbox 1216 5654 1541 5718; x_wconf 77' lang='lat' dir='ltr'>Augustino</span> <span class='ocrx_word' id='word_1_718' title='bbox 1565 5654 1698 5719; x_wconf 80' lang='lat' dir='ltr'>agit.</span> 
     </span>
    </p>
   </div>
   <div class='ocr_carea' id='block_1_96' title="bbox 174 5722 1700 5792">
    <p class='ocr_par' dir='ltr' id='par_1_96' title="bbox 174 5722 1700 5792">
     <span class='ocr_line' id='line_1_96' title="bbox 174 5722 1700 5792; baseline 0.001 -17"><span class='ocrx_word' id='word_1_719' title='bbox 174 5726 194 5753; x_wconf 73' lang='grc' dir='ltr'>ι’</span> <span class='ocrx_word' id='word_1_720' title='bbox 223 5722 422 5776; x_wconf 88' lang='lat' dir='ltr'>Nullus</span> <span class='ocrx_word' id='word_1_721' title='bbox 445 5724 663 5789; x_wconf 88' lang='lat' dir='ltr'>dubito,</span> <span class='ocrx_word' id='word_1_722' title='bbox 682 5724 822 5790; x_wconf 91' lang='lat' dir='ltr'>quin</span> <span class='ocrx_word' id='word_1_723' title='bbox 837 5724 910 5776; x_wconf 90' lang='lat' dir='ltr'>sit</span> <span class='ocrx_word' id='word_1_724' title='bbox 932 5725 1358 5790; x_wconf 89' lang='lat' dir='ltr'>responendum</span> <span class='ocrx_word' id='word_1_725' title='bbox 1373 5725 1700 5792; x_wconf 79' lang='lat' dir='ltr'>kcnodoacia,</span> 
     </span>
    </p>
   </div>
   <div class='ocr_carea' id='block_1_97' title="bbox 1810 1954 3402 2026">
    <p class='ocr_par' dir='ltr' id='par_1_97' title="bbox 1810 1954 3402 2026">
     <span class='ocr_line' id='line_1_97' title="bbox 1810 1954 3402 2026; baseline 0.013 -21"><span class='ocrx_word' id='word_1_726' title='bbox 1810 1954 1994 2005; x_wconf 89' lang='lat' dir='ltr'>titudo</span> <span class='ocrx_word' id='word_1_727' title='bbox 2030 1957 2166 2026; x_wconf 78' lang='lat' dir='ltr'>tua:</span> <span class='ocrx_word' id='word_1_728' title='bbox 2193 1955 2330 2019; x_wconf 90' lang='lat' dir='ltr'>quia</span> <span class='ocrx_word' id='word_1_729' title='bbox 2357 1956 2419 2006; x_wconf 92' lang='lat' dir='ltr'>in</span> <span class='ocrx_word' id='word_1_730' title='bbox 2443 1958 2691 2011; x_wconf 88' lang='lat' dir='ltr'>brachiis</span> <span class='ocrx_word' id='word_1_731' title='bbox 2730 1963 2903 2015; x_wconf 83' lang='lat' dir='ltr'>habet</span> <span class='ocrx_word' id='word_1_732' title='bbox 2921 1954 3093 2019; x_wconf 84' lang='lat' dir='ltr'>homo</span> <span class='ocrx_word' id='word_1_733' title='bbox 3117 1954 3402 2026; x_wconf 75' lang='lat' dir='ltr'>fortitudi-</span> 
     </span>
    </p>
   </div>
   <div class='ocr_carea' id='block_1_98' title="bbox 1805 2025 3401 2102">
    <p class='ocr_par' dir='ltr' id='par_1_98' title="bbox 1805 2025 3401 2102">
     <span class='ocr_line' id='line_1_98' title="bbox 1805 2025 3401 2102; baseline 0.004 -25"><span class='ocrx_word' id='word_1_734' title='bbox 1805 2039 1940 2102; x_wconf 68' lang='lat' dir='ltr'>nem</span> <span class='ocrx_word' id='word_1_735' title='bbox 1962 2041 1975 2077; x_wconf 74' lang='grc' dir='ltr'><strong><em>ε</em></strong></span> <span class='ocrx_word' id='word_1_736' title='bbox 2000 2026 2068 2102; x_wconf 73' lang='lat' dir='ltr'>Et</span> <span class='ocrx_word' id='word_1_737' title='bbox 2090 2025 2425 2102; x_wconf 66' lang='lat' dir='ltr'>illuminatio</span> <span class='ocrx_word' id='word_1_738' title='bbox 2446 2028 2622 2079; x_wconf 81' lang='lat' dir='ltr'>vultus</span> <span class='ocrx_word' id='word_1_739' title='bbox 2646 2032 2811 2093; x_wconf 78' lang='lat' dir='ltr'>tui,id</span> <span class='ocrx_word' id='word_1_740' title='bbox 2829 2041 2936 2101; x_wconf 86' lang='lat' dir='ltr'>est,</span> <span class='ocrx_word' id='word_1_741' title='bbox 2952 2040 3207 2102; x_wconf 78' lang='lat' dir='ltr'>prudens</span> <span class='ocrx_word' id='word_1_742' title='bbox 3219 2025 3401 2097; x_wconf 10' lang='lat' dir='ltr'>conisi-</span> 
     </span>
    </p>
   </div>
   <div class='ocr_carea' id='block_1_99' title="bbox 1805 2096 3399 2169">
    <p class='ocr_par' dir='ltr' id='par_1_99' title="bbox 1805 2096 3399 2169">
     <span class='ocr_line' id='line_1_99' title="bbox 1805 2096 3399 2169; baseline 0.011 -18"><span class='ocrx_word' id='word_1_743' title='bbox 1805 2099 1969 2169; x_wconf 85' lang='lat' dir='ltr'>lium,</span> <span class='ocrx_word' id='word_1_744' title='bbox 2016 2096 2141 2148; x_wconf 88' lang='lat' dir='ltr'>sive</span> <span class='ocrx_word' id='word_1_745' title='bbox 2161 2097 2462 2169; x_wconf 79' lang='lat' dir='ltr'>miracula,</span> <span class='ocrx_word' id='word_1_746' title='bbox 2503 2112 2637 2163; x_wconf 66' lang='lat' dir='ltr'>quas</span> <span class='ocrx_word' id='word_1_747' title='bbox 2673 2109 2838 2156; x_wconf 89' lang='lat' dir='ltr'>erant</span> <span class='ocrx_word' id='word_1_748' title='bbox 2871 2096 3399 2169; x_wconf 55' lang='lat' dir='ltr'>eis&#39;demonstratio</span> 
     </span>
    </p>
   </div>
   <div class='ocr_carea' id='block_1_100' title="bbox 1807 2166 3397 2247">
    <p class='ocr_par' dir='ltr' id='par_1_100' title="bbox 1807 2166 3397 2247">
     <span class='ocr_line' id='line_1_100' title="bbox 1807 2166 3397 2247; baseline 0.011 -25"><span class='ocrx_word' id='word_1_749' title='bbox 1807 2168 2007 2247; x_wconf 88' lang='lat' dir='ltr'>vultus</span> <span class='ocrx_word' id='word_1_750' title='bbox 2032 2168 2134 2247; x_wconf 78' lang='lat' dir='ltr'>tui,</span> <span class='ocrx_word' id='word_1_751' title='bbox 2240 2172 2344 2231; x_wconf 88' lang='lat' dir='ltr'>est,</span> <span class='ocrx_word' id='word_1_752' title='bbox 2366 2170 3235 2247; x_wconf 3' lang='lat' dir='ltr'>gratiae(ethenevolentimtuas.</span> <span class='ocrx_word' id='word_1_753' title='bbox 3253 2166 3397 2247; x_wconf 83' lang='lat' dir='ltr'>Quid</span> 
     </span>
    </p>
   </div>
   <div class='ocr_carea' id='block_1_101' title="bbox 1806 2237 3403 2315">
    <p class='ocr_par' dir='ltr' id='par_1_101' title="bbox 1806 2237 3403 2315">
     <span class='ocr_line' id='line_1_101' title="bbox 1806 2237 3403 2315; baseline 0.008 -23"><span class='ocrx_word' id='word_1_754' title='bbox 1806 2244 1897 2315; x_wconf 72' lang='lat' dir='ltr'>est</span> <span class='ocrx_word' id='word_1_755' title='bbox 1911 2238 2072 2315; x_wconf 87' lang='lat' dir='ltr'>quod</span> <span class='ocrx_word' id='word_1_756' title='bbox 2093 2237 2311 2315; x_wconf 73' lang='lat' dir='ltr'>talibus</span> <span class='ocrx_word' id='word_1_757' title='bbox 2334 2240 2516 2315; x_wconf 77' lang='lat' dir='ltr'>signis</span> <span class='ocrx_word' id='word_1_758' title='bbox 2536 2242 2749 2315; x_wconf 76' lang='lat' dir='ltr'>affuisti</span> <span class='ocrx_word' id='word_1_759' title='bbox 2772 2245 2833 2296; x_wconf 89' lang='lat' dir='ltr'>in</span> <span class='ocrx_word' id='word_1_760' title='bbox 2854 2247 3030 2309; x_wconf 89' lang='lat' dir='ltr'>eis,ut</span> <span class='ocrx_word' id='word_1_761' title='bbox 3042 2237 3300 2315; x_wconf 63' lang='lat' dir='ltr'>prasens</span> <span class='ocrx_word' id='word_1_762' title='bbox 3314 2237 3403 2308; x_wconf 54' lang='lat' dir='ltr'>in:</span> 
     </span>
    </p>
   </div>
   <div class='ocr_carea' id='block_1_102' title="bbox 1808 2309 3404 2389">
    <p class='ocr_par' dir='ltr' id='par_1_102' title="bbox 1808 2309 3404 2389">
     <span class='ocr_line' id='line_1_102' title="bbox 1808 2309 3404 2389; baseline 0.003 -27"><span class='ocrx_word' id='word_1_763' title='bbox 1808 2309 2175 2389; x_wconf 67' lang='lat' dir='ltr'>telligereris?</span> <span class='ocrx_word' id='word_1_764' title='bbox 2187 2310 2477 2389; x_wconf 75' lang='lat' dir='ltr'>Numquid</span> <span class='ocrx_word' id='word_1_765' title='bbox 2499 2313 2652 2389; x_wconf 81' lang='lat' dir='ltr'>enim</span> <span class='ocrx_word' id='word_1_766' title='bbox 2678 2318 2909 2389; x_wconf 87' lang='lat' dir='ltr'>quando</span> <span class='ocrx_word' id='word_1_767' title='bbox 2920 2309 3290 2389; x_wconf 73' lang='lat' dir='ltr'>nobisaliquo</span> <span class='ocrx_word' id='word_1_768' title='bbox 3312 2332 3404 2376; x_wconf 66' lang='lat' dir='ltr'>m1.</span> 
     </span>
    </p>
   </div>
   <div class='ocr_carea' id='block_1_103' title="bbox 1805 2381 3405 2449">
    <p class='ocr_par' dir='ltr' id='par_1_103' title="bbox 1805 2381 3405 2449">
     <span class='ocr_line' id='line_1_103' title="bbox 1805 2381 3405 2449; baseline 0.011 -16"><span class='ocrx_word' id='word_1_769' title='bbox 1805 2381 2001 2433; x_wconf 90' lang='lat' dir='ltr'>raculo</span> <span class='ocrx_word' id='word_1_770' title='bbox 2026 2382 2181 2432; x_wconf 90' lang='lat' dir='ltr'>Deus</span> <span class='ocrx_word' id='word_1_771' title='bbox 2203 2381 2387 2443; x_wconf 88' lang='lat' dir='ltr'>adest,</span> <span class='ocrx_word' id='word_1_772' title='bbox 2416 2381 2619 2435; x_wconf 80' lang='lat' dir='ltr'>faciem</span> <span class='ocrx_word' id='word_1_773' title='bbox 2634 2385 2816 2449; x_wconf 88' lang='lat' dir='ltr'>ipsius</span> <span class='ocrx_word' id='word_1_774' title='bbox 2842 2391 3024 2443; x_wconf 90' lang='lat' dir='ltr'>oculis</span> <span class='ocrx_word' id='word_1_775' title='bbox 3038 2381 3252 2448; x_wconf 74' lang='lat' dir='ltr'>nostris</span> <span class='ocrx_word' id='word_1_776' title='bbox 3268 2400 3405 2449; x_wconf 86' lang='lat' dir='ltr'>vide-</span> 
     </span>
    </p>
   </div>
   <div class='ocr_carea' id='block_1_104' title="bbox 1805 2451 3403 2522">
    <p class='ocr_par' dir='ltr' id='par_1_104' title="bbox 1805 2451 3403 2522">
     <span class='ocr_line' id='line_1_104' title="bbox 1805 2451 3403 2522; baseline 0.008 -18"><span class='ocrx_word' id='word_1_777' title='bbox 1805 2465 1938 2504; x_wconf 90' lang='lat' dir='ltr'>mus</span> <span class='ocrx_word' id='word_1_778' title='bbox 1955 2455 1981 2503; x_wconf 76' lang='lat'><strong>?</strong></span> <span class='ocrx_word' id='word_1_779' title='bbox 1997 2451 2106 2503; x_wconf 91' lang='lat' dir='ltr'>Sed</span> <span class='ocrx_word' id='word_1_780' title='bbox 2118 2451 2324 2503; x_wconf 76' lang='lat' dir='ltr'>effectu</span> <span class='ocrx_word' id='word_1_781' title='bbox 2336 2452 2597 2505; x_wconf 87' lang='lat' dir='ltr'>miraculi</span> <span class='ocrx_word' id='word_1_782' title='bbox 2614 2470 2781 2508; x_wconf 90' lang='lat' dir='ltr'>suam</span> <span class='ocrx_word' id='word_1_783' title='bbox 2796 2464 3167 2522; x_wconf 61' lang='lat' dir='ltr'>praesentiam</span> <span class='ocrx_word' id='word_1_784' title='bbox 3179 2469 3403 2520; x_wconf 87' lang='lat' dir='ltr'>insinuat</span> 
     </span>
    </p>
   </div>
   <div class='ocr_carea' id='block_1_105' title="bbox 1806 2523 3404 2598">
    <p class='ocr_par' dir='ltr' id='par_1_105' title="bbox 1806 2523 3404 2598">
     <span class='ocr_line' id='line_1_105' title="bbox 1806 2523 3404 2598; baseline 0.011 -24"><span class='ocrx_word' id='word_1_785' title='bbox 1806 2523 2427 2598; x_wconf 67' lang='lat' dir='ltr'>homimbus._Deniq_ue</span> <span class='ocrx_word' id='word_1_786' title='bbox 2443 2526 2540 2588; x_wconf 87' lang='lat' dir='ltr'>qui</span> <span class='ocrx_word' id='word_1_787' title='bbox 2553 2528 2834 2580; x_wconf 88' lang='lat' dir='ltr'>mirantur</span> <span class='ocrx_word' id='word_1_788' title='bbox 2845 2532 2918 2582; x_wconf 89' lang='lat' dir='ltr'>ad</span> <span class='ocrx_word' id='word_1_789' title='bbox 2930 2532 3028 2598; x_wconf 90' lang='lat' dir='ltr'>huj</span> <span class='ocrx_word' id='word_1_790' title='bbox 3040 2539 3263 2590; x_wconf 91' lang='lat' dir='ltr'>usmodi</span> <span class='ocrx_word' id='word_1_791' title='bbox 3279 2542 3404 2590; x_wconf 82' lang='lat' dir='ltr'>facta</span> 
     </span>
    </p>
   </div>
   <div class='ocr_carea' id='block_1_106' title="bbox 1808 2593 3402 2663">
    <p class='ocr_par' dir='ltr' id='par_1_106' title="bbox 1808 2593 3402 2663">
     <span class='ocr_line' id='line_1_106' title="bbox 1808 2593 3402 2663; baseline 0.011 -17"><span class='ocrx_word' id='word_1_792' title='bbox 1808 2595 2036 2647; x_wconf 86' lang='lat' dir='ltr'>dicunt:</span> <span class='ocrx_word' id='word_1_793' title='bbox 2063 2593 2326 2645; x_wconf 87' lang='lat' dir='ltr'>Vidimus</span> <span class='ocrx_word' id='word_1_794' title='bbox 2341 2596 2524 2646; x_wconf 91' lang='lat' dir='ltr'>Deum</span> <span class='ocrx_word' id='word_1_795' title='bbox 2536 2605 2903 2660; x_wconf 69' lang='lat' dir='ltr'>prmeentem.</span> <span class='ocrx_word' id='word_1_796' title='bbox 2914 2593 3056 2656; x_wconf 67' lang='lat' dir='ltr'>Haec</span> <span class='ocrx_word' id='word_1_797' title='bbox 3070 2613 3261 2660; x_wconf 72' lang='lat' dir='ltr'>autem</span> <span class='ocrx_word' id='word_1_798' title='bbox 3272 2611 3402 2663; x_wconf 91' lang='lat' dir='ltr'>ideo</span> 
     </span>
    </p>
   </div>
   <div class='ocr_carea' id='block_1_107' title="bbox 1807 2664 3402 2744">
    <p class='ocr_par' dir='ltr' id='par_1_107' title="bbox 1807 2664 3402 2744">
     <span class='ocr_line' id='line_1_107' title="bbox 1807 2664 3402 2744; baseline 0.009 -27"><span class='ocrx_word' id='word_1_799' title='bbox 1807 2666 1991 2744; x_wconf 79' lang='lat' dir='ltr'>fecisti</span> <span class='ocrx_word' id='word_1_800' title='bbox 2010 2664 2124 2744; x_wconf 77' lang='lat' dir='ltr'>eis,</span> <span class='ocrx_word' id='word_1_801' title='bbox 2148 2666 2419 2744; x_wconf 71' lang='lat' dir='ltr'>Quoniam</span> <span class='ocrx_word' id='word_1_802' title='bbox 2442 2668 2812 2744; x_wconf 67' lang='lat' dir='ltr'>complacuisti</span> <span class='ocrx_word' id='word_1_803' title='bbox 2832 2672 2890 2721; x_wconf 75' lang='lat' dir='ltr'>in</span> <span class='ocrx_word' id='word_1_804' title='bbox 2918 2676 3009 2724; x_wconf 80' lang='lat' dir='ltr'>eis.</span> <span class='ocrx_word' id='word_1_805' title='bbox 3037 2678 3159 2729; x_wconf 89' lang='lat' dir='ltr'>Hoc</span> <span class='ocrx_word' id='word_1_806' title='bbox 3181 2686 3270 2732; x_wconf 87' lang='lat' dir='ltr'>est</span> <span class='ocrx_word' id='word_1_807' title='bbox 3292 2684 3402 2744; x_wconf 74' lang='lat' dir='ltr'>(Ea:</span> 
     </span>
    </p>
   </div>
   <div class='ocr_carea' id='block_1_108' title="bbox 1805 2737 3398 2816">
    <p class='ocr_par' dir='ltr' id='par_1_108' title="bbox 1805 2737 3398 2816">
     <span class='ocr_line' id='line_1_108' title="bbox 1805 2737 3398 2816; baseline 0.01 -28"><span class='ocrx_word' id='word_1_808' title='bbox 1805 2737 2152 2816; x_wconf 71' lang='lat' dir='ltr'>Augustino),</span> <span class='ocrx_word' id='word_1_809' title='bbox 2184 2737 2267 2788; x_wconf 92' lang='lat' dir='ltr'>sic</span> <span class='ocrx_word' id='word_1_810' title='bbox 2303 2750 2437 2816; x_wconf 82' lang='lat' dir='ltr'>cum</span> <span class='ocrx_word' id='word_1_811' title='bbox 2468 2740 2551 2816; x_wconf 76' lang='lat' dir='ltr'>eis</span> <span class='ocrx_word' id='word_1_812' title='bbox 2570 2742 2820 2807; x_wconf 78' lang='lat' dir='ltr'>gessisti,</span> <span class='ocrx_word' id='word_1_813' title='bbox 2847 2747 2913 2816; x_wconf 89' lang='lat' dir='ltr'>u_t</span> <span class='ocrx_word' id='word_1_814' title='bbox 2936 2747 3191 2809; x_wconf 89' lang='lat' dir='ltr'>placeres</span> <span class='ocrx_word' id='word_1_815' title='bbox 3214 2750 3275 2802; x_wconf 91' lang='lat' dir='ltr'>in</span> <span class='ocrx_word' id='word_1_816' title='bbox 3296 2737 3398 2816; x_wconf 79' lang='lat' dir='ltr'>eis,</span> 
     </span>
    </p>
   </div>
   <div class='ocr_carea' id='block_1_109' title="bbox 1808 2808 3401 2886">
    <p class='ocr_par' dir='ltr' id='par_1_109' title="bbox 1808 2808 3401 2886">
     <span class='ocr_line' id='line_1_109' title="bbox 1808 2808 3401 2886; baseline 0.013 -31"><span class='ocrx_word' id='word_1_817' title='bbox 1808 2813 1873 2886; x_wconf 80' lang='lat' dir='ltr'>ut</span> <span class='ocrx_word' id='word_1_818' title='bbox 1902 2808 2166 2886; x_wconf 76' lang='lat' dir='ltr'>quisquis</span> <span class='ocrx_word' id='word_1_819' title='bbox 2190 2821 2290 2886; x_wconf 75' lang='lat' dir='ltr'>eos</span> <span class='ocrx_word' id='word_1_820' title='bbox 2313 2809 2632 2886; x_wconf 78' lang='lat' dir='ltr'>attenderet</span> <span class='ocrx_word' id='word_1_821' title='bbox 2645 2808 3095 2874; x_wconf 28' lang='lat' dir='ltr'>quomodo’cum</span> <span class='ocrx_word' id='word_1_822' title='bbox 3107 2819 3189 2872; x_wconf 90' lang='lat' dir='ltr'>eis</span> <span class='ocrx_word' id='word_1_823' title='bbox 3202 2808 3401 2886; x_wconf 55' lang='lat' dir='ltr'>agere-3</span> 
     </span>
    </p>
   </div>
   <div class='ocr_carea' id='block_1_110' title="bbox 1809 2879 3399 3015">
    <p class='ocr_par' dir='ltr' id='par_1_110' title="bbox 1809 2879 3399 3015">
     <span class='ocr_line' id='line_1_110' title="bbox 1809 2879 3399 2955; baseline 0.009 -23"><span class='ocrx_word' id='word_1_824' title='bbox 1809 2885 1919 2945; x_wconf 91' lang='lat' dir='ltr'>tur,</span> <span class='ocrx_word' id='word_1_825' title='bbox 1945 2879 2157 2931; x_wconf 89' lang='lat' dir='ltr'>diceret</span> <span class='ocrx_word' id='word_1_826' title='bbox 2180 2894 2195 2927; x_wconf 93' lang='lat'><strong><em>:</em></strong></span> <span class='ocrx_word' id='word_1_827' title='bbox 2221 2879 2364 2942; x_wconf 91' lang='lat' dir='ltr'>Quia</span> <span class='ocrx_word' id='word_1_828' title='bbox 2392 2893 2527 2933; x_wconf 87' lang='lat' dir='ltr'>vere</span> <span class='ocrx_word' id='word_1_829' title='bbox 2550 2883 2705 2934; x_wconf 90' lang='lat' dir='ltr'>Deus</span> <span class='ocrx_word' id='word_1_830' title='bbox 2727 2887 2819 2936; x_wconf 91' lang='lat' dir='ltr'>est</span> <span class='ocrx_word' id='word_1_831' title='bbox 2841 2898 2973 2938; x_wconf 91' lang='lat' dir='ltr'>cum</span> <span class='ocrx_word' id='word_1_832' title='bbox 2996 2887 3130 2955; x_wconf 86' lang='lat' dir='ltr'>illis,</span> <span class='ocrx_word' id='word_1_833' title='bbox 3163 2896 3223 2944; x_wconf 92' lang='lat' dir='ltr'>et</span> <span class='ocrx_word' id='word_1_834' title='bbox 3239 2879 3399 2947; x_wconf 75' lang='lat' dir='ltr'>Deus</span> 
     </span>
     <span class='ocr_line' id='line_1_111' title="bbox 1809 2950 2235 3015; baseline -0.007 -10"><span class='ocrx_word' id='word_1_835' title='bbox 1809 2965 1905 3005; x_wconf 89' lang='lat' dir='ltr'>eos</span> <span class='ocrx_word' id='word_1_836' title='bbox 1934 2960 1953 2980; x_wconf 76' lang='grc'><strong>⁸</strong></span> <span class='ocrx_word' id='word_1_837' title='bbox 1975 2950 2235 3015; x_wconf 79' lang='lat' dir='ltr'>adjuvat.</span> 
     </span>
    </p>
   </div>
   <div class='ocr_carea' id='block_1_111' title="bbox 1804 2952 2235 3005">
    <p class='ocr_par' dir='ltr' id='par_1_111' title="bbox 1804 2952 2235 3005">
     <span class='ocr_line' id='line_1_112' title="bbox 1804 2952 2235 3005; baseline -0.007 0"><span class='ocrx_word' id='word_1_838' title='bbox 1804 2965 1905 3005; x_wconf 91' lang='lat' dir='ltr'>eos</span> <span class='ocrx_word' id='word_1_839' title='bbox 1934 2960 1953 2980; x_wconf 78' lang='grc'><strong>⁸</strong></span> <span class='ocrx_word' id='word_1_840' title='bbox 1975 2952 2235 3005; x_wconf 87' lang='lat' dir='ltr'>adiuvat.</span> 
     </span>
    </p>
   </div>
   <div class='ocr_carea' id='block_1_112' title="bbox 1868 3021 3399 3098">
    <p class='ocr_par' dir='ltr' id='par_1_112' title="bbox 1868 3021 3399 3098">
     <span class='ocr_line' id='line_1_113' title="bbox 1868 3021 3399 3098; baseline 0.012 -27"><span class='ocrx_word' id='word_1_841' title='bbox 1868 3023 1920 3098; x_wconf 27' lang='lat'>4‘.</span> <span class='ocrx_word' id='word_1_842' title='bbox 1957 3021 2066 3098; x_wconf 89' lang='lat' dir='ltr'>Sed</span> <span class='ocrx_word' id='word_1_843' title='bbox 2092 3022 2227 3098; x_wconf 80' lang='lat' dir='ltr'>quia</span> <span class='ocrx_word' id='word_1_844' title='bbox 2242 3021 2369 3098; x_wconf 65' lang='lat' dir='ltr'>haec</span> <span class='ocrx_word' id='word_1_845' title='bbox 2383 3021 2445 3098; x_wconf 85' lang='lat' dir='ltr'>in</span> <span class='ocrx_word' id='word_1_846' title='bbox 2468 3022 2652 3088; x_wconf 82' lang='lat' dir='ltr'>figura</span> <span class='ocrx_word' id='word_1_847' title='bbox 2674 3026 3210 3093; x_wconf 81' lang='lat' dir='ltr'>contingebantillis</span> <span class='ocrx_word' id='word_1_848' title='bbox 3226 3036 3399 3098; x_wconf 86' lang='lat' dir='ltr'>(sicut</span> 
     </span>
    </p>
   </div>
   <div class='ocr_carea' id='block_1_113' title="bbox 1802 3092 3396 3158">
    <p class='ocr_par' dir='ltr' id='par_1_113' title="bbox 1802 3092 3396 3158">
     <span class='ocr_line' id='line_1_114' title="bbox 1802 3092 3396 3158; baseline 0.008 -12"><span class='ocrx_word' id='word_1_849' title='bbox 1802 3094 1941 3147; x_wconf 87' lang='lat' dir='ltr'>dicit</span> <span class='ocrx_word' id='word_1_850' title='bbox 1962 3092 2313 3158; x_wconf 85' lang='lat' dir='ltr'>Apostolus),</span> <span class='ocrx_word' id='word_1_851' title='bbox 2340 3094 2551 3158; x_wconf 82' lang='lat' dir='ltr'>scripta</span> <span class='ocrx_word' id='word_1_852' title='bbox 2568 3102 2707 3149; x_wconf 89' lang='lat' dir='ltr'>sunt</span> <span class='ocrx_word' id='word_1_853' title='bbox 2727 3092 2921 3151; x_wconf 86' lang='lat' dir='ltr'>autem</span> <span class='ocrx_word' id='word_1_854' title='bbox 2930 3103 3004 3153; x_wconf 89' lang='lat' dir='ltr'>ad</span> <span class='ocrx_word' id='word_1_855' title='bbox 3017 3092 3396 3158; x_wconf 68' lang='lat' dir='ltr'>aedificationem</span> 
     </span>
    </p>
   </div>
   <div class='ocr_carea' id='block_1_114' title="bbox 1801 3164 3397 3232">
    <p class='ocr_par' dir='ltr' id='par_1_114' title="bbox 1801 3164 3397 3232">
     <span class='ocr_line' id='line_1_115' title="bbox 1801 3164 3397 3232; baseline 0.008 -13"><span class='ocrx_word' id='word_1_856' title='bbox 1801 3171 2061 3219; x_wconf 88' lang='lat' dir='ltr'>nostram</span> <span class='ocrx_word' id='word_1_857' title='bbox 2088 3164 2155 3226; x_wconf 91' lang='grc'>(1.</span> <span class='ocrx_word' id='word_1_858' title='bbox 2185 3166 2305 3215; x_wconf 86' lang='lat' dir='ltr'>Cor.</span> <span class='ocrx_word' id='word_1_859' title='bbox 2338 3164 2445 3229; x_wconf 85' lang='grc'>10.)</span> <span class='ocrx_word' id='word_1_860' title='bbox 2479 3180 2492 3217; x_wconf 88' lang='lat'><strong>:</strong></span> <span class='ocrx_word' id='word_1_861' title='bbox 2525 3169 2697 3220; x_wconf 88' lang='lat' dir='ltr'>etiam</span> <span class='ocrx_word' id='word_1_862' title='bbox 2721 3170 2924 3223; x_wconf 90' lang='lat' dir='ltr'>titulus</span> <span class='ocrx_word' id='word_1_863' title='bbox 2952 3174 3026 3225; x_wconf 89' lang='lat' dir='ltr'>ad</span> <span class='ocrx_word' id='word_1_864' title='bbox 3048 3175 3397 3232; x_wconf 91' lang='lat' dir='ltr'>intellectum</span> 
     </span>
    </p>
   </div>
   <div class='ocr_carea' id='block_1_115' title="bbox 1809 3237 3398 3312">
    <p class='ocr_par' dir='ltr' id='par_1_115' title="bbox 1809 3237 3398 3312">
     <span class='ocr_line' id='line_1_116' title="bbox 1809 3237 3398 3312; baseline 0.008 -22"><span class='ocrx_word' id='word_1_865' title='bbox 1809 3242 1899 3291; x_wconf 84' lang='lat' dir='ltr'>est</span> <span class='ocrx_word' id='word_1_866' title='bbox 1912 3237 2153 3301; x_wconf 89' lang='lat' dir='ltr'>positus.</span> <span class='ocrx_word' id='word_1_867' title='bbox 2188 3237 2311 3312; x_wconf 61' lang='lat' dir='ltr'>lico</span> <span class='ocrx_word' id='word_1_868' title='bbox 2333 3249 2490 3312; x_wconf 79' lang='lat' dir='ltr'>opus</span> <span class='ocrx_word' id='word_1_869' title='bbox 2504 3238 2730 3291; x_wconf 89' lang='lat' dir='ltr'>Domini</span> <span class='ocrx_word' id='word_1_870' title='bbox 2759 3243 2916 3305; x_wconf 93' lang='lat' dir='ltr'>quod</span> <span class='ocrx_word' id='word_1_871' title='bbox 2939 3244 3011 3297; x_wconf 92' lang='lat' dir='ltr'>de</span> <span class='ocrx_word' id='word_1_872' title='bbox 3040 3246 3398 3312; x_wconf 90' lang='lat' dir='ltr'>dispersione</span> 
     </span>
    </p>
   </div>
   <div class='ocr_carea' id='block_1_116' title="bbox 1808 3308 3398 3383">
    <p class='ocr_par' dir='ltr' id='par_1_116' title="bbox 1808 3308 3398 3383">
     <span class='ocr_line' id='line_1_117' title="bbox 1808 3308 3398 3383; baseline 0.005 -17"><span class='ocrx_word' id='word_1_873' title='bbox 1808 3315 2070 3379; x_wconf 84' lang='lat' dir='ltr'>gentium</span> <span class='ocrx_word' id='word_1_874' title='bbox 2093 3308 2425 3383; x_wconf 87' lang='lat' dir='ltr'>audivimus</span> <span class='ocrx_word' id='word_1_875' title='bbox 2464 3308 2616 3383; x_wconf 77' lang='lat' dir='ltr'>facta</span> <span class='ocrx_word' id='word_1_876' title='bbox 2641 3314 3027 3377; x_wconf 88' lang='lat' dir='ltr'>temporaliter</span> <span class='ocrx_word' id='word_1_877' title='bbox 3049 3317 3110 3369; x_wconf 91' lang='lat' dir='ltr'>in</span> <span class='ocrx_word' id='word_1_878' title='bbox 3136 3308 3398 3383; x_wconf 81' lang='lat' dir='ltr'>patribus</span> 
     </span>
    </p>
   </div>
   <div class='ocr_carea' id='block_1_117' title="bbox 1795 3380 3400 3454">
    <p class='ocr_par' dir='ltr' id='par_1_117' title="bbox 1795 3380 3400 3454">
     <span class='ocr_line' id='line_1_118' title="bbox 1795 3380 3400 3454; baseline 0.006 -18"><span class='ocrx_word' id='word_1_879' title='bbox 1795 3381 2248 3454; x_wconf 75' lang='lat' dir='ltr'>antiquis,et_iam</span> <span class='ocrx_word' id='word_1_880' title='bbox 2263 3393 2418 3454; x_wconf 85' lang='lat' dir='ltr'>nunc</span> <span class='ocrx_word' id='word_1_881' title='bbox 2434 3380 2700 3454; x_wconf 85' lang='lat' dir='ltr'>videmus</span> <span class='ocrx_word' id='word_1_882' title='bbox 2716 3385 3015 3450; x_wconf 88' lang='lat' dir='ltr'>adimpleri</span> <span class='ocrx_word' id='word_1_883' title='bbox 3029 3380 3400 3454; x_wconf 75' lang='lat' dir='ltr'>spiritualiter</span> 
     </span>
    </p>
   </div>
   <div class='ocr_carea' id='block_1_118' title="bbox 1796 3451 3397 3522">
    <p class='ocr_par' dir='ltr' id='par_1_118' title="bbox 1796 3451 3397 3522">
     <span class='ocr_line' id='line_1_119' title="bbox 1796 3451 3397 3522; baseline 0.007 -16"><span class='ocrx_word' id='word_1_884' title='bbox 1796 3461 1858 3513; x_wconf 83' lang='lat' dir='ltr'>in</span> <span class='ocrx_word' id='word_1_885' title='bbox 1890 3452 2285 3522; x_wconf 86' lang='lat' dir='ltr'>spiritualibus</span> <span class='ocrx_word' id='word_1_886' title='bbox 2318 3451 2471 3503; x_wconf 89' lang='lat' dir='ltr'>viris.</span> <span class='ocrx_word' id='word_1_887' title='bbox 2505 3452 2724 3506; x_wconf 81' lang='lat' dir='ltr'>Harum</span> <span class='ocrx_word' id='word_1_888' title='bbox 2748 3458 3008 3520; x_wconf 79' lang='lat' dir='ltr'>gentium</span> <span class='ocrx_word' id='word_1_889' title='bbox 3046 3451 3397 3517; x_wconf 79' lang='lat' dir='ltr'>mentionem</span> 
     </span>
    </p>
   </div>
   <div class='ocr_carea' id='block_1_119' title="bbox 1798 3522 3396 3594">
    <p class='ocr_par' dir='ltr' id='par_1_119' title="bbox 1798 3522 3396 3594">
     <span class='ocr_line' id='line_1_120' title="bbox 1798 3522 3396 3594; baseline 0.008 -16"><span class='ocrx_word' id='word_1_890' title='bbox 1798 3533 2027 3594; x_wconf 82' lang='lat' dir='ltr'>Moyses</span> <span class='ocrx_word' id='word_1_891' title='bbox 2052 3524 2204 3584; x_wconf 87' lang='lat' dir='ltr'>facit,</span> <span class='ocrx_word' id='word_1_892' title='bbox 2222 3522 2322 3575; x_wconf 89' lang='lat' dir='ltr'>ubi</span> <span class='ocrx_word' id='word_1_893' title='bbox 2340 3523 2421 3573; x_wconf 87' lang='lat' dir='ltr'>ait</span> <span class='ocrx_word' id='word_1_894' title='bbox 2438 3537 2450 3573; x_wconf 90' lang='lat'>:</span> <span class='ocrx_word' id='word_1_895' title='bbox 2477 3524 2621 3575; x_wconf 89' lang='lat' dir='ltr'>Cum</span> <span class='ocrx_word' id='word_1_896' title='bbox 2642 3524 3027 3583; x_wconf 81' lang='lat' dir='ltr'>introduxerit</span> <span class='ocrx_word' id='word_1_897' title='bbox 3040 3536 3096 3584; x_wconf 89' lang='lat' dir='ltr'>te</span> <span class='ocrx_word' id='word_1_898' title='bbox 3111 3534 3396 3589; x_wconf 89' lang='lat' dir='ltr'>Dominus</span> 
     </span>
    </p>
   </div>
   <div class='ocr_carea' id='block_1_120' title="bbox 1797 3598 3395 3673">
    <p class='ocr_par' dir='ltr' id='par_1_120' title="bbox 1797 3598 3395 3673">
     <span class='ocr_line' id='line_1_121' title="bbox 1797 3598 3395 3673; baseline 0.001 -18"><span class='ocrx_word' id='word_1_899' title='bbox 1797 3598 2198 3673; x_wconf 15' lang='lat' dir='ltr'>Deusituusin</span> <span class='ocrx_word' id='word_1_900' title='bbox 2222 3600 2430 3673; x_wconf 88' lang='lat' dir='ltr'>terram</span> <span class='ocrx_word' id='word_1_901' title='bbox 2445 3607 2621 3673; x_wconf 79' lang='lat' dir='ltr'>quam</span> <span class='ocrx_word' id='word_1_902' title='bbox 2645 3609 3026 3662; x_wconf 91' lang='lat' dir='ltr'>possessurus</span> <span class='ocrx_word' id='word_1_903' title='bbox 3040 3604 3395 3673; x_wconf 79' lang='lat' dir='ltr'>ingrediaris,</span> 
     </span>
    </p>
   </div>
   <div class='ocr_carea' id='block_1_121' title="bbox 1799 3666 3399 3734">
    <p class='ocr_par' dir='ltr' id='par_1_121' title="bbox 1799 3666 3399 3734">
     <span class='ocr_line' id='line_1_122' title="bbox 1799 3666 3399 3734; baseline 0.004 -7"><span class='ocrx_word' id='word_1_904' title='bbox 1799 3679 1857 3727; x_wconf 90' lang='lat' dir='ltr'>et</span> <span class='ocrx_word' id='word_1_905' title='bbox 1892 3668 2166 3724; x_wconf 87' lang='lat' dir='ltr'>deleverit</span> <span class='ocrx_word' id='word_1_906' title='bbox 2201 3671 2405 3730; x_wconf 82' lang='lat' dir='ltr'>gentes</span> <span class='ocrx_word' id='word_1_907' title='bbox 2446 3666 2662 3719; x_wconf 66' lang='lat' dir='ltr'>multis</span> <span class='ocrx_word' id='word_1_908' title='bbox 2698 3682 2890 3722; x_wconf 90' lang='lat' dir='ltr'>coram</span> <span class='ocrx_word' id='word_1_909' title='bbox 2931 3677 2985 3725; x_wconf 89' lang='lat' dir='ltr'>te</span> <span class='ocrx_word' id='word_1_910' title='bbox 3007 3666 3314 3730; x_wconf 70' lang='lat' dir='ltr'>Hefhaaum</span> <span class='ocrx_word' id='word_1_911' title='bbox 3339 3666 3399 3734; x_wconf 77' lang='lat' dir='ltr'>et.</span> 
     </span>
    </p>
   </div>
   <div class='ocr_carea' id='block_1_122' title="bbox 1797 3738 3392 3810">
    <p class='ocr_par' dir='ltr' id='par_1_122' title="bbox 1797 3738 3392 3810">
     <span class='ocr_line' id='line_1_123' title="bbox 1797 3738 3392 3810; baseline 0.001 -11"><span class='ocrx_word' id='word_1_912' title='bbox 1797 3747 2192 3809; x_wconf 72' lang='lat' dir='ltr'>Gergesaaum,</span> <span class='ocrx_word' id='word_1_913' title='bbox 2209 3738 2616 3789; x_wconf 71' lang='lat' dir='ltr'>Amorrhaaum</span> <span class='ocrx_word' id='word_1_914' title='bbox 2632 3741 2689 3791; x_wconf 93' lang='lat' dir='ltr'>et</span> <span class='ocrx_word' id='word_1_915' title='bbox 2700 3743 3060 3810; x_wconf 75' lang='lat' dir='ltr'>Chananaaum,</span> <span class='ocrx_word' id='word_1_916' title='bbox 3080 3750 3392 3801; x_wconf 69' lang='lat' dir='ltr'>Pherezaaum</span> 
     </span>
    </p>
   </div>
   <div class='ocr_carea' id='block_1_123' title="bbox 1797 3810 3398 3881">
    <p class='ocr_par' dir='ltr' id='par_1_123' title="bbox 1797 3810 3398 3881">
     <span class='ocr_line' id='line_1_124' title="bbox 1797 3810 3398 3881; baseline 0.003 -10"><span class='ocrx_word' id='word_1_917' title='bbox 1797 3823 1855 3871; x_wconf 88' lang='lat' dir='ltr'>et</span> <span class='ocrx_word' id='word_1_918' title='bbox 1878 3819 2162 3868; x_wconf 77' lang='lat' dir='ltr'>Hevseum</span> <span class='ocrx_word' id='word_1_919' title='bbox 2181 3810 2819 3875; x_wconf 72' lang='lat' dir='ltr'>etJebusteum:gentes</span> <span class='ocrx_word' id='word_1_920' title='bbox 2843 3820 3060 3881; x_wconf 88' lang='lat' dir='ltr'>septem</span> <span class='ocrx_word' id='word_1_921' title='bbox 3077 3820 3258 3873; x_wconf 88' lang='lat' dir='ltr'>multo</span> <span class='ocrx_word' id='word_1_922' title='bbox 3273 3835 3398 3876; x_wconf 89' lang='lat' dir='ltr'>ma-</span> 
     </span>
    </p>
   </div>
   <div class='ocr_carea' id='block_1_124' title="bbox 1792 3886 3400 3954">
    <p class='ocr_par' dir='ltr' id='par_1_124' title="bbox 1792 3886 3400 3954">
     <span class='ocr_line' id='line_1_125' title="bbox 1792 3886 3400 3954; baseline 0.002 -12"><span class='ocrx_word' id='word_1_923' title='bbox 1792 3890 1950 3954; x_wconf 91' lang='lat' dir='ltr'>jores</span> <span class='ocrx_word' id='word_1_924' title='bbox 1978 3896 2218 3937; x_wconf 88' lang='lat' dir='ltr'>numero</span> <span class='ocrx_word' id='word_1_925' title='bbox 2242 3894 2418 3954; x_wconf 85' lang='lat' dir='ltr'>quam</span> <span class='ocrx_word' id='word_1_926' title='bbox 2444 3886 2508 3933; x_wconf 88' lang='lat' dir='ltr'>tu</span> <span class='ocrx_word' id='word_1_927' title='bbox 2530 3895 2611 3945; x_wconf 89' lang='lat' dir='ltr'>es,</span> <span class='ocrx_word' id='word_1_928' title='bbox 2644 3887 2702 3934; x_wconf 91' lang='lat' dir='ltr'>et</span> <span class='ocrx_word' id='word_1_929' title='bbox 2722 3886 3071 3941; x_wconf 89' lang='lat' dir='ltr'>robustiores</span> <span class='ocrx_word' id='word_1_930' title='bbox 3098 3894 3155 3944; x_wconf 92' lang='lat' dir='ltr'>te</span> <span class='ocrx_word' id='word_1_931' title='bbox 3181 3910 3192 3941; x_wconf 88' lang='lat'><strong>:</strong></span> <span class='ocrx_word' id='word_1_932' title='bbox 3222 3894 3400 3946; x_wconf 86' lang='lat' dir='ltr'>tradi-</span> 
     </span>
    </p>
   </div>
   <div class='ocr_carea' id='block_1_125' title="bbox 1797 3953 3398 4028">
    <p class='ocr_par' dir='ltr' id='par_1_125' title="bbox 1797 3953 3398 4028">
     <span class='ocr_line' id='line_1_126' title="bbox 1797 3953 3398 4028; baseline 0.004 -16"><span class='ocrx_word' id='word_1_933' title='bbox 1797 3953 2058 4022; x_wconf 85' lang='lat' dir='ltr'>deritque</span> <span class='ocrx_word' id='word_1_934' title='bbox 2080 3967 2180 4007; x_wconf 89' lang='lat' dir='ltr'>eas</span> <span class='ocrx_word' id='word_1_935' title='bbox 2202 3953 2499 4028; x_wconf 65' lang='lat' dir='ltr'>Dominus</span> <span class='ocrx_word' id='word_1_936' title='bbox 2512 3954 2613 4028; x_wconf 80' lang='lat' dir='ltr'>tibi</span> <span class='ocrx_word' id='word_1_937' title='bbox 2637 3971 2647 4003; x_wconf 91' lang='lat'><strong>:</strong></span> <span class='ocrx_word' id='word_1_938' title='bbox 2676 3958 2960 4018; x_wconf 91' lang='lat' dir='ltr'>percuties</span> <span class='ocrx_word' id='word_1_939' title='bbox 2984 3972 3081 4012; x_wconf 89' lang='lat' dir='ltr'>eas</span> <span class='ocrx_word' id='word_1_940' title='bbox 3106 3976 3294 4028; x_wconf 90' lang='lat' dir='ltr'>usque</span> <span class='ocrx_word' id='word_1_941' title='bbox 3323 3967 3398 4019; x_wconf 90' lang='lat' dir='ltr'>ad</span> 
     </span>
    </p>
   </div>
   <div class='ocr_carea' id='block_1_126' title="bbox 1797 4023 3396 4099">
    <p class='ocr_par' dir='ltr' id='par_1_126' title="bbox 1797 4023 3396 4099">
     <span class='ocr_line' id='line_1_127' title="bbox 1797 4023 3396 4099; baseline 0.003 -16"><span class='ocrx_word' id='word_1_942' title='bbox 1797 4028 2247 4099; x_wconf 80' lang='lat' dir='ltr'>internecionem</span> <span class='ocrx_word' id='word_1_943' title='bbox 2268 4025 2439 4099; x_wconf 68' lang='lat' dir='ltr'>(Deut.</span> <span class='ocrx_word' id='word_1_944' title='bbox 2468 4023 2567 4088; x_wconf 77' lang='lat'>7.).</span> <span class='ocrx_word' id='word_1_945' title='bbox 2584 4025 2810 4089; x_wconf 82' lang='lat' dir='ltr'>Septem</span> <span class='ocrx_word' id='word_1_946' title='bbox 2831 4028 2961 4082; x_wconf 72' lang='lat' dir='ltr'>istm</span> <span class='ocrx_word' id='word_1_947' title='bbox 2972 4023 3396 4099; x_wconf 47' lang='lat' dir='ltr'>gentes—septem</span> 
     </span>
    </p>
   </div>
   <div class='ocr_carea' id='block_1_127' title="bbox 1800 4095 3399 4173">
    <p class='ocr_par' dir='ltr' id='par_1_127' title="bbox 1800 4095 3399 4173">
     <span class='ocr_line' id='line_1_128' title="bbox 1800 4095 3399 4173; baseline 0.006 -20"><span class='ocrx_word' id='word_1_948' title='bbox 1800 4105 1939 4153; x_wconf 89' lang='lat' dir='ltr'>sunt</span> <span class='ocrx_word' id='word_1_949' title='bbox 1955 4096 2269 4173; x_wconf 82' lang='lat' dir='ltr'>spiritualia</span> <span class='ocrx_word' id='word_1_950' title='bbox 2284 4095 2443 4173; x_wconf 77' lang='lat' dir='ltr'>vitia,</span> <span class='ocrx_word' id='word_1_951' title='bbox 2457 4107 2589 4158; x_wconf 70' lang='lat' dir='ltr'>quae</span> <span class='ocrx_word' id='word_1_952' title='bbox 2602 4100 2953 4161; x_wconf 81' lang='lat' dir='ltr'>pergratiam</span> <span class='ocrx_word' id='word_1_953' title='bbox 2972 4104 3072 4154; x_wconf 90' lang='lat' dir='ltr'>Dei</span> <span class='ocrx_word' id='word_1_954' title='bbox 3091 4095 3399 4173; x_wconf 80' lang='lat' dir='ltr'>unusquis-</span> 
     </span>
    </p>
   </div>
   <div class='ocr_carea' id='block_1_128' title="bbox 1798 4167 3398 4243">
    <p class='ocr_par' dir='ltr' id='par_1_128' title="bbox 1798 4167 3398 4243">
     <span class='ocr_line' id='line_1_129' title="bbox 1798 4167 3398 4243; baseline 0.006 -20"><span class='ocrx_word' id='word_1_955' title='bbox 1798 4184 1913 4236; x_wconf 90' lang='lat' dir='ltr'>que</span> <span class='ocrx_word' id='word_1_956' title='bbox 1937 4168 2246 4243; x_wconf 84' lang='lat' dir='ltr'>spiritualis</span> <span class='ocrx_word' id='word_1_957' title='bbox 2269 4167 2437 4243; x_wconf 73' lang='lat' dir='ltr'>miles</span> <span class='ocrx_word' id='word_1_958' title='bbox 2456 4176 3225 4243; x_wconf 75' lang='lat' dir='ltr'>exsuperans,exterminare</span> <span class='ocrx_word' id='word_1_959' title='bbox 3239 4167 3398 4243; x_wconf 75' lang='lat' dir='ltr'>peni-</span> 
     </span>
    </p>
   </div>
   <div class='ocr_carea' id='block_1_129' title="bbox 1800 4236 3396 4303">
    <p class='ocr_par' dir='ltr' id='par_1_129' title="bbox 1800 4236 3396 4303">
     <span class='ocr_line' id='line_1_130' title="bbox 1800 4236 3396 4303; baseline 0.003 -6"><span class='ocrx_word' id='word_1_960' title='bbox 1800 4250 1895 4298; x_wconf 91' lang='lat' dir='ltr'>tus</span> <span class='ocrx_word' id='word_1_961' title='bbox 1920 4241 2280 4293; x_wconf 87' lang='lat' dir='ltr'>admonetur.</span> <span class='ocrx_word' id='word_1_962' title='bbox 2313 4236 2476 4297; x_wconf 90' lang='lat' dir='ltr'>Quod</span> <span class='ocrx_word' id='word_1_963' title='bbox 2502 4249 2636 4288; x_wconf 89' lang='lat' dir='ltr'>vero</span> <span class='ocrx_word' id='word_1_964' title='bbox 2651 4241 2884 4303; x_wconf 86' lang='lat' dir='ltr'>majoris</span> <span class='ocrx_word' id='word_1_965' title='bbox 2907 4247 3135 4298; x_wconf 91' lang='lat' dir='ltr'>numeri</span> <span class='ocrx_word' id='word_1_966' title='bbox 3152 4236 3284 4301; x_wconf 75' lang='lat' dir='ltr'>esse</span> <span class='ocrx_word' id='word_1_967' title='bbox 3307 4251 3396 4302; x_wconf 92' lang='lat' dir='ltr'>di-</span> 
     </span>
    </p>
   </div>
   <div class='ocr_carea' id='block_1_130' title="bbox 1799 4307 3393 4383">
    <p class='ocr_par' dir='ltr' id='par_1_130' title="bbox 1799 4307 3393 4383">
     <span class='ocr_line' id='line_1_131' title="bbox 1799 4307 3393 4383; baseline 0.005 -17"><span class='ocrx_word' id='word_1_968' title='bbox 1799 4319 2027 4376; x_wconf 90' lang='lat' dir='ltr'>cuntur,</span> <span class='ocrx_word' id='word_1_969' title='bbox 2052 4312 2191 4383; x_wconf 52' lang='lat' dir='ltr'>hac</span> <span class='ocrx_word' id='word_1_970' title='bbox 2208 4312 2297 4383; x_wconf 77' lang='lat' dir='ltr'>est</span> <span class='ocrx_word' id='word_1_971' title='bbox 2320 4307 2462 4383; x_wconf 83' lang='lat' dir='ltr'>ratio</span> <span class='ocrx_word' id='word_1_972' title='bbox 2481 4324 2497 4383; x_wconf 13' lang='lat'>:7</span> <span class='ocrx_word' id='word_1_973' title='bbox 2521 4309 2657 4383; x_wconf 88' lang='lat' dir='ltr'>quia</span> <span class='ocrx_word' id='word_1_974' title='bbox 2679 4310 2843 4372; x_wconf 88' lang='lat' dir='ltr'>plura</span> <span class='ocrx_word' id='word_1_975' title='bbox 2867 4321 3006 4366; x_wconf 91' lang='lat' dir='ltr'>sunt</span> <span class='ocrx_word' id='word_1_976' title='bbox 3035 4317 3189 4383; x_wconf 90' lang='lat' dir='ltr'>vitia,</span> <span class='ocrx_word' id='word_1_977' title='bbox 3218 4332 3393 4383; x_wconf 90' lang='lat' dir='ltr'>quam</span> 
     </span>
    </p>
   </div>
   <div class='ocr_carea' id='block_1_131' title="bbox 1798 4379 3398 4447">
    <p class='ocr_par' dir='ltr' id='par_1_131' title="bbox 1798 4379 3398 4447">
     <span class='ocr_line' id='line_1_132' title="bbox 1798 4379 3398 4447; baseline 0.004 -8"><span class='ocrx_word' id='word_1_978' title='bbox 1798 4388 2061 4440; x_wconf 90' lang='lat' dir='ltr'>virtutes.</span> <span class='ocrx_word' id='word_1_979' title='bbox 2089 4385 2156 4433; x_wconf 89' lang='lat' dir='ltr'>Et</span> <span class='ocrx_word' id='word_1_980' title='bbox 2180 4380 2305 4431; x_wconf 90' lang='lat' dir='ltr'>ideo</span> <span class='ocrx_word' id='word_1_981' title='bbox 2332 4379 2391 4429; x_wconf 92' lang='lat' dir='ltr'>in</span> <span class='ocrx_word' id='word_1_982' title='bbox 2415 4379 2674 4442; x_wconf 81' lang='lat' dir='ltr'>catalogo</span> <span class='ocrx_word' id='word_1_983' title='bbox 2701 4383 2934 4444; x_wconf 90' lang='lat' dir='ltr'>quidem</span> <span class='ocrx_word' id='word_1_984' title='bbox 2957 4379 3398 4447; x_wconf 78' lang='lat' dir='ltr'>dinumerantur</span> 
     </span>
    </p>
   </div>
   <div class='ocr_carea' id='block_1_132' title="bbox 1794 4449 3396 4523">
    <p class='ocr_par' dir='ltr' id='par_1_132' title="bbox 1794 4449 3396 4523">
     <span class='ocr_line' id='line_1_133' title="bbox 1794 4449 3396 4523; baseline 0.003 -12"><span class='ocrx_word' id='word_1_985' title='bbox 1794 4462 2020 4523; x_wconf 88' lang='lat' dir='ltr'>septem</span> <span class='ocrx_word' id='word_1_986' title='bbox 2044 4454 2327 4515; x_wconf 87' lang='lat' dir='ltr'>nationes,</span> <span class='ocrx_word' id='word_1_987' title='bbox 2356 4449 2415 4500; x_wconf 94' lang='lat' dir='ltr'>in</span> <span class='ocrx_word' id='word_1_988' title='bbox 2438 4453 2869 4513; x_wconf 83' lang='lat' dir='ltr'>expugnatione</span> <span class='ocrx_word' id='word_1_989' title='bbox 2895 4469 3030 4509; x_wconf 91' lang='lat' dir='ltr'>vero</span> <span class='ocrx_word' id='word_1_990' title='bbox 3056 4471 3251 4512; x_wconf 90' lang='lat' dir='ltr'>earum</span> <span class='ocrx_word' id='word_1_991' title='bbox 3268 4464 3396 4517; x_wconf 91' lang='lat' dir='ltr'>sine</span> 
     </span>
    </p>
   </div>
   <div class='ocr_carea' id='block_1_133' title="bbox 1799 4523 3397 4594">
    <p class='ocr_par' dir='ltr' id='par_1_133' title="bbox 1799 4523 3397 4594">
     <span class='ocr_line' id='line_1_134' title="bbox 1799 4523 3397 4594; baseline -0.002 -11"><span class='ocrx_word' id='word_1_992' title='bbox 1799 4527 2025 4583; x_wconf 91' lang='lat' dir='ltr'>numeri</span> <span class='ocrx_word' id='word_1_993' title='bbox 2045 4523 2727 4594; x_wconf 80' lang='lat' dir='ltr'>ascriptioneponuntur.</span> <span class='ocrx_word' id='word_1_994' title='bbox 2764 4525 2850 4577; x_wconf 85' lang='lat' dir='ltr'>Ita</span> <span class='ocrx_word' id='word_1_995' title='bbox 2878 4526 3031 4578; x_wconf 89' lang='lat' dir='ltr'>enim</span> <span class='ocrx_word' id='word_1_996' title='bbox 3062 4529 3290 4594; x_wconf 91' lang='lat' dir='ltr'>dicitur,</span> <span class='ocrx_word' id='word_1_997' title='bbox 3327 4538 3397 4588; x_wconf 82' lang='lat' dir='ltr'>Et,</span> 
     </span>
    </p>
   </div>
   <div class='ocr_carea' id='block_1_134' title="bbox 1801 4590 3398 4660">
    <p class='ocr_par' dir='ltr' id='par_1_134' title="bbox 1801 4590 3398 4660">
     <span class='ocr_line' id='line_1_135' title="bbox 1801 4590 3398 4660; baseline 0.003 -6"><span class='ocrx_word' id='word_1_998' title='bbox 1801 4598 2076 4653; x_wconf 89' lang='lat' dir='ltr'>deleverit</span> <span class='ocrx_word' id='word_1_999' title='bbox 2085 4598 2287 4660; x_wconf 86' lang='lat' dir='ltr'>gentes</span> <span class='ocrx_word' id='word_1_1000' title='bbox 2301 4590 2511 4643; x_wconf 91' lang='lat' dir='ltr'>multas</span> <span class='ocrx_word' id='word_1_1001' title='bbox 2523 4605 2713 4644; x_wconf 88' lang='lat' dir='ltr'>coram</span> <span class='ocrx_word' id='word_1_1002' title='bbox 2728 4598 2782 4647; x_wconf 92' lang='lat' dir='ltr'>te</span> <span class='ocrx_word' id='word_1_1003' title='bbox 2800 4595 2987 4660; x_wconf 72' lang='lat' dir='ltr'>(Ibid).</span> <span class='ocrx_word' id='word_1_1004' title='bbox 3008 4590 3398 4659; x_wconf 86' lang='lat' dir='ltr'>Numeriosior</span> 
     </span>
    </p>
   </div>
   <div class='ocr_carea' id='block_1_135' title="bbox 1723 4662 3394 4742">
    <p class='ocr_par' dir='ltr' id='par_1_135' title="bbox 1723 4662 3394 4742">
     <span class='ocr_line' id='line_1_136' title="bbox 1723 4662 3394 4742; baseline 0.001 -16"><span class='ocrx_word' id='word_1_1005' title='bbox 1723 4667 1781 4741; x_wconf 89' lang='lat' dir='ltr'>D</span> <span class='ocrx_word' id='word_1_1006' title='bbox 1803 4679 1888 4726; x_wconf 89' lang='lat' dir='ltr'>est</span> <span class='ocrx_word' id='word_1_1007' title='bbox 1912 4671 2068 4724; x_wconf 87' lang='lat' dir='ltr'>enim</span> <span class='ocrx_word' id='word_1_1008' title='bbox 2091 4677 2267 4742; x_wconf 84' lang='lat' dir='ltr'>quam</span> <span class='ocrx_word' id='word_1_1009' title='bbox 2282 4662 2455 4742; x_wconf 80' lang='lat' dir='ltr'>Israel</span> <span class='ocrx_word' id='word_1_1010' title='bbox 2465 4662 2780 4742; x_wconf 68' lang='lat' dir='ltr'>carnalium</span> <span class='ocrx_word' id='word_1_1011' title='bbox 2793 4669 3130 4742; x_wconf 88' lang='lat' dir='ltr'>passionum</span> <span class='ocrx_word' id='word_1_1012' title='bbox 3154 4679 3394 4742; x_wconf 89' lang='lat' dir='ltr'>populus,</span> 
     </span>
    </p>
   </div>
   <div class='ocr_carea' id='block_1_136' title="bbox 1800 4733 3399 4816">
    <p class='ocr_par' dir='ltr' id='par_1_136' title="bbox 1800 4733 3399 4816">
     <span class='ocr_line' id='line_1_137' title="bbox 1800 4733 3399 4816; baseline -0.001 -18"><span class='ocrx_word' id='word_1_1013' title='bbox 1800 4746 1901 4816; x_wconf 87' lang='lat' dir='ltr'>qui</span> <span class='ocrx_word' id='word_1_1014' title='bbox 1924 4745 1994 4795; x_wconf 90' lang='lat' dir='ltr'>de</span> <span class='ocrx_word' id='word_1_1015' title='bbox 2010 4742 2120 4816; x_wconf 75' lang='lat' dir='ltr'>hoc</span> <span class='ocrx_word' id='word_1_1016' title='bbox 2152 4735 2473 4816; x_wconf 77' lang='lat' dir='ltr'>septenario</span> <span class='ocrx_word' id='word_1_1017' title='bbox 2490 4733 2689 4787; x_wconf 88' lang='lat' dir='ltr'>fomite</span> <span class='ocrx_word' id='word_1_1018' title='bbox 2706 4737 2975 4791; x_wconf 90' lang='lat' dir='ltr'>vitiorum</span> <span class='ocrx_word' id='word_1_1019' title='bbox 2991 4754 3058 4793; x_wconf 91' lang='lat' dir='ltr'>ac</span> <span class='ocrx_word' id='word_1_1020' title='bbox 3074 4733 3265 4799; x_wconf 75' lang='lat' dir='ltr'>radice</span> <span class='ocrx_word' id='word_1_1021' title='bbox 3280 4733 3399 4809; x_wconf 55' lang='lat' dir='ltr'>pro;</span> 
     </span>
    </p>
   </div>
   <div class='ocr_carea' id='block_1_137' title="bbox 1794 4806 3400 4875">
    <p class='ocr_par' dir='ltr' id='par_1_137' title="bbox 1794 4806 3400 4875">
     <span class='ocr_line' id='line_1_138' title="bbox 1794 4806 3400 4875; baseline 0.001 -4"><span class='ocrx_word' id='word_1_1022' title='bbox 1794 4806 1958 4875; x_wconf 54' lang='lat' dir='ltr'>dedit.</span> <span class='ocrx_word' id='word_1_1023' title='bbox 1979 4816 2060 4865; x_wconf 94' lang='lat' dir='ltr'>De</span> <span class='ocrx_word' id='word_1_1024' title='bbox 2084 4806 2493 4871; x_wconf 82' lang='lat' dir='ltr'>Gastrimargia</span> <span class='ocrx_word' id='word_1_1025' title='bbox 2513 4818 2767 4871; x_wconf 89' lang='lat' dir='ltr'>namque</span> <span class='ocrx_word' id='word_1_1026' title='bbox 2782 4818 3102 4866; x_wconf 88' lang='lat' dir='ltr'>nascuntur</span> <span class='ocrx_word' id='word_1_1027' title='bbox 3113 4806 3400 4872; x_wconf 80' lang='lat' dir='ltr'>commes-</span> 
     </span>
    </p>
   </div>
   <div class='ocr_carea' id='block_1_138' title="bbox 1794 4878 3396 4954">
    <p class='ocr_par' dir='ltr' id='par_1_138' title="bbox 1794 4878 3396 4954">
     <span class='ocr_line' id='line_1_139' title="bbox 1794 4878 3396 4954; baseline -0.001 -9"><span class='ocrx_word' id='word_1_1028' title='bbox 1794 4892 2049 4946; x_wconf 88' lang='lat' dir='ltr'>sationes</span> <span class='ocrx_word' id='word_1_1029' title='bbox 2073 4889 2130 4936; x_wconf 91' lang='lat' dir='ltr'>et</span> <span class='ocrx_word' id='word_1_1030' title='bbox 2158 4880 2464 4934; x_wconf 87' lang='lat' dir='ltr'>ebrietates</span> <span class='ocrx_word' id='word_1_1031' title='bbox 2497 4889 2511 4931; x_wconf 90' lang='lat'>:</span> <span class='ocrx_word' id='word_1_1032' title='bbox 2540 4878 2611 4930; x_wconf 92' lang='lat' dir='ltr'>de</span> <span class='ocrx_word' id='word_1_1033' title='bbox 2635 4879 3012 4954; x_wconf 82' lang='lat' dir='ltr'>fornicatione</span> <span class='ocrx_word' id='word_1_1034' title='bbox 3031 4889 3396 4954; x_wconf 88' lang='lat' dir='ltr'>turpiloquia,</span> 
     </span>
    </p>
   </div>
   <div class='ocr_carea' id='block_1_139' title="bbox 1794 4951 3400 5027">
    <p class='ocr_par' dir='ltr' id='par_1_139' title="bbox 1794 4951 3400 5027">
     <span class='ocr_line' id='line_1_140' title="bbox 1794 4951 3400 5027; baseline 0 -11"><span class='ocrx_word' id='word_1_1035' title='bbox 1794 4954 2542 5027; x_wconf 78' lang='lat' dir='ltr'>scurrilitasludicra,_atque</span> <span class='ocrx_word' id='word_1_1036' title='bbox 2556 4951 2938 5027; x_wconf 78' lang='lat' dir='ltr'>stultiloquia.</span> <span class='ocrx_word' id='word_1_1037' title='bbox 2953 4960 3036 5010; x_wconf 92' lang='lat' dir='ltr'>De</span> <span class='ocrx_word' id='word_1_1038' title='bbox 3053 4951 3400 5027; x_wconf 60' lang='lat' dir='ltr'>Philaréyria</span> 
     </span>
    </p>
   </div>
   <div class='ocr_carea' id='block_1_140' title="bbox 1794 5022 3400 5096">
    <p class='ocr_par' dir='ltr' id='par_1_140' title="bbox 1794 5022 3400 5096">
     <span class='ocr_line' id='line_1_141' title="bbox 1794 5022 3400 5096; baseline -0.001 -9"><span class='ocrx_word' id='word_1_1039' title='bbox 1794 5030 2178 5088; x_wconf 87' lang='lat' dir='ltr'>mendacium,</span> <span class='ocrx_word' id='word_1_1040' title='bbox 2212 5022 2515 5084; x_wconf 84' lang='lat' dir='ltr'>fraudatio,</span> <span class='ocrx_word' id='word_1_1041' title='bbox 2551 5022 2724 5096; x_wconf 89' lang='lat' dir='ltr'>furta,</span> <span class='ocrx_word' id='word_1_1042' title='bbox 2757 5028 2871 5091; x_wconf 83' lang='lat' dir='ltr'>perj</span> <span class='ocrx_word' id='word_1_1043' title='bbox 2887 5029 3020 5091; x_wconf 76' lang='lat' dir='ltr'>aria,</span> <span class='ocrx_word' id='word_1_1044' title='bbox 3047 5022 3400 5096; x_wconf 65' lang='lat' dir='ltr'>turpisiucri</span> 
     </span>
    </p>
   </div>
   <div class='ocr_carea' id='block_1_141' title="bbox 1793 5094 3398 5172">
    <p class='ocr_par' dir='ltr' id='par_1_141' title="bbox 1793 5094 3398 5172">
     <span class='ocr_line' id='line_1_142' title="bbox 1793 5094 3398 5172; baseline -0.003 -13"><span class='ocrx_word' id='word_1_1045' title='bbox 1793 5104 2099 5172; x_wconf 88' lang='lat' dir='ltr'>appetitus,</span> <span class='ocrx_word' id='word_1_1046' title='bbox 2128 5099 2267 5172; x_wconf 80' lang='lat' dir='ltr'>falsa</span> <span class='ocrx_word' id='word_1_1047' title='bbox 2294 5094 2639 5172; x_wconf 78' lang='lat' dir='ltr'>testimonia,</span> <span class='ocrx_word' id='word_1_1048' title='bbox 2666 5096 2974 5172; x_wconf 70' lang='lat' dir='ltr'>violentias,</span> <span class='ocrx_word' id='word_1_1049' title='bbox 3002 5094 3398 5158; x_wconf 79' lang='lat' dir='ltr'>inhumanitas</span> 
     </span>
    </p>
   </div>
   <div class='ocr_carea' id='block_1_142' title="bbox 1793 5166 3398 5240">
    <p class='ocr_par' dir='ltr' id='par_1_142' title="bbox 1793 5166 3398 5240">
     <span class='ocr_line' id='line_1_143' title="bbox 1793 5166 3398 5240; baseline -0.001 -11"><span class='ocrx_word' id='word_1_1050' title='bbox 1793 5166 1966 5240; x_wconf 75' lang='lat' dir='ltr'>atque</span> <span class='ocrx_word' id='word_1_1051' title='bbox 1999 5168 2297 5235; x_wconf 88' lang='lat' dir='ltr'>rapacitas.</span> <span class='ocrx_word' id='word_1_1052' title='bbox 2341 5169 2421 5217; x_wconf 88' lang='lat' dir='ltr'>De</span> <span class='ocrx_word' id='word_1_1053' title='bbox 2458 5166 2544 5217; x_wconf 88' lang='lat' dir='ltr'>ira</span> <span class='ocrx_word' id='word_1_1054' title='bbox 2578 5166 2904 5233; x_wconf 88' lang='lat' dir='ltr'>homicidia,</span> <span class='ocrx_word' id='word_1_1055' title='bbox 2931 5173 3144 5225; x_wconf 88' lang='lat' dir='ltr'>clamor</span> <span class='ocrx_word' id='word_1_1056' title='bbox 3167 5180 3224 5227; x_wconf 89' lang='lat' dir='ltr'>et</span> <span class='ocrx_word' id='word_1_1057' title='bbox 3246 5177 3398 5227; x_wconf 90' lang='lat' dir='ltr'>indi-</span> 
     </span>
    </p>
   </div>
   <div class='ocr_carea' id='block_1_143' title="bbox 1794 5240 3398 5312">
    <p class='ocr_par' dir='ltr' id='par_1_143' title="bbox 1794 5240 3398 5312">
     <span class='ocr_line' id='line_1_144' title="bbox 1794 5240 3398 5312; baseline -0.001 -13"><span class='ocrx_word' id='word_1_1058' title='bbox 1794 5247 2009 5312; x_wconf 82' lang='lat' dir='ltr'>gnatio.</span> <span class='ocrx_word' id='word_1_1059' title='bbox 2027 5247 2109 5295; x_wconf 87' lang='lat' dir='ltr'>De</span> <span class='ocrx_word' id='word_1_1060' title='bbox 2124 5240 2352 5292; x_wconf 87' lang='lat' dir='ltr'>tristitia</span> <span class='ocrx_word' id='word_1_1061' title='bbox 2369 5251 2589 5312; x_wconf 79' lang='lat' dir='ltr'>rancor,</span> <span class='ocrx_word' id='word_1_1062' title='bbox 2605 5240 3061 5312; x_wconf 88' lang='lat' dir='ltr'>pusillanimitas,</span> <span class='ocrx_word' id='word_1_1063' title='bbox 3078 5247 3398 5298; x_wconf 86' lang='lat' dir='ltr'>amaritudo</span> 
     </span>
    </p>
   </div>
   <div class='ocr_carea' id='block_1_144' title="bbox 1796 5311 3401 5383">
    <p class='ocr_par' dir='ltr' id='par_1_144' title="bbox 1796 5311 3401 5383">
     <span class='ocr_line' id='line_1_145' title="bbox 1796 5311 3401 5383; baseline -0.001 -13"><span class='ocrx_word' id='word_1_1064' title='bbox 1796 5311 2134 5383; x_wconf 84' lang='lat' dir='ltr'>desperatio.</span> <span class='ocrx_word' id='word_1_1065' title='bbox 2150 5314 2229 5363; x_wconf 90' lang='lat' dir='ltr'>De</span> <span class='ocrx_word' id='word_1_1066' title='bbox 2253 5311 2447 5363; x_wconf 88' lang='lat' dir='ltr'>acedia</span> <span class='ocrx_word' id='word_1_1067' title='bbox 2471 5311 2757 5376; x_wconf 90' lang='lat' dir='ltr'>ociositas,</span> <span class='ocrx_word' id='word_1_1068' title='bbox 2776 5316 3180 5379; x_wconf 90' lang='lat' dir='ltr'>somnolentia,</span> <span class='ocrx_word' id='word_1_1069' title='bbox 3196 5318 3401 5382; x_wconf 90' lang='lat' dir='ltr'>impor-</span> 
     </span>
    </p>
   </div>
   <div class='ocr_carea' id='block_1_145' title="bbox 1798 5383 3399 5453">
    <p class='ocr_par' dir='ltr' id='par_1_145' title="bbox 1798 5383 3399 5453">
     <span class='ocr_line' id='line_1_146' title="bbox 1798 5383 3399 5453; baseline -0.002 -11"><span class='ocrx_word' id='word_1_1070' title='bbox 1798 5391 2033 5453; x_wconf 87' lang='lat' dir='ltr'>tunitas,</span> <span class='ocrx_word' id='word_1_1071' title='bbox 2052 5383 2409 5448; x_wconf 90' lang='lat' dir='ltr'>inquietudo,</span> <span class='ocrx_word' id='word_1_1072' title='bbox 2427 5384 2842 5448; x_wconf 67' lang='lat' dir='ltr'>praevaricatio,</span> <span class='ocrx_word' id='word_1_1073' title='bbox 2856 5385 3203 5438; x_wconf 87' lang='lat' dir='ltr'>instabilitas</span> <span class='ocrx_word' id='word_1_1074' title='bbox 3216 5391 3399 5438; x_wconf 88' lang='lat' dir='ltr'>mentis</span> 
     </span>
    </p>
   </div>
   <div class='ocr_carea' id='block_1_146' title="bbox 1797 5454 3400 5522">
    <p class='ocr_par' dir='ltr' id='par_1_146' title="bbox 1797 5454 3400 5522">
     <span class='ocr_line' id='line_1_147' title="bbox 1797 5454 3400 5522; baseline -0.003 -8"><span class='ocrx_word' id='word_1_1075' title='bbox 1797 5467 1854 5514; x_wconf 92' lang='lat' dir='ltr'>et</span> <span class='ocrx_word' id='word_1_1076' title='bbox 1879 5458 2149 5522; x_wconf 87' lang='lat' dir='ltr'>corporis,</span> <span class='ocrx_word' id='word_1_1077' title='bbox 2175 5454 2498 5507; x_wconf 88' lang='lat' dir='ltr'>verbositas</span> <span class='ocrx_word' id='word_1_1078' title='bbox 2523 5459 2582 5505; x_wconf 88' lang='lat' dir='ltr'>et</span> <span class='ocrx_word' id='word_1_1079' title='bbox 2606 5455 2930 5507; x_wconf 89' lang='lat' dir='ltr'>curiositas.</span> <span class='ocrx_word' id='word_1_1080' title='bbox 2950 5459 3032 5509; x_wconf 90' lang='lat' dir='ltr'>De</span> <span class='ocrx_word' id='word_1_1081' title='bbox 3057 5458 3400 5509; x_wconf 77' lang='lat' dir='ltr'>&quot;xenodochia</span> 
     </span>
    </p>
   </div>
   <div class='ocr_carea' id='block_1_147' title="bbox 1798 5526 3405 5592">
    <p class='ocr_par' dir='ltr' id='par_1_147' title="bbox 1798 5526 3405 5592">
     <span class='ocr_line' id='line_1_148' title="bbox 1798 5526 3405 5592; baseline -0.001 -7"><span class='ocrx_word' id='word_1_1082' title='bbox 1798 5531 2215 5588; x_wconf 87' lang='lat' dir='ltr'>contentiones,</span> <span class='ocrx_word' id='word_1_1083' title='bbox 2234 5528 2507 5589; x_wconf 79' lang='lat' dir='ltr'>haereses,</span> <span class='ocrx_word' id='word_1_1084' title='bbox 2521 5526 2797 5588; x_wconf 75' lang='lat' dir='ltr'>iactantia</span> <span class='ocrx_word' id='word_1_1085' title='bbox 2807 5539 2873 5579; x_wconf 89' lang='lat' dir='ltr'>ac</span> <span class='ocrx_word' id='word_1_1086' title='bbox 2889 5530 3227 5592; x_wconf 64' lang='lat' dir='ltr'>prassumtio</span> <span class='ocrx_word' id='word_1_1087' title='bbox 3241 5531 3405 5585; x_wconf 88' lang='lat' dir='ltr'>novi-</span> 
     </span>
    </p>
   </div>
   <div class='ocr_carea' id='block_1_148' title="bbox 1800 5653 3405 5725">
    <p class='ocr_par' dir='ltr' id='par_1_148' title="bbox 1800 5653 3405 5725">
     <span class='ocr_line' id='line_1_149' title="bbox 1800 5653 3405 5725; baseline -0.004 -13"><span class='ocrx_word' id='word_1_1088' title='bbox 1800 5658 2013 5711; x_wconf 67' lang='lat' dir='ltr'>Grmcis</span> <span class='ocrx_word' id='word_1_1089' title='bbox 2035 5653 2240 5707; x_wconf 88' lang='lat' dir='ltr'>litteris</span> <span class='ocrx_word' id='word_1_1090' title='bbox 2258 5655 2527 5725; x_wconf 58' lang='grc' dir='ltr'>κεγοδοξίᾳ,</span> <span class='ocrx_word' id='word_1_1091' title='bbox 2544 5653 2698 5716; x_wconf 91' lang='lat' dir='ltr'>quod</span> <span class='ocrx_word' id='word_1_1092' title='bbox 2717 5658 2824 5716; x_wconf 90' lang='lat' dir='ltr'>est,</span> <span class='ocrx_word' id='word_1_1093' title='bbox 2847 5654 3013 5704; x_wconf 72' lang='lat' dir='ltr'>inani</span> <span class='ocrx_word' id='word_1_1094' title='bbox 3022 5653 3216 5719; x_wconf 77' lang='lat' dir='ltr'>gloria.</span> <span class='ocrx_word' id='word_1_1095' title='bbox 3231 5656 3405 5710; x_wconf 83' lang='lat' dir='ltr'>Vero-</span> 
     </span>
    </p>
   </div>
   <div class='ocr_carea' id='block_1_149' title="bbox 1801 5724 3405 5793">
    <p class='ocr_par' dir='ltr' id='par_1_149' title="bbox 1801 5724 3405 5793">
     <span class='ocr_line' id='line_1_150' title="bbox 1801 5724 3405 5793; baseline -0.001 -11"><span class='ocrx_word' id='word_1_1096' title='bbox 1801 5730 1986 5782; x_wconf 89' lang='lat' dir='ltr'>simile</span> <span class='ocrx_word' id='word_1_1097' title='bbox 2001 5732 2092 5780; x_wconf 89' lang='lat' dir='ltr'>est</span> <span class='ocrx_word' id='word_1_1098' title='bbox 2114 5725 2308 5789; x_wconf 90' lang='lat' dir='ltr'>etiam,</span> <span class='ocrx_word' id='word_1_1099' title='bbox 2331 5724 2735 5789; x_wconf 72' lang='lat' dir='ltr'>huncquoque</span> <span class='ocrx_word' id='word_1_1100' title='bbox 2764 5725 2907 5778; x_wconf 88' lang='lat' dir='ltr'>satis</span> <span class='ocrx_word' id='word_1_1101' title='bbox 2929 5726 3161 5792; x_wconf 82' lang='lat' dir='ltr'>longam</span> <span class='ocrx_word' id='word_1_1102' title='bbox 3184 5727 3405 5793; x_wconf 80' lang='lat' dir='ltr'>pericu-</span> 
     </span>
    </p>
   </div>
   <div class='ocr_carea' id='block_1_150' title="bbox 173 5887 3149 5954">
    <p class='ocr_par' dir='ltr' id='par_1_150' title="bbox 173 5887 3149 5954">
     <span class='ocr_line' id='line_1_151' title="bbox 173 5887 3149 5954; baseline 0.001 -18"><span class='ocrx_word' id='word_1_1103' title='bbox 173 5892 204 5923; x_wconf 65' lang='grc' dir='ltr'><strong><em>π*</em></strong></span> <span class='ocrx_word' id='word_1_1104' title='bbox 236 5887 313 5936; x_wconf 84' lang='lat' dir='ltr'>Sic</span> <span class='ocrx_word' id='word_1_1105' title='bbox 335 5888 483 5936; x_wconf 85' lang='lat' dir='ltr'>habet</span> <span class='ocrx_word' id='word_1_1106' title='bbox 504 5887 656 5937; x_wconf 88' lang='lat' dir='ltr'>editio</span> <span class='ocrx_word' id='word_1_1107' title='bbox 679 5888 1008 5948; x_wconf 83' lang='lat' dir='ltr'>Vallarsiana,</span> <span class='ocrx_word' id='word_1_1108' title='bbox 1034 5888 1236 5938; x_wconf 84' lang='lat' dir='ltr'>omissis</span> <span class='ocrx_word' id='word_1_1109' title='bbox 1262 5890 1500 5938; x_wconf 90' lang='lat' dir='ltr'>foliorum</span> <span class='ocrx_word' id='word_1_1110' title='bbox 1524 5891 1752 5942; x_wconf 87' lang='lat' dir='ltr'>numeris</span> <span class='ocrx_word' id='word_1_1111' title='bbox 1772 5894 1881 5954; x_wconf 85' lang='lat'>209,</span> <span class='ocrx_word' id='word_1_1112' title='bbox 1912 5894 2023 5953; x_wconf 88' lang='lat' dir='ltr'>2f0,</span> <span class='ocrx_word' id='word_1_1113' title='bbox 2053 5891 2243 5949; x_wconf 88' lang='lat' dir='ltr'>absque</span> <span class='ocrx_word' id='word_1_1114' title='bbox 2264 5888 2368 5937; x_wconf 88' lang='lat' dir='ltr'>ulla</span> <span class='ocrx_word' id='word_1_1115' title='bbox 2403 5891 2563 5937; x_wconf 84' lang='lat' dir='ltr'>textus</span> <span class='ocrx_word' id='word_1_1116' title='bbox 2587 5888 2981 5937; x_wconf 86' lang='lat' dir='ltr'>intermissione.</span> <span class='ocrx_word' id='word_1_1117' title='bbox 3006 5892 3149 5939; x_wconf 79' lang='lat' dir='ltr'>Eutr.</span> 
     </span>
    </p>
   </div>
  </div>
