3908 6232
581 410 685 465 815

1653 407 1913 458 RUFINO
1946 408 2408 460 PRESBYTERO
2445 409 2823 459 ASCRIP’I‘US
3804 406 3848 455 Si

582 517 1170 595 tatum.De_superbia
1186 521 1533 595 contem‘tus,
1547 516 1779 595 invidia,
1792 516 2177 595 inobedientia
2202 524 2257 595 Α
2278 518 2337 595 in
2360 532 2495 570 arcu
2520 531 2626 595 suo
2645 523 2853 595 sperat,
2877 518 2978 595 qui
3001 519 3065 569 in
3089 531 3285 570 sensu
3311 516 3589 595 conligi-it,
3606 522 3662 565 et
3676 517 3869 593 prndio

581 591 952 656 blasphemia,
972 589 1367 645 murmuratio,
1395 587 1687 647 detractio,
1705 587 1928 650 aliaque
1958 591 2176 649 plurima

583 664 805 715 similia.
838 666 978 723 Quae
1002 673 1137 711 cum
1164 661 1279 710 sint
1302 660 1483 709 multo
1507 659 1740 722 majoris
1758 660 1981 709 numeri
2019 659 2069 725 2
2086 658 2105 725 |
2122 658 2171 724 2

582 747 758 799 quam
782 733 1044 795 virtutes,
1062 730 1304 782 devictis
1322 736 1515 781 tamen
1536 730 1647 780 illis
1662 734 1881 793 septem
1904 730 2175 794 princrpa-

580 806 732 856 libus
755 804 928 865 vitiis,
946 815 1018 852 ex
1044 813 1291 864 quorum
1309 800 1628 851 naturaista
1645 802 1979 863 procedunt,
2004 814 2177 849 omnes

581 876 842 940 protinus
866 874 1299 935 conquiescunt,
1324 884 1392 922 ac
1422 873 1695 934 perpetua
1710 871 1916 934 pariter
1936 872 2179 923 interne-

582 950 743 1000 cione
765 946 1046 997 delentur.
1079 943 1243 1003 Quod
1267 948 1461 993 autem
1486 942 1579 993 has
1594 947 1787 1006 pestes
1812 943 1982 993 etiam
2011 944 2179 993 robu-

583 1019 787 1070 stiores
822 1017 955 1078 sint,
974 1012 1273 1065 manifeste
1296 1017 1521 1064 natura;
1537 1016 1720 1077 ipsius
1744 1014 2177 1077 impugnatione

582 1090 882 1142 sentimus.
908 1086 1141 1136 Fortius
1169 1084 1321 1136 enim
1351 1085 1559 1135 militat
1583 1085 1642 1134 in
1670 1086 1943 1135 membris
1962 1086 2177 1137 nostris

584 1162 755 1224 (Rom.
779 1158 863 1220 (7.)
900 1154 1225 1209 oblecttatio
1261 1154 1576 1206 carnalium
1609 1157 1963 1218 passionum,
2002 1150 2178 1219 quam

583 1230 778 1283 studia
800 1229 1102 1291 virtutum,
1135 1238 1266 1289 quae
1289 1238 1405 1276 non
1433 1226 1547 1277 nisi
1574 1238 1806 1276 summa
1838 1227 2177 1278 contritione

584 1302 770 1354 cordis
803 1305 861 1352 et
896 1299 1143 1363 corporis
1166 1297 1564 1361 acquiruntur.
1590 1298 1750 1358 Quod
1776 1310 1913 1349 vero
1937 1298 2178 1349 istarum

581 1371 1029 1436 perniciosarum
1044 1368 1306 1432 gentium
1324 1366 1585 1430 regiones
1603 1367 1905 1418 salubriter
1927 1371 2178 1428 possidere

581 1442 967 1506 prmcipimur,
992 1441 1074 1490 ita
1097 1439 1448 1501 intelligitur.
1467 1438 1654 1489 Habet
1676 1438 1831 1487 enim
1857 1442 2179 1499 unumquod-

582 1526 695 1577 que
710 1514 916 1566 vitium
935 1511 995 1561 in
1016 1509 1186 1561 corde
1200 1515 1397 1561 nostro
1420 1509 1703 1573 propriam
1729 1509 2032 1561 stationem
2052 1527 2062 1557 :
2079 1511 2179 1561 sed

581 1598 715 1638 cum
732 1583 927 1636 Israeli
940 1579 1169 1646 populo,
1192 1580 1249 1630 id
1273 1584 1379 1643 est,
1399 1580 1709 1632 virtutibus
1722 1586 1920 1633 contra
1936 1594 1998 1631 se
2022 1583 2178 1629 dimi-

581 1658 849 1711 cantibus
864 1654 1079 1705 fuerint
1095 1652 1237 1703 vitia
1260 1656 1549 1716 superata,
1572 1652 1762 1703 locum
1793 1666 1965 1717 quem
1989 1653 2098 1703 sibi
2122 1653 2181 1704 in

580 1730 750 1782 corde
772 1731 971 1779 nostro
998 1723 1483 1787 concupiscentia:
1504 1724 1596 1774 vel
1621 1724 2007 1776 fornicationis
2022 1726 2179 1788 spiri-

580 1806 675 1854 tus
689 1796 1267 1859 retinebat,deinceps
1284 1795 1523 1845 castitas
1540 1796 1833 1846 obtinebit.
1849 1799 2031 1857 Quem
2041 1797 2180 1844 furor

580 1875 847 1936 cmperat,
868 1867 1139 1933 patientia
1160 1866 1487 1936 vindicabit.
1505 1868 1686 1927 Quem
1706 1869 1951 1929 tristitia,
1965 1876 2176 1917 mortem

2279 589 2374 640 tite
2399 602 2523 641 suae
2539 590 2817 640 innititur.
2838 589 3003 641 Unde
3020 593 3322 652 scriptum
3335 592 3456 648 est,
3474 588 3585 637 Vae
3600 587 3697 649 qui
3712 603 3868 646 sar-1r;-

2279 664 2364 710 tes
2388 661 2529 710 estis
2552 660 2612 710 in
2641 660 2823 711 oculis
2858 660 3088 723 vestris,
3125 665 3189 711 et
3222 672 3436 710 coram
3473 658 3866 720 vobismeti;:-.~

2274 730 2586 794 prudentes
2613 731 2757 794 (Isai.
2775 730 2866 792 5.).
2885 732 3010 791 Quo
3037 736 3253 781 contra
3270 729 3563 781 Salomon
3586 741 3693 779 nos
3713 730 3867 779 adm-

2275 806 2390 863 net,
2423 801 2649 852 dicens:
2675 802 2833 852 Habe
2862 800 3139 852 fiduciam
3167 802 3229 851 in
3256 801 3531 851 Domino
3550 813 3623 850 ex
3641 804 3753 851 toto
3764 806 3864 847 cert

2274 875 2392 929 tuo,
2429 878 2487 924 et
2522 886 2597 924 ne
2638 873 2898 923 innitaris
2921 873 3254 936 prudentia:
3285 879 3413 923 tua:
3449 872 3635 936 (Prov.
3658 872 3755 932 3.).
3780 873 3863 922 δεῖ

2275 950 2467 1009 sperat
2489 958 2622 1008 ergo
2640 946 2701 995 in
2723 956 2859 995 arcu
2884 957 3008 1006 suo,
3031 944 3131 1007 qui
3158 944 3223 995 in
3248 956 3447 995 sensu
3474 955 3590 993 suo
3612 947 3667 992 et
3693 944 3747 992 in
3768 958 3865 1006 pri.-

2275 1016 2469 1067 dentia
2493 1028 2598 1066 sua
2625 1028 2743 1066 non
2775 1014 3027 1066 confidit.
3056 1015 3125 1063 Et
3142 1014 3379 1078 gladius
3404 1029 3587 1077 meus,
3614 1013 3671 1063 id
3691 1020 3789 1071 est,
3807 1027 3868 1063 ar-

2275 1089 2499 1138 matura
2532 1098 2682 1149 mea,
2705 1086 2978 1137 fortitudo
2999 1098 3153 1149 mea,
3171 1100 3289 1133 non
3312 1085 3565 1133 salvabit
3592 1100 3689 1134 me.
3711 1088 3867 1145 Quen

2274 1158 2587 1210 admodum
2609 1162 2667 1208 et
2680 1162 2871 1221 patres
2887 1158 3072 1208 nostri
3087 1169 3209 1207 non
3224 1159 3378 1207 sunt
3392 1156 3461 1205 in
3484 1154 3685 1219 gladio
3714 1159 3859 1203 saltat.

2275 1232 2415 1282 Haec
2439 1232 2575 1280 sunt
2596 1228 2730 1291 duo,
2755 1228 2816 1278 in
2846 1228 3063 1291 quibus
3086 1226 3262 1279 valde
3288 1227 3623 1278 conﬁdunt
3649 1226 3861 1278 homine

2277 1298 2476 1351 saeculi
2507 1316 2519 1347 :
2556 1298 2617 1349 in
2653 1299 2962 1349 calliditate
2994 1299 3246 1362 propria,
3283 1302 3345 1348 et
3382 1299 3638 1349 virtute.
3664 1299 3762 1349 Sed
3792 1311 3859 1347 lS'a:

2276 1376 2458 1423 totam
2504 1369 2889 1423 salvationem
2935 1382 3106 1420 suam
3140 1371 3201 1420 in
3239 1371 3368 1421 Deo
3405 1371 3742 1433 constituit,
3769 1384 3859 1420 cu;

2278 1441 2581 1505 subjungit
2607 1456 2620 1491 :

2338 1513 2389 1568 8.
2418 1513 2651 1563 Salvasti
2667 1513 2813 1561 enim
2842 1527 2939 1561 nos
2977 1512 3041 1560 de
3070 1511 3460 1576 afﬂigentibus
3499 1528 3628 1562 nos.
3660 1515 3866 1564 Praeteri-

2278 1591 2404 1637 tum
2428 1584 2588 1648 ponit
2615 1597 2716 1647 pro
2740 1584 2956 1635 futuro.
2985 1584 3141 1635 Usus
3163 1584 3325 1634 enim
3346 1583 3771 1647 prophetarum
3790 1594 3866 1635 es.

2279 1657 2361 1707 sic
2373 1655 2645 1719 quaedam
2671 1654 2940 1718 praescire
2952 1654 3168 1715 futura,
3194 1660 3255 1706 et
3282 1659 3412 1705 tam
3437 1659 3610 1705 certa
3633 1655 3865 1706 haberes:

2278 1728 2327 1778 si
2332 1731 2453 1791 jam
2478 1728 2595 1777 sint
2616 1726 2924 1789 praeterita.
2952 1728 3037 1776 Ac
3062 1727 3110 1776 si
3134 1726 3357 1778 diceret
3385 1741 3399 1775 :
3426 1727 3704 1778 Salvabis
3725 1739 3864 1776 nosm

2277 1800 2472 1850 futuro
2495 1798 2568 1849 ab
2593 1797 2685 1848 his
2710 1799 2809 1861 qui
2826 1797 2998 1848 modo
3022 1803 3258 1861 propter
3284 1802 3342 1849 te
3369 1798 3661 1860 afﬂigunt
3682 1811 3793 1848 nos.
3821 1798 3861 1843 fa

2278 1871 2510 1919 odienles
2544 1884 2641 1917 nos
2674 1868 2985 1930 confudisti,
3010 1869 3069 1918 id
3094 1874 3184 1919 est
3206 1874 3679 1932 perseverantes
3698 1870 3752 1919 in
3773 1868 3858 1917 ait:

579 1935 881 2019 operando,
922 1940 1318 2019 occupaverat,
1359 1935 1628 2019 salutaris
1669 1939 1924 2019 et.plena
1964 1938 2174 2018 gaudio
2199 1946 2253 2019 B
2280 1939 2838 2019 nostro_confundes,
2864 1941 2922 1991 et
2944 1940 3292 2019 erubescere
3316 1940 3533 2001 facies,
3552 1940 3859 1992 ostendenti:

578 2015 775 2067 laatitia
802 2011 1137 2077 possidebit.
1164 2012 1344 2072 Quem
1360 2009 1557 2059 acedia
1569 2011 1850 2073 vastabat,
1870 2011 2068 2073 incipit
2083 2023 2177 2060 ex-

578 2089 763 2138 colere
793 2082 1109 2135 humilitas.
1140 2082 1209 2131 Et
1231 2082 1310 2131 ita
1343 2080 1583 2144 singulis
1608 2081 1764 2131 vitiis
1788 2082 2058 2145 expulsis,
2086 2094 2182 2133 eo—

579 2171 707 2210 rum
723 2158 867 2218 loca,
885 2154 943 2205 id
955 2158 1046 2205 est
1057 2152 1298 2203 affectus
1317 2152 1651 2213 contrarios,
1667 2153 2049 2216 possidebunt
2066 2157 2182 2204 ﬁliii

576 2228 770 2293 Israel,
806 2227 863 2277 id
904 2229 1012 2285 est,
1053 2224 1263 2274 animae
1314 2222 1575 2274 videntes
1618 2225 1817 2274 Deum.
1867 2227 2010 2285 Quia
2045 2240 2181 2290 ergo

579 2301 943 2363 omnipotens
967 2297 1122 2345 Deus
1147 2294 1303 2357 quod
1334 2294 1703 2357 corporaliter
1722 2301 1991 2359 operatus
2016 2300 2181 2349 estin

577 2369 829 2435 antiquis
866 2367 1147 2431 patribus,
1184 2365 1358 2416 etiam
1390 2378 1549 2416 nunc
1572 2368 1791 2429 operari
1814 2368 2183 2431 spiritualiter

577 2456 695 2496 non
737 2443 929 2492 cessat
960 2436 1022 2488 in
1063 2437 1231 2488 nobis
1259 2454 1270 2485 ε
1306 2440 1460 2488 recte
1492 2436 1543 2488 ei
1571 2439 1710 2488 dicit
1745 2439 1998 2490 Ecclesia
2026 2442 2181 2503 quod

580 2512 847 2565 subditur
875 2525 888 2561 :

641 2582 692 2637 5.
742 2583 818 2631 Tu
852 2596 903 2630 es
937 2581 1047 2645 ipse
1075 2594 1175 2629 rex
1212 2592 1360 2628 meus
1396 2582 1443 2627 et
1474 2579 1616 2628 Deus
1644 2594 1810 2629 meus.
1851 2581 1938 2631 Tu
1973 2594 2035 2631 es
2059 2582 2181 2645 ipse

578 2652 1017 2719 (Eat-Augustino)
1043 2664 1162 2702 non
1181 2654 1460 2701 mutatus.
1481 2652 1615 2701 Teui
1622 2663 1759 2714 pora
1778 2656 1999 2703 mutata
2023 2658 2180 2717 sunt,

578 2730 802 2778 Crealor
835 2728 1161 2787 temporum
1196 2735 1315 2773 non
1348 2725 1625 2773 mutatur.
1659 2724 1744 2773 ’l‘u
1780 2734 1872 2774 me
1894 2722 2044 2775 soles
2072 2724 2183 2775 du-

578 2810 726 2855 cere,
756 2797 957 2847 utRex
983 2812 993 2843 :
1024 2800 1087 2845 tu
1102 2794 1243 2844 mihi
1267 2794 1419 2844 soles
1452 2793 1761 2845 subvenire
1792 2799 1855 2845 ut
1878 2796 2053 2846 Deus.
2080 2797 2182 2853 Qui

576 2867 811 2918 mandas
838 2866 1031 2915 salutes
1063 2864 1241 2914 Jacob.
1271 2864 1416 2925 Quid
1440 2869 1541 2927 est,
1569 2865 1674 2923 Qui
1702 2865 1937 2914 mandas
1962 2870 1985 2915 P
2007 2867 2181 2918 etiam

579 2941 629 2991 si
652 2944 716 2990 tu
742 2951 841 3003 per
866 2942 1025 2988 tuam
1048 2948 1285 3000 prorsus
1304 2936 1690 3008 substantiam
1706 2941 1880 3008 atque
1896 2942 2178 3001 naturam,

581 3023 695 3075 qua
713 3022 777 3060 es
810 3007 1084 3073 quicquid
1108 3020 1188 3070 es,
1214 3007 1476 3058 occultus
1511 3018 1574 3057 es
1602 3024 1612 3054 :
1640 3020 1745 3059 nec
1763 3007 1875 3071 per
1896 3008 2005 3060 hoc
2029 3011 2181 3072 quod

581 3096 659 3142 es,
692 3080 1003 3132 interfuisti
1026 3078 1301 3142 patribus,
1339 3082 1403 3128 ut
1438 3077 1581 3129 facie
1613 3078 1685 3129 ad
1711 3078 1911 3131 faciem
1938 3085 1991 3132 te
2023 3081 2183 3133 vide-

582 3156 744 3207 rent:
787 3156 981 3203 tamen
1012 3162 1114 3214 per
1148 3149 1463 3213 quamlibet
1492 3154 1815 3207 creaturam
1846 3155 1909 3202 tu
1939 3153 2182 3203 mandas

584 3225 804 3277 salutes
824 3222 1019 3274 Jacob.
1042 3223 1168 3272 Non
1191 3221 1381 3272 solum
1398 3233 1498 3284 per
1514 3224 1567 3272 te
1581 3222 1739 3284 ades,
1755 3225 1855 3274 sed
1880 3235 1981 3287 per
2002 3239 2185 3284 quam-

2281 2014 2364 2064 eis
2389 2012 2537 2062 mala
2560 2023 2693 2075 qua:
2710 2011 2985 2069 fecerunt,
3013 2011 3229 2061 damna
3252 2012 3565 2062 bonorum
3590 2024 3716 2074 quae
3735 2026 3865 2058 εωέτ

2282 2088 2435 2147 runt,
2462 2095 2664 2147 pcenas
2678 2086 2923 2133 aeternas
2946 2083 3164 2144 quibus
3187 2082 3482 2145 puniendi
3509 2088 3672 2134 sunt.
3698 2082 3864 2142 Oquu

2281 2156 2416 2218 fera,
2442 2167 2617 2218 quam
2652 2154 2796 2204 dura
2832 2154 3096 2204 confusio
3126 2154 3238 2205 erit
3270 2154 3358 2203 eis
3396 2155 3632 2217 quibus
3654 2155 3867 2204 decitur:

2281 2230 2468 2278 Amen
2501 2225 2627 2275 dico
2651 2226 2834 2283 vobis,
2871 2225 3069 2275 nescio
3095 2238 3224 2288 vos.
3248 2227 3337 2288 Et,
3366 2228 3476 2285 Ite,
3515 2225 3812 2283 maledicti,
3832 2226 3868 2273 1:.

2279 2299 2473 2363 ignem
2498 2301 2779 2348 aeternum
2808 2281 3020 2357 (Matth.
3035 2294 3104 2349 ‘25
3116 2297 3145 2358 .)
3157 2281 3191 2345 .‘

2343 2370 2393 2423 9.
2421 2369 2685 2421 Confusis
2718 2367 2985 2427 inimicis,
3022 2370 3086 2416 In
3119 2369 3228 2417 Deo
3261 2367 3639 2417 laudabimur
3668 2374 3777 2416 tota
3798 2368 3856 2415 de

2282 2443 2444 2492 Tunc
2478 2442 2585 2492 erit
2607 2452 2762 2490 unus
2792 2438 2935 2503 dies,
2965 2452 3081 2489 una
3115 2440 3440 2491 aeternitas.
3462 2441 3633 2490 Tunc
3656 2440 3779 2491 laus
3799 2448 3870 2488 et:

2279 2513 2592 2575 unicuique
2612 2524 2645 2563 a
2660 2513 2792 2562 Deo.
2811 2510 3207 2562 Laudabimus
3227 2511 3689 2562 etlaudabimur
3705 2529 3718 2561 :
3736 2524 3829 2561 nos
3844 2526 3871 2556 .2

2283 2589 2357 2645 te,
2374 2588 2431 2634 et
2457 2588 2518 2633 tu
2539 2583 2600 2633 in
2621 2584 2809 2645 nobis,
2830 2581 2899 2629 Et
2918 2581 2977 2629 in
2995 2582 3222 2630 nomine
3248 2587 3361 2643 tuo,
3391 2582 3453 2632 id
3479 2587 3592 2644 est,
3619 2583 3696 2633 ad
3732 2582 3874 2632 hono-

2280 2668 2402 2707 rem
2424 2654 2677 2706 nominis
2703 2654 2805 2714 tui,
2839 2652 3234 2714 Conﬁtebimur
3259 2652 3355 2700 tibi
3381 2654 3446 2701 in
3457 2654 3750 2703 secutum:
3773 2654 3872 2715 qui;

2283 2726 2561 2790 scriptum
2585 2729 2698 2777 est:
2725 2724 2884 2775 Beati
2904 2726 3003 2788 qui
3029 2724 3301 2775 habitant
3323 2737 3387 2775 in
3414 2724 3598 2776 domo
3627 2732 3745 2783 tua,
3762 2729 3869 2772 Deus.

2281 2798 2342 2848 in
2367 2798 2647 2849 saeculum
2672 2794 2871 2847 saeculi
2892 2794 3219 2846 laudabunt
3236 2800 3293 2847 te
3316 2795 3493 2858 (Psal.
3520 2796 3795 2857 83.).Haec
3818 2798 3871 2845 iu-

2280 2873 2411 2919 tura
2452 2868 2533 2918 sic
2564 2872 2718 2918 certa
2762 2870 2902 2917 sunt
2941 2867 3132 2927 nobis,
3158 2866 3461 2929 quomodo
3490 2867 3593 2918 illa
3616 2870 3869 2932 praetenta

2282 2951 2415 3004 quae
2436 2937 2766 2990 audivimus
2789 2949 2825 2988 a
2846 2936 3111 3001 patribus
3126 2938 3365 2989 nostris.
3385 2938 3501 2989 Sed
3527 2940 3675 3001 quid
3698 2941 3840 2990 modo
3855 2942 3868 2959 ⁴

2345 3010 2432 3063 10.
2458 3009 2620 3058 Nunc
2646 3013 2827 3057 autem
2850 3008 3116 3072 repulisti,
3141 3008 3201 3059 id
3227 3014 3334 3068 est,
3368 3009 3596 3060 videris
3622 3012 3864 3074 repulus:

2282 3093 2382 3145 per
2418 3080 2546 3139 hoc,
2586 3079 2740 3142 quod
2778 3079 2836 3130 in
2876 3079 3147 3143 praesenti
3181 3095 3281 3128 nos
3317 3081 3621 3144 permittis
3646 3084 3809 3145 affligi
3838 3089 3867 3126 η

2282 3151 2579 3213 confudisti
2603 3166 2718 3213 nos,
2744 3162 2863 3201 non
2878 3151 2939 3200 in
2962 3149 3323 3202 conscientia
3341 3159 3577 3211 nostra,
3599 3153 3866 3205 sedmscie

2283 3222 2602 3284 hominum,
2630 3227 2675 3270 et
2698 3236 2811 3270 non
2835 3221 3123 3285 egredieris
3145 3223 3210 3270 in
3225 3223 3525 3272 virtutibus
3544 3227 3759 3276 nostris.
3776 3227 3870 3275 Pro-

584 3308 835 3383 cumque
850 3298 1179 3383 creaturam
1204 3292 1453 3383 affueris,
1479 3296 1540 3344 tu
1563 3296 1823 3383 mandas,
1858 3301 1924 3346 ut
1946 3296 2046 3348 fiat
2072 3296 2183 3348 hoc
2212 3308 2262 3383 ρ
2290 3294 2549 3383 cedimAus
2571 3293 2645 3343 ad
2668 3292 3214 3383 inimicos-‘nostros,
3256 3298 3315 3344 et
3331 3297 3754 3383 ltumobiscum
3788 3308 3869 3345 ne;

582 3381 684 3433 pro
719 3368 905 3418 salute
930 3376 1231 3417 servorum
1255 3369 1505 3426 tuorum,
1532 3365 1686 3427 quod
1720 3366 1937 3417 faciunt
1969 3370 2184 3430 quibus

585 3437 846 3489 mandas.
882 3437 958 3484 Tu
1000 3450 1051 3483 es
1082 3435 1211 3499 ipse,
1238 3434 1448 3497 inquit,
1478 3446 1578 3497 per
1602 3448 1774 3497 quem
1801 3443 1990 3499 patres
2011 3439 2194 3489 nostri

584 3508 852 3560 inimicos
883 3518 1021 3556 suos
1046 3504 1485 3567 destruxerunt,
1524 3520 1621 3553 rex
1660 3521 1824 3569 meus,
1864 3520 2071 3572 regens
2100 3524 2194 3562 me

588 3577 957 3645 spiritualiter
987 3576 1314 3625 secundum
1345 3578 1524 3625 bonos
1544 3588 1734 3628 mores
1760 3583 1816 3629 et
1844 3579 2105 3645 virtutes,
2130 3587 2196 3633 ut

582 3654 707 3715 jam
727 3661 842 3699 non
864 3647 1193 3697 dominetur
1222 3645 1364 3695 mihi
1388 3645 1673 3709 diabolus,
1698 3660 1804 3699 nec
1829 3649 1967 3701 vitia
1992 3667 2003 3701 :
2033 3667 2197 3714 neque

590 3726 791 3785 regnet
811 3720 1111 3783 peccatum
1140 3718 1201 3767 in
1234 3729 1363 3767 meo
1383 3718 1608 3767 mortali
1637 3731 1871 3782 corpore
1898 3723 2065 3784 (liam.
2103 3726 2194 3787 6.).

590 3794 657 3843 Et
695 3793 832 3841 Deus
864 3804 1032 3851 meus,
1069 3787 1208 3850 quia
1243 3792 1297 3839 te
1332 3790 1527 3849 adoro,
1569 3793 1622 3839 te
1658 3788 1801 3851 colo,
1826 3794 1922 3854 qui
1959 3796 2197 3845 mandas

590 3863 785 3915 salutes
815 3858 997 3920 Jacob,
1022 3858 1077 3908 id
1103 3863 1209 3920 est,
1245 3859 1344 3921 qui
1380 3871 1480 3921 per
1507 3860 1775 3911 salutaria
1798 3865 2069 3916 mandata
2101 3872 2199 3919 tua

591 3934 782 3987 salvas
794 3944 892 3982 eos
914 3930 1015 3993 qui
1038 3930 1331 3981 luctantur
1354 3933 1409 3980 et
1434 3928 1575 3981 vitia
1599 3932 1989 3996 supplantant.
2019 3939 2198 3990 Jacob

592 4008 748 4062 enim
770 4004 1151 4069 supplantator
1173 4006 1597 4066 interpretatur.
1612 4006 1731 4056 Ista
1739 4009 2028 4069 praeterita
2040 4018 2198 4065 sunt:

594 4085 665 4135 de
689 4079 880 4130 futuro
912 4074 1050 4139 quid
1068 4074 1217 4125 erit?

656 4153 707 4208 6.
740 4151 805 4200 In
831 4154 874 4198 te
906 4146 1159 4197 inimicos
1189 4152 1394 4197 nostros
1434 4147 1810 4200 ventitabimus
1845 4168 2032 4208 cornu.
2059 4160 2126 4209 In
2150 4163 2205 4213 te

594 4237 773 4280 cornu
796 4219 1083 4294 nostro,_id
1110 4223 1219 4283 est,
1232 4219 1565 4294 fortitudine
1588 4226 1646 4273 et
1661 4222 1997 4279 defensione
2010 4240 2202 4294 nostra,

594 4293 992 4355 vcntitabimus,
1015 4291 1074 4342 id
1095 4295 1183 4342 est
1208 4291 1575 4355 projiciemus
1600 4297 1657 4344 et
1680 4293 2083 4361 dispergemus
2106 4291 2209 4354 ini;

595 4371 777 4423 micos
799 4370 1054 4429 nostros,
1077 4368 1195 4436 tam
1213 4363 1470 4436 carnales
1488 4378 1661 4436 quam
1686 4367 2044 4429 spirituales:
2071 4380 2205 4436 quod

598 4444 694 4496 flet
725 4441 786 4492 in
802 4437 1039 4503 judicio,
1065 4435 1159 4486 ubi
1180 4435 1366 4487 sancti
1387 4435 1622 4499 perfecti
1651 4437 1757 4489 viri
1781 4435 2099 4503 judicando
2120 4461 2208 4501 se-

599 4513 883 4580 parabunt
900 4507 1083 4561 malos
1108 4520 1143 4558 a
1162 4508 1347 4580 bonis,
1368 4509 1659 4580 quomodo
1677 4510 1884 4573 aliquis
1909 4520 2202 4568 ventilando

597 4579 802 4637 dividit
830 4582 1024 4645 paleas
1059 4592 1093 4630 a
1130 4579 1326 4652 granis
1365 4580 1577 4640 (Matth.
1607 4579 1740 4652 713.).
1779 4585 1901 4635 Hoc
1933 4593 2022 4639 est
2047 4592 2200 4652 quod

599 4655 878 4705 Dominus
902 4649 1199 4714 discipulis
1224 4650 1346 4722 suis
1364 4651 1660 4722 promittit,
1688 4653 1902 4718 dicens,
1924 4659 1991 4710 In
2003 4649 2203 4722 regene-

2289 3365 2574 3430 procedis:
2595 3376 2712 3428 pra:
2721 3364 2911 3415 valent
2932 3363 3031 3425 illi,
3055 3376 3165 3415 nos
3190 3365 3431 3416 invalidi
3449 3379 3688 3418 sumus.
3706 3368 3798 3418 Ubi
3812 3370 3869 3415 est

2291 3438 2566 3489 illavirtus
2605 3442 2703 3487 tua
2722 3439 2746 3485 ξ’
2770 3436 2867 3485 ubi
2894 3440 2985 3486 est
3013 3435 3251 3486 dextera
3276 3442 3337 3487 et
3360 3440 3629 3500 potentia
3652 3443 3782 3490 tua?
3802 3440 3869 3487 ui:

2291 3522 2449 3561 mare
2466 3507 2565 3558 ubi
2581 3508 2897 3559 siccatum?
2917 3506 3170 3571 Egyptii
3193 3514 3619 3570 persequentes
3644 3512 3871 3561 fluctibus

2293 3578 2577 3632 involuti?
2604 3579 2700 3629 ubi
2728 3578 3005 3629 Amalech
3027 3578 3312 3629 resistens
3336 3581 3400 3629 in
3424 3583 3790 3646 crucissigno
3812 3594 3872 3631 su-

2295 3657 2528 3717 penitus
2544 3654 2569 3701 ⁸2
2592 3651 2659 3699 Et
2694 3666 2805 3699 non
2841 3650 3168 3712 ingredieris
3188 3651 3247 3698 in
3272 3651 3575 3702 virtutibus
3598 3655 3804 3703 nostris.

2357 3725 2444 3779 11.
2478 3723 2728 3773 Avertisti
2752 3737 2848 3770 nos
2863 3728 3161 3771 retrorsum
3178 3728 3293 3785 post
3311 3725 3574 3773 inimicos
3592 3734 3804 3774 nostros.
3824 3726 3869 3773 [ἱ

2298 3795 2461 3861 quasi
2486 3796 2566 3844 illi
2588 3799 2721 3845 ante
2746 3794 2879 3856 sint,
2904 3806 3009 3843 nos
3033 3798 3218 3844 retro:
3245 3794 3326 3844 illi
3344 3798 3624 3856 victores,
3658 3810 3757 3847 nos
3782 3803 3868 3841 viri;

2298 3872 2658 3931 deputemur.
2683 3865 2749 3914 Et
2774 3865 2871 3927 qui
2900 3865 3131 3912 oderunt
3157 3880 3272 3923 nos,
3304 3866 3729 3930 diripiebantur
3754 3870 3867 3916 sibi:

2299 3938 2627 4002 diripiebant
2649 3949 2757 3988 nos
2788 3939 3065 3998 tanquam
3093 3936 3153 3986 in
3178 3938 3440 3999 praedam
3463 3939 3573 3987 sibi
3600 3956 3612 3988 ε
3640 3940 3774 3991 alios
3789 3945 3871 3987 tra—

2299 4012 2523 4073 hentes,
2549 4009 2689 4059 alios
2712 4006 3089 4071 flagellantes,
3107 4007 3253 4059 alios
3265 4009 3327 4060 in
3344 4022 3579 4062 carcere
3595 4011 3867 4062 mittentes

2300 4083 2442 4136 alios
2466 4081 2788 4133 occidentes
2814 4080 3023 4143 (Matth.
3049 4077 3179 4142 ‘24.).

2365 4153 2450 4209 1‘2.
2488 4153 2687 4203 Dedisti
2710 4166 2808 4201 nos
2830 4157 3117 4215 tamquam
3147 4166 3265 4201 oves
3287 4167 3563 4212 escarum,
3591 4160 3635 4203 et
3661 4154 3717 4202 in
3741 4153 3869 4216 gemi-

2302 4227 2396 4275 bus
2418 4224 2712 4290 dispersiin
2734 4237 2850 4272 nos.
2875 4225 2926 4273 A
2948 4222 3284 4274 nationibus
3305 4224 3412 4287 (Ea:
3432 4224 3757 4288 Augustino}
3776 4226 3868 4284 qs:-

2303 4307 2437 4358 dam
2465 4316 2539 4355 ex
2572 4299 2739 4352 nobis
2765 4297 3099 4350 manducati
3121 4301 3278 4349 sunt.
3296 4298 3370 4348 Hi
3394 4298 3868 4361 signiﬁcanturqu.

2310 4379 2359 4445 2
2376 4375 2463 4444 14
2497 4376 2587 4445 sic,
2600 4372 2756 4445 passi
2778 4369 3097 4445 sunt,_ut_in
3109 4381 3321 4445 corpus
3337 4375 3760 4445 reverterentur
3774 4378 3872 4445 gen-

2304 4438 2507 4502 t—iliufn.
2536 4443 2757 4507 Plangit
2778 4454 2878 4493 eos
2909 4439 3183 4502 Ecclesia,
3205 4445 3507 4502 tamquam
3532 4442 3784 4492 membra
3799 4438 3868 4486 de-

2304 4524 2518 4573 vorata.
2536 4515 2641 4568 Vel
2659 4515 2720 4565 in
2744 4512 3018 4578 gentibus
3041 4511 3285 4574 dispersi
3300 4514 3454 4571 sunt,
3478 4512 3718 4574 quando
3731 4513 3867 4560 Pam:

2299 4594 2497 4643 Romze
2520 4585 2890 4648 crucifigitur,
2919 4581 3172 4632 Thomas
3195 4581 3257 4632 in
3280 4580 3445 4632 India
3470 4584 3730 4643 moritur,
3752 4580 3869 4632 etin-

2302 4660 2527 4715 numeri
2540 4661 2822 4721 martyres
2839 4666 2940 4719 per
2961 4653 3407 4704 innumeraloca
3417 4654 3773 4705 occiduntur.
3799 4653 3869 4698 Dis

598 4725 816 4775 ratione
839 4736 975 4807 cium
987 4722 1205 4807 sederit
1220 4721 1663 4807 Fili-uehominis
1763 4727 1912 4807 sede
1922 4721 2191 4790 majestatis
2220 4734 2278 4807 D
2303 4734 2623 4801 persionem
2636 4728 2808 4781 etiam
2819 4726 3049 4807 illorum
3058 4723 3347 4807 Dominus
3361 4726 3399 4807 ,Ξ
3397 4737 3537 4805 esus
3549 4725 3867 4807 pronuntiabat:

600 4808 745 4857 suae,
785 4795 1057 4847 sedebitis
1091 4799 1147 4845 et
1179 4806 1283 4845 vos
1312 4794 1639 4857 judicantes
1676 4796 1977 4850 duodecim
2009 4804 2191 4855 tribus

600 4865 774 4916 Israel
796 4866 1005 4927 (Matth.
1034 4864 1158 4926 19.).
1186 4864 1346 4915 Tunc
1367 4865 1697 4929 implebitur
1712 4870 1865 4931 quod
1888 4873 2060 4925 modo
2072 4877 2196 4923 sub-

598 4937 751 4990 ditur
783 4956 793 4986 :
821 4938 888 4985 Et
911 4938 972 4985 in
986 4936 1208 4985 nomine
1232 4944 1644 5001 tuosperne-mus
1664 4941 1997 5005 insurgentes
2014 4946 2073 4994 in
2093 4961 2196 4995 no-

599 5008 694 5060 bis.
728 5008 894 5060 Modo
921 5011 1218 5071 spernunt,
1256 5006 1410 5074 213
1439 5012 1574 5071 quia
1597 5016 1757 5062 tuum
1775 5026 1988 5066 nomen
2012 5016 2195 5068 recla-

600 5080 989 5143 mamus,quia
1002 5077 1427 5129 tibivindiciam
1438 5081 1958 5149 relinquimus,quiu
1971 5090 2194 5137 humiles

598 5157 655 5203 et
676 5163 955 5216 pauperes
979 5155 1209 5214 propter
1231 5163 1443 5203 nomen
1458 5156 1620 5205 tuum
1639 5169 1841 5207 sumus
1865 5158 1993 5209 :sed
2009 5159 2070 5209 in
2085 5162 2194 5220 ipso

596 5224 827 5276 nomine
855 5222 948 5274 cui
973 5221 1340 5286 credidimus,
1368 5238 1466 5275 eos
1494 5228 1591 5288 qui
1616 5227 1788 5278 modo
1812 5228 2123 5294 insurgunt
2138 5233 2194 5278 in

594 5296 760 5346 nobis
793 5295 866 5346 ad
889 5295 1374 5359 persequendum,
1399 5296 1457 5346 in
1481 5296 1673 5348 futuro
1700 5302 1995 5362 tamquam
2019 5304 2191 5363 victos,

595 5368 745 5419 sicut
768 5367 908 5419 viles
921 5371 978 5417 et
1000 5368 1332 5431 reprobatos
1357 5367 1760 5432 despiciemus.
1783 5372 1854 5421 Et
1875 5372 2023 5424 bene
2046 5372 2195 5435 dico,

592 5438 651 5489 in
680 5441 913 5490 nomine
939 5444 1057 5490 tuo.

655 5509 704 5562 7.
732 5511 859 5560 Non
888 5511 1035 5559 enim
1068 5511 1127 5561 in
1165 5528 1298 5561 arcu
1330 5527 1445 5561 meo
1476 5514 1715 5576 sperabo,
1740 5513 1799 5564 id
1825 5519 1929 5579 est,
1955 5515 2016 5566 in
2039 5513 2193 5566 calli-

592 5579 768 5632 ditate
802 5594 949 5633 mea.
976 5584 1161 5633 Arcus
1197 5585 1425 5647 alonge
1462 5584 1649 5636 trahit.
1700 5585 1832 5637 Ideo
1862 5599 1962 5649 per
1994 5599 2193 5638 arcum

591 5653 948 5713 providentia
960 5654 1051 5708 vel
1073 5655 1378 5717 prudentia
1388 5656 1641 5708 humana
1656 5656 2195 5721 designatur.Quasi

588 5805 690 5857 per
721 5784 995 5867 Nostrum
1019 5796 1201 5850 fuisse
1224 5799 1298 5850 ab
1331 5798 1669 5863 Augustino
1691 5804 2043 5867 mutuatum,
2089 5801 2193 5854 sed

626 5862 822 5936 nando
846 5865 910 5936 in
923 5867 1277 5920 Psalmorum
1299 5862 1787 5936 Enarrationibus,
1803 5883 1981 5935 quem
2005 5862 2115 5924 sibi
2136 5870 2202 5924 li-

588 5932 759 5985 brum
786 5934 1159 5989 delibandum
1189 5939 1355 5993 unice
1384 5941 1752 6006 proposuisse
1775 5932 2032 6008 videtur,
2069 5955 2195 5998 non
2263 6001 2267 6005 ,

2293 4794 2427 4865 cum
2474 4803 2700 4855 dicebat
2734 4820 2745 4848 :
2786 4798 2842 4848 Si
2865 4796 3201 4861 persequuti
3241 4808 3348 4846 vos
3372 4794 3596 4848 fuerint
3630 4798 3693 4848 in
3732 4805 3867 4846 unam

2293 4880 2601 4935 civitatem,
2628 4871 2810 4935 fugite
2831 4869 2893 4919 in
2916 4868 3087 4919 aliam
3115 4868 3327 4928 (Matth.
3358 4866 3485 4929 10.).

2356 4950 2441 5007 13.
2486 4942 2785 4998 Vendidisti
2828 4940 3096 5005 populum
3139 4946 3293 4987 tuum
3334 4940 3455 4987 sine
3495 4941 3695 5003 pretio.
3732 4941 3865 5000 Quas;

2295 5025 2419 5075 sine
2436 5019 2616 5086 pretio
2641 5017 2889 5081 popqus
2914 5015 3246 5086 sanctorum
3272 5015 3606 5086 martyrum
3623 5011 3869 5086 (vendere.

2296 5100 2403 5156 tur,
2437 5084 2670 5156 quando
2702 5091 2816 5136 tam
2851 5084 3137 5156 pretiosus
3168 5084 3410 5156 sanguis
3438 5084 3799 5156 fundebatur.
3832 5084 3869 5127 ut

2294 5153 2555 5228 exemplo
2576 5170 2776 5212 eorum
2798 5154 2992 5206 nullus
3016 5154 3089 5204 ad
3109 5153 3537 5228 (redemtionem
3574 5160 3636 5205 et
3659 5153 3866 5228 salutent

2294 5224 2753 5289 convertebatur.
2764 5230 3057 5278 lntantum
3072 5224 3385 5287 aliquando
3402 5226 3531 5275 sine
3546 5226 3863 5292 pretiosam;

2293 5311 2573 5370 martyres
2600 5299 2778 5353 habiti
2808 5302 2964 5370 sunt,
2998 5297 3290 5370 intantum
3317 5296 3523 5370 perditi
3554 5309 3688 5346 esse
3720 5296 3861 5370 putat

2296 5366 2459 5433 sunt:
2475 5381 2541 5428 ut
2558 5375 2655 5438 qui
2672 5384 2771 5423 eos
2795 5368 3147 5428 occiderunt,
3174 5366 3351 5417 etiam
3372 5367 3432 5417 in
3456 5367 3568 5438 hoc
3599 5368 3855 5438 obsequia:

2295 5465 2357 5503 se
2380 5436 2651 5514 praestare
2687 5445 2801 5493 Deo
2839 5441 3199 5514 aestimarent
3230 5438 3411 5514 (Joan.
3433 5436 3544 5514 _6.).
3571 5437 3743 5514 Quasi
3762 5442 3858 5507 erg:

2295 5510 2417 5574 sine
2443 5520 2620 5586 pretio
2643 5516 2946 5574 dabantur,
2972 5510 3202 5586 quando
3227 5510 3658 5586 occidebantur,
3676 5511 3865 5586 eiuras

2294 5605 2427 5645 nem
2443 5581 2837 5643 lucrabantur.
2851 5585 2922 5635 Et
2940 5584 2989 5635 si
3004 5582 3181 5646 aliqui
3202 5586 3370 5633 erant
3385 5581 3487 5644 qui
3501 5581 3867 5631 converteren-

2293 5669 2406 5729 tur,
2431 5663 2492 5715 in
2514 5657 2940 5724 comparatione
2962 5660 3285 5719 martyrum
3308 5655 3479 5718 pauci
3502 5649 3751 5704 erantin
3769 5646 3861 5695 hoc

2290 5803 2553 5866 occurrit,
2570 5800 2928 5866 investigare
2956 5811 3088 5854 eam
3117 5798 3250 5852 alibi
3270 5796 3622 5863 diligentius,
3643 5802 3750 5846 non
3773 5796 3852 5839 va-

2294 5879 2407 5930 cat.
