3908 6232
35 349 152 405 3‘17
1107 360 1178 408 IN
1213 360 1540 413 PSALMOS
1573 360 1779 412 LXXV
1818 361 2404 417 COMMENTARIUS.

3288 369 3393 424 818

35 468 146 547 est
173 462 372 547 quod
397 463 600 547 subdit
616 480 636 547 Ξ
667 464 735 547 Et
758 480 869 547 non
881 466 992 529 fuit
1004 468 1293 547 multitudo
1316 474 1377 520 in
1400 480 1693 547 σρηιηιιιια-
1718 483 1775 547 Α
1800 474 1928 547 Dei,
1953 475 2355 528 mandatorum
2381 478 2504 541 ejus
2530 479 2995 542 praevaricatores
3007 479 3155 533 facti.
3176 481 3266 533 Ad
3281 481 3393 535 hoc

36 534 326 616 'ionious
346 550 556 585 eorum.
582 537 917 616 Martyrium
928 540 1174 616 scilicet,
1193 542 1293 606 qui
1308 545 1697 595 moriebantur
1718 534 1775 547 ’⁸
1796 534 1971 609 igitur
1988 547 2113 598 haec
2137 548 2347 612 scripta
2361 534 2624 613 legimus,
2655 555 2722 601 ut
2733 555 2949 613 quanta
2968 563 3069 616 pro
3080 564 3274 605 amore
3290 554 3389 606 Dei

33 612 322 688 propter
343 620 563 660 nomen
588 614 751 661 tuum
769 612 1189 688 ampliandum:
1209 616 1369 667 velin
1386 619 1698 667 commuta-
1794 623 2074 681 martyres
2099 620 2280 669 sancti
2306 612 2679 682 pertulerunt,
2699 612 2999 686 vigilanter
3020 624 3389 676 attendamus

33 680 597 759 tionibus‘eorum.
624 683 1694 759 quandooccidebanturmartyres,non
1794 680 2155 741 attendentes
2190 680 2447 742 nostram
2480 680 2840 755 fragilitatem
2878 698 2933 744 et
2973 694 3389 757 impatientiam

33 747 104 797 fu
120 750 1087 831 iL-Iilulvl‘iLtlqumlgl‘lelionm’D,
1107 759 1204 831 qui
1223 757 1393 831 simul
1412 747 1527 809 Deo
1544 762 1695 807 sm'Vi-
1792 759 2242 824 deploremus,et
2265 747 2639 827 corrigamus.
2668 763 2774 815 Sed
2794 764 3000 828 adhuc,
3022 747 3157 828 quid
3175 766 3388 831 dicant,

34 824 203 871 rent
232 822 301 871 in
333 824 628 875 Ecclesiis.
656 825 712 875 in
745 828 1128 888 monasteriis,
1151 829 1211 878 in
1234 828 1480 880 diversis
1497 832 1694 877 ordini-
1792 822 2117 885 audiamus.

36 890 208 973 laus,
241 892 410 973 sicut
438 894 607 973 modo
635 895 1693 973 videmusintemporepacis.al)scon-
1855 902 1939 956 19.
1969 905 2035 953 Et
2059 919 2170 952 non
2196 906 2401 953 recessit
2430 910 2567 953 retro
2603 919 2694 953 cor
2731 908 2994 954 nostrum.
3029 907 3137 958 Sed
3165 920 3391 973 semper

34 960 387 1042 eleb-antur
410 966 565 1042 enim
587 972 815 1042 prOpter
838 960 1356 1042 persecutiones,et
1379 971 1474 1021 alii
1495 973 1565 1022 ab
1577 974 1693 1019 aliis
1791 974 1863 1024 ad
1893 987 1974 1031 ea,
1998 987 2129 1037 quae
2152 983 2282 1027 ante
2302 983 2569 1037 sunt,nos
2587 975 2978 1038 extendimus,
2998 978 3068 1027 ad
3086 960 3387 1036 promissum

33 1032 507 1115 dividebantur
537 1052 548 1085 :
576 1042 642 1115 ut
680 1038 888 1115 melius
924 1039 1227 1095 latitarent.
1254 1053 1328 1091 ne
1355 1042 1524 1091 citius
1551 1042 1598 1092 si
1624 1043 1693 1093 si-
1792 1032 2056 1096 bravium
2081 1032 2445 1099 festinantes.
2465 1047 2708 1109 Quando
2725 1058 2823 1097 cor
2839 1032 3151 1109 erigiturin
3177 1063 3295 1113 spe,
3323 1051 3390 1101 fit

36 1104 199 1186 Inui
228 1105 414 1186 multi
432 1112 652 1186 essent,
680 1110 735 1159 in
745 1110 1103 1186 venirentur,_
1118 1116 1473 1186 caperentur.
1791 1117 2082 1178 patiensin
2099 1104 2808 1181 tribulationeCogitando
2822 1104 3058 1178 praimia
3074 1104 3303 1183 mterna',
3323 1124 3395 1169 fa-

134 1175 230 1259 _1_~’*-
264 1178 515 1259 Ροευίε(
545 1196 641 1227 "08
674 1181 1027 1259 ίξρρνοῢνίιειη
1049 1183 1245 1259 picinis
1270 1184 1693 1259 nostris._'l'anta
1790 1175 1892 1237 cile
1918 1190 2243 1240 transitoria
2256 1175 2648 1254 despiciuntur
2664 1175 2965 1249 tormenta,
2986 1190 3188 1239 etcum
3206 1175 3302 1241 via
3317 1194 3390 1239 vi-

41 1244 183 1330 f‘tiit
218 1250 556 1328 persecutio
581 1256 793 1330 nostra,
820 1253 981 1330 quod
1006 1254 1211 1330 vicinis
1236 1255 1465 1330 nostris,
1490 1255 1546 1305 id
1580 1261 1686 1319 est,
1792 1262 1866 1310 tte
1888 1259 2159 1323 diligitur,
2175 1261 2267 1311 via
2289 1244 2486 1312 seaculi
2510 1261 2769 1324 protinus
2795 1244 3130 1310 declinatur.
3156 1262 3315 1311 Unde
3332 1266 3389 1314 et

38 1316 186 1396 illis
216 1319 330 1396 qui
359 1321 986 1396 apprOpinquabantad
1006 1323 1178 1375 fidem
1201 1329 1257 1376 et
1271 1316 1528 1377 animum
1541 1316 1687 1375 suum
1791 1316 2089 1381 subditur:
2118 1316 2526 1391 Et‘declinasti;
2541 1332 2595 1382 id
2621 1336 2728 1395 est,
2756 1331 3040 1382 declinare
3078 1331 3279 1396 fecisti,
3318 1348 3393 1381 se-

40 1388 461 1467 afl‘ectabant.
480 1404 745 1467 essemus
765 1394 1224 1467 inopprobrium.
1248 1396 1520 1448 Videntes
1537 1398 1690 1448 enim
1788 1402 1949 1450 mitas
1960 1409 2197 1465 nostras;
2222 1405 2458 1455 semitas
2474 1388 2790 1455 carnalium
2803 1403 3238 1467 cogitationum,
3254 1388 3389 1452 desi-

46 1464 611 1541 Lnortemnostram
630 1464 707 1541 ita
719 1465 1688 1541 probrosam,retrahebantseaﬂde.
1790 1471 2094 1537 deriorum,
2134 1464 2522 1538 vcluptatum;
2557 1491 2591 1523 a
2620 1476 2712 1523 via
2734 1480 2831 1523 tua
2859 1464 3018 1524 arcta
3041 1475 3097 1524 et
3119 1464 3387 1538 angusta,

48 1532 140 1580 Et
167 1532 437 1611 posuisti
459 1545 567 1611 nos
599 1549 610 1583 :
641 1535 1135 1611 Subsannationem
1159 1542 1204 1585 et
1227 1539 1464 1611 derisum
1493 1540 1578 1588 his
1593 1542 1690 1604 qui
1790 1532 2091 1606 qumducit
2108 1546 2179 1596 ad
2198 1532 2375 1597 vitam
2400 1532 2608 1607 (Matth.
2626 1544 2719 1605 7.).
2739 1545 3155 1595 Commentatio
3175 1532 3389 1597 divinaé

45 1616 77 1646 s
90 1607 209 1683 unt
228 1604 293 1649 in
309 1604 502 1683 circuit
512 1611 739 1683 u‘no-tro.
768 1606 1005 1683 Quinos
1010 1607 1390 1672 circumdant,
1412 1612 1477 1661 ut
1491 1615 1690 1673 capiant
1788 1604 1987 1677 gratiae
2009 1619 2111 1666 est.
2141 1604 2414 1679 Quisquis
2429 1616 2582 1668 viam
2596 1615 2821 1666 Domini
2835 1614 3167 1679 ingreditur,
3187 1628 3260 1666 ne
3273 1621 3389 1664 tan-

51 1678 131 1723 et
189 1673 483 1725 occidant.
538 1678 925 1729 Subsannatio
975 1678 1040 1730 tlt
1076 1692 1177 1743 per
1212 1693 1441 1743 nasum,
1478 1683 1689 1735 derisio
1788 1673 1964 1747 quam
1993 1686 2064 1737 de
2082 1673 2319 1750 justitia
2333 1700 2441 1738 sua
2468 1686 2754 1749 glorietur,
2774 1673 3232 1749 praeteritasvias
3249 1699 3388 1738 suas

52 1755 314 1820 PGPHOS;
432 1818 439 1820 Α
500 1818 507 1820 Α
670 1819 674 1820 ν
888 1819 892 1820 ν
1788 1756 1861 1808 ad
1874 1759 2208 1809 memoriam
2219 1759 2389 1809 debet
2407 1758 2696 1819 reducere,
2724 1761 2781 1808 et
2796 1769 3039 1820 pensare
3062 1756 3132 1807 de
3152 1758 3387 1819 quantis

58 1885 71 1894 ἢ
138 1812 240 1894 15_.
269 1816 509 1894 Posuisti
540 1832 637 1867 nos
660 1819 720 1867 in
748 1819 1165 1894 similitudinem
1190 1821 1450 1884 gentibus.
1469 1825 1590 1876 Hoc
1601 1828 1691 1876 est
1713 1834 1769 1894 ῃ
1790 1829 2275 1892 concupiscentiis
2298 1835 2355 1880 et
2376 1812 3207 1891 desiderils'mal‘is,dequantis
3226 1828 3388 1888 negli-

56 1886 134 1957 in
163 1886 613 1939 similitudinem
635 1902 843 1953 ponere
858 1891 964 1952 (Eat-
986 1893 1024 1941 Α
1038 1893 1327 1956 ugustino),
1346 1895 1571 1957 quando
1590 1912 1691 1945 ma-

58 1956 408 2029 ledicentes
431 1959 694 2010 homines
716 1961 1148 2015 similitudinem
1172 1964 1313 2015 dant
1334 1956 1404 2016 de
1434 1979 1501 2017 eo
1518 1979 1690 2029 quem

61 2028 502 2082 detestantur:
531 2032 621 2083 Sic
648 2034 922 2095 moriaris,
948 2035 1030 2085 sic
1055 2036 1332 2099 puniaris,
1358 2042 1425 2088 ut
1445 2028 1554 2089 ille:
1582 2040 1692 2091 IIo-

64 2099 305 2165 dieque
329 2114 446 2153 non
470 2103 682 2154 desunt
698 2104 896 2156 hostes
913 2105 1119 2156 Christi
1138 2106 1344 2169 Judtei,
1358 2111 1554 2160 contra
1566 2126 1692 2169 quos

66 2172 705 2233 quandodefendimus
729 2176 1038 2241 Christum,
1052 2177 1430 2229 dicuntnobis
1450 2197 1459 2227 :
1481 2181 1569 2231 Sic
1583 2196 1691 2229 mo-

70 2243 276 2301 riaris,
307 2247 595 2307 quomodo
616 2251 671 2298 et
689 2247 799 2299 ille.
828 2250 953 2299 Non
975 2249 1131 2299 enim
1159 2249 1313 2300 illam
1340 2256 1581 2303 mortem
1608 2253 1693 2304 in-

74 2313 443 2375 tulissent,si
460 2318 715 2382 martyrii
734 2319 1001 2369 meritum
1026 2319 1338 2383 intelligere
1353 2323 1687 2384 potuissent.

75 2386 347 2436 Posuisti
384 2388 556 2438 etiam
589 2400 696 2439 nos
719 2389 1126 2438 commotionem
1151 2391 1344 2453 capitis
1368 2392 1428 2439 in
1455 2394 1688 2455 populis.

76 2457 418 2508 Commotio
456 2459 677 2522 capitis,
705 2461 937 2524 signum
961 2465 1051 2512 est
1076 2461 1486 2513 insultationis.
1530 2465 1691 2515 Unde

73 2526 465 2599 alibiidicitur
482 2548 492 2577 :
510 2532 757 2594 Loquuti
778 2536 916 2583 sunt
930 2531 1115 2593 labiis,
1134 2536 1692 2599 etmoveruntcaput

74 2598 261 2658 (Psat.
288 2598 413 2661 εει).
441 2602 561 2652 Hoc
596 2603 1120 2654 feceruntDomino.
1148 2604 1269 2654 Hoc
1291 2606 1506 2655 sanctis
1542 2598 1689 2671 ejus,

76 2681 242 2731 quos
274 2672 560 2735 persequi,
588 2686 734 2735 quos
759 2678 1130 2736 tenere,quos
1154 2674 1693 2739 illudere,quostra-

77 2740 248 2801 dere,
273 2742 539 2807 afﬂigere,
572 2745 826 2796 occidere
850 2748 1178 2808 potuerunt.

152 2810 245 2864 16.
284 2813 409 2863 Tota
424 2815 528 2873 die,
554 2815 609 2866 id
634 2821 739 2875 est,
766 2816 998 2867 assidue
1022 2816 1341 2865 verecundia
1363 2832 1484 2867 mea
1508 2824 1692 2871 tanto-

80 2895 225 2932 rum
250 2886 679 2948 opprobriorum
699 2893 886 2936 contra
902 2892 1084 2948 meest,
1106 2887 1163 2937 id
1181 2890 1286 2947 est,
1309 2894 1440 2940 ante
1454 2902 1692 2954 conspe-

83 2958 258 3003 ctum
281 2968 492 3007 meum.
509 2958 573 3006 Et
590 2960 832 3020 confusio
843 2958 1003 3019 faciei
1018 2972 1142 3006 mea?
1163 2960 1431 3023 cooperuit
1454 2975 1553 3011 me.
1570 2963 1691 3013 Hoc

82 3036 123 3073 ο.
158 3024 333 3076 simili
357 3026 582 3089 dicitur,
609 3030 742 3092 quia
770 3028 1002 3092 quando
1028 3029 1249 3080 confusi
1275 3032 1686 3093 erubescimus,

84 3094 272 3146 facies
297 3102 491 3149 nostra
515 3090 718 3151 rubore
743 3090 1043 3163 sanguinis
1068 3090 1413 3163 cooperitur.’
1438 3104 1575 3163 Quae
1600 3090 1689 3155 ve?

84 3167 369 3219 recundia
392 3170 553 3220 venit
575 3171 733 3229 mihi,

1790 1899 2000 1961 gentiis
2026 1904 2084 1951 et
2117 1900 2509 1963 voluptatibus
2535 1913 2635 1963 per
2663 1899 2904 1962 gratiam
2939 1904 3101 1950 tuam
3124 1897 3388 1950 liberavit

1788 1982 1921 2021 eum
1938 1970 2261 2023 misericors
2276 1970 2731 2023 Dominus.Hinc
2742 1970 3051 2034 Apostolus
3069 1969 3279 2021 Paulus
3295 1972 3382 2039 ait:

1788 2042 1892 2101 Qui
1916 2041 1997 2093 fui
2024 2043 2363 2107 blaphemus
2376 2047 2434 2094 et
2458 2046 2795 2107 persecutor
2821 2056 2833 2090 :
2859 2053 3015 2092 nunc
3044 2044 3238 2092 autem
3272 2040 3384 2091 mi-

1790 2112 2153 2164 sericordiam
2176 2117 2522 2164 consecutus
2547 2112 2614 2174 (1.
2650 2113 2790 2161 Tim.
2821 2111 2911 2172 1,).
2932 2111 3384 2163 Semitasnostras

1788 2184 2069 2234 Dominus
2095 2184 2344 2235 declinat
2371 2196 2406 2235 a
2430 2184 2525 2235 via
2548 2196 2669 2244 sua,
2685 2182 2936 2247 quando,
2961 2194 3027 2233 eo
3049 2182 3381 2244 auxiliante,

1786 2254 2037 2317 agimus,
2063 2256 2214 2318 quod
2241 2256 2519 2319 scriptum
2543 2258 2635 2306 est
2660 2271 2670 2303 :
2712 2252 2941 2304 Declina
2963 2264 2997 2303 a
3018 2252 3190 2316 malo,
3216 2258 3274 2304 et
3299 2253 3385 2304 fac

1788 2326 2005 2377 bonum
2050 2326 2212 2387 (Psat.
2249 2325 2373 2387 33.).
2410 2328 2473 2375 In
2508 2325 2617 2377 hoc
2649 2326 2843 2375 autem
2878 2323 3114 2374 semitas
3158 2326 3386 2375 nostras

1788 2395 2109 2447 declinasti.

1849 2465 1937 2521 20.
1977 2468 2250 2529 Qnoniam
2291 2467 2598 2515 humiliasti
2621 2480 2719 2514 nos
2743 2466 2805 2514 in
2831 2464 2941 2514 loco
2971 2464 3303 2527 afﬂictionis.
3328 2464 3387 2515 id

1788 2541 1899 2599 est,
1924 2539 1981 2587 in
2004 2538 2113 2588 hoc
2131 2537 2363 2601 saeculo,
2392 2538 2451 2588 in
2472 2543 2725 2600 tempore
2740 2540 2959 2587 nostrae
2982 2535 3387 2598 peregrinatio-

1788 2608 1896 2659 nis.
1930 2606 2085 2676 216
2108 2608 2253 2669 Quia
2276 2608 2601 2659 humiliavit
2623 2619 2733 2657 nos
2749 2609 2904 2657 Deus
2916 2606 3239 2669 atlligendo,
3257 2606 3384 2657 ideo

1788 2679 2102 2730 declinavit
2114 2693 2222 2729 nos
2234 2692 2266 2729 a
2289 2679 2561 2743 superbia
2576 2683 2801 2729 nostra:
2820 2682 3109 2741 quatenus
3127 2679 3383 2725 humiliati

1790 2750 2025 2802 semitas
2047 2755 2278 2801 nostras
2301 2751 2775 2813 relinqueremus,
2788 2754 2847 2799 et
2869 2760 3243 2811 sequeremur
3258 2748 3384 2798 vias

1788 2822 2033 2873 Domini.
2069 2822 2136 2869 Et
2152 2835 2223 2872 ex
2247 2821 2341 2872 illa
2364 2821 2739 2872 humilatione
2767 2820 3039 2883 cooperuit
3064 2833 3159 2867 nos
3184 2817 3384 2867 umbra

1788 2893 1993 2941 mortis.
2031 2894 2155 2943 Non
2189 2906 2322 2944 vera
2347 2904 2520 2952 mors,
2549 2891 2653 2944 sed
2677 2891 2882 2941 umbra
2907 2910 2919 2938 :
2943 2902 3061 2941 non
3085 2896 3238 2939 mors
3254 2888 3383 2957 ani-

1788 2976 1920 3026 mae,
1947 2964 2048 3014 sed
2074 2976 2229 3014 mors
2252 2964 2469 3013 carnis:
2493 2962 2686 3011 umbra
2703 2960 3168 3018 mortis,carnalis
3180 2964 3385 3011 morta-

1786 3036 1919 3086 litas
1946 3049 1959 3084 :
1990 3047 2126 3085 vera
2138 3047 2315 3093 mors,
2341 3033 2635 3084 damnatio
2651 3045 2783 3083 cum
2795 3030 3281 3082 diabolo.Dictum
3293 3035 3385 3082 est

1788 3106 2073 3171 superius,
2099 3108 2242 3167 Quia
2261 3118 2378 3156 non
2402 3105 2561 3156 obliti
2587 3116 2790 3154 sumus
2811 3107 2883 3153 te.
2910 3104 3037 3152 Non
3061 3102 3217 3153 enim
3229 3104 3385 3153 esset

1789 3178 1957 3229 nobis
1994 3177 2227 3235 sanitas,
2262 3176 2374 3226 nisi
2406 3188 2510 3226 nos
2544 3177 2610 3226 tu
2645 3174 2982 3238 requireres.
3017 3174 3086 3223 Et
3122 3172 3231 3224 hoc
3271 3176 3380 3236 est,

156 3236 247 3320 i7.
275 3239 317 3287 A
340 3242 870 3320 tt‘ocearprobranlis,
892 3244 1059 3320 idest,
1082 3256 1115 3294 a
1131 3249 1290 3320 parte
1306 3243 1627 3320 resistentis
1641 3249 1687 3293 et
1714 3246 1763 3320 ρ
1790 3248 1942 3320 quod
1970 3248 2204 3320 subdit:

86 3308 440 3371 obloquentis,
459 3312 622 3371 idest,
649 3316 867 3365 occulte
880 3314 1249 3371 detrahentis.
1268 3314 1358 3365 vel
1375 3318 1573 3366 contra
1589 3328 1685 3366 ve-

88 3382 319 3430 ritatem
341 3382 657 3445 loquentis;
674 3401 709 3432 a
728 3386 863 3446 facie
880 3387 1115 3446 inimici,
1140 3386 1304 3444 idest,
1330 3397 1364 3436 a
1385 3387 1688 3449 prmsentia

89 3451 223 3502 sive
258 3452 532 3506 instantia
568 3456 779 3507 inimici
815 3459 877 3508 in
914 3459 1206 3509 voluntate
1228 3459 1607 3521 perscquentis,
1627 3458 1685 3508 in

90 3530 243 3572 actu.
269 3524 406 3583 Quis
428 3525 519 3575 hic
542 3528 645 3585 (Em
674 3528 867 3592 eodem)
895 3530 1217 3579 intellectus
1234 3533 1258 3578 9
1286 3531 1427 3589 Quae
1442 3532 1686 3588 praeterita

92 3597 252 3651 sunt,
277 3607 392 3645 non
414 3595 473 3646 in
497 3598 665 3647 nobis
690 3599 850 3649 ﬁunt.
892 3598 1043 3666 215
1074 3602 1214 3660 Quae
1240 3598 1436 3650 futura
1469 3600 1607 3650 sunt
1629 3600 1686 3650 et

93 3676 414 3729 speramus,
431 3679 549 3718 non
562 3675 853 3731 apparent.
880 3672 1105 3721 Praeteri
1118 3675 1173 3723 ta
1189 3685 1200 3719 :
1217 3672 1277 3721 in
1290 3684 1499 3735 magna
1509 3671 1687 3735 gloria

96 3740 198 3785 tua
232 3736 472 3788 eductus
496 3740 740 3802 p0pulus
764 3741 836 3792 de
858 3744 1120 3805 Egypto,
1148 3742 1421 3793 liberatus
1447 3755 1480 3793 a
1498 3755 1688 3806 perse-

94 3806 424 3867 quentibus,
439 3809 651 3861 ductus
668 3823 765 3874 per
782 3817 1000 3871 gentes.
1019 3813 1277 3876 expulsis
1294 3813 1687 3876 gentibus,col-

94 3876 148 3948 lo
158 3879 381 3928 catusin
394 3892 585 3943 regno.
607 3882 746 3942 Quid
766 3882 995 3933 futura?
1011 3884 1351 3934 Educendus
1368 3886 1609 3948 populus
1626 3886 1686 3931 de

98 3946 215 3996 ista
226 3950 462 4013 .Egypto
486 3952 702 4014 saeculi,
726 3952 870 4003 duce
890 3955 919 4003 J
926 3965 1027 4003 esu
1041 3953 1280 4014 Christo,
1300 3946 1686 4018 et’aprparente

100 4017 161 4067 in
187 4017 361 4081 gloria
383 4033 505 4083 sua,
532 4023 781 4084 ponendi
802 4029 941 4074 sunt
964 4026 1147 4075 sancti
1168 4026 1240 4075 ad
1262 4017 1688 4084 dexteram,ini-

97 4089 199 4151 qui
224 4089 292 4139 ad
311 4092 617 4155 sinistram,
643 4095 955 4145 damnandi
985 4109 1117 4146 cum
1141 4095 1366 4147 diabolo
1389 4096 1449 4147 in
1472 4102 1687 4147 aeterna

101 4172 278 4222 paena
300 4163 505 4223 (Matth.
526 4163 612 4225 “21)
634 4182 645 4215 :
671 4167 1067 4229 accipiendum
1088 4167 1257 4217 nobis
1281 4170 1372 4216 est
1396 4180 1635 4229 regnum
1653 4179 1688 4216 a

103 4232 326 4283 Christo
354 4234 413 4284 in
436 4237 847 4297 sempiternum
876 4251 1009 4288 cum
1026 4238 1260 4289 sanctis.
1280 4239 1418 4287 Hazc
1437 4238 1628 4287 futura
1642 4243 1689 4285 et

102 4305 379 4365 praeterita
406 4323 416 4353 :
444 4306 502 4356 in
532 4309 721 4358 medio
748 4309 1051 4359 tribulatio.
1076 4310 1257 4367 Quare
1280 4310 1305 4357 δῖ
1336 4312 1400 4357 ut
1421 4310 1689 4371 appareat

102 4373 328 4424 animus
351 4376 544 4427 colens
568 4381 770 4435 Deum,
796 4384 1079 4439 quantum
1108 4378 1256 4428 colat
1286 4380 1495 4428 Deum:
1516 4384 1580 4429 ut
1605 4377 1690 4429 vi-

103 4444 321 4498 deatur.
344 4452 533 4499 utrum
558 4450 735 4511 gratis
748 4449 895 4501 colat
915 4452 1111 4508 Deum,
1130 4461 1165 4500 a
1180 4461 1292 4511 quo
1310 4449 1551 4500 salutem
1563 4461 1687 4513 gra-

105 4515 184 4565 tis
211 4519 436 4581 accepit.
453 4522 597 4583 Ergo
612 4526 671 4571 ut
695 4521 976 4573 haacildes
994 4525 1209 4573 nostra.
1232 4532 1345 4582 qua
1359 4534 1685 4584 purgamur,

104 4586 177 4635 ad
198 4587 494 4641 invisibilia
516 4606 699 4655 prtepa
710 4598 882 4656 retur,
900 4593 1009 4644 hoc
1024 4596 1112 4643 est
1122 4592 1192 4642 ad
1208 4591 1559 4643 intellectum
1573 4594 1691 4641 aliis

106 4658 284 4710 Chore
309 4660 451 4713 facta
475 4666 612 4713 sunt
630 4664 819 4713 omnia
838 4664 962 4723 ista,
982 4666 1045 4714 ut
1060 4663 1495 4715 detraherentur
1506 4666 1692 4713 sanctis

111 4741 197 4785 ea,
224 4743 345 4792 quae
369 4733 671 4795 habebant,
699 4734 1094 4786 detraheretur
1108 4740 1165 4786 et
1188 4735 1311 4798 ipsa
1336 4734 1455 4785 vita
1479 4739 1692 4798 tempo-

111 4800 245 4851 ralis
270 4817 281 4851 :
308 4806 504 4855 utnon
529 4810 753 4867 propter
774 4805 902 4857 haec
923 4805 1048 4868 ipsa
1086 4804 1417 4869 temporalia
1441 4807 1691 4857 colerent

112 4872 295 4935 ipsum
328 4879 628 4938 internum,
666 4876 761 4927 sed
798 4888 992 4927 amore
1027 4875 1177 4927 illius
1201 4879 1358 4927 casto
1385 4876 1691 4929 tolerarent

114 4946 239 4998 haec
265 4948 468 5007 omnia,
488 4960 620 5009 quas
640 4961 739 5011 pro
766 4953 1020 5010 tempore
1042 4951 1386 5011 paterentur.
1416 4949 1687 5011 Denique,

120 5017 252 5081 quia
271 5017 669 5069 intellexerunt
693 5019 797 5068 hoc
822 5018 920 5068 tllii
945 5018 1142 5073 Chore.
1171 5018 1307 5082 quid
1332 5019 1568 5070 dicunt?

177 5087 258 5141 18.
290 5093 398 5138 Haec
410 5090 597 5137 omnia
616 5095 874 5137 venerunt
899 5105 1059 5152 super
1082 5105 1196 5151 nos,
1223 5106 1317 5138 nec
1341 5089 1692 5139 oblitisumus

118 5168 162 5208 te
185 5179 196 5207 :
223 5164 264 5207 et
287 5160 466 5223 inique
484 5176 597 5209 non
622 5162 829 5223 egimus
854 5161 909 5208 in
936 5166 1242 5209 testamento
1273 5168 1381 5211 tuo.
1406 5164 1688 5210 Secundum

121 5236 384 5295 praecepta
410 5237 510 5282 tua
536 5244 640 5282 nos
664 5231 989 5282 habuimus.
1021 5235 1173 5283 Inter
1199 5234 1280 5283 tot
1303 5233 1564 5294 adversa,
1586 5245 1692 5283 nec

121 5302 243 5364 ﬁde,
267 5316 359 5353 nec
377 5302 705 5366 operatione
728 5316 761 5353 a
782 5308 837 5353 te
857 5303 1218 5353 recessimus.
1240 5304 1448 5367 Magna
1463 5304 1556 5354 hic
1570 5319 1695 5352 mar-

121 5380 297 5438 tyrum
308 5374 631 5425 constantia
647 5378 703 5423 et
721 5373 983 5436 perfectio
1000 5376 1452 5426 commendatur.
1469 5374 1614 5436 Quid
1630 5376 1693 5423 ad

122 5446 225 5495 hoc
245 5445 306 5497 de
320 5446 487 5496 nobis
511 5446 719 5495 dicturi
745 5449 982 5495 sumus?
1005 5445 1170 5506 Quisi
1200 5446 1287 5495 vel
1312 5446 1438 5496 leve
1451 5447 1693 5496 verbum

118 5517 325 5579 injuriae
340 5517 506 5568 nobis
523 5516 1031 5579 abaliquoillatum
1049 5516 1234 5579 fuerit,
1254 5529 1390 5566 mox
1409 5516 1480 5567 ad
1495 5519 1694 5564 iracun-

117 5589 257 5639 diam
282 5588 710 5648 inardescin.us,
740 5593 986 5638 mentem
1011 5588 1350 5647 amittimus,
1377 5587 1687 5651 phrenetici

120 5672 259 5709 more
273 5660 574 5722 loquimur,
594 5657 923 5715 vindictam,
943 5657 988 5707 si
1010 5661 1661 5720 possumus,exquirimus
1680 5674 1692 5708 :

121 5731 281 5781 sinon
306 5742 637 5793 possumus,
653 5730 849 5778 odium
872 5734 928 5778 in
953 5728 1121 5779 corde
1137 5731 1307 5792 (quod
1327 5736 1415 5780 est
1431 5745 1681 5777 venenum

121 5802 323 5863 diaboli)
336 5805 652 5866 portamus.
671 5800 1075 5851 Ubliviscimur
1092 5803 1292 5853 Deum:
1307 5801 1699 5853 obliviscimur

126 5874 411 5929 caritatem,
426 5872 761 5937 patientiam
780 5888 791 5920 :
807 5870 1006 5934 inique
1021 5872 1264 5936 agimus,
1282 5873 1339 5924 in
1357 5877 1699 5924 testamento

1850 3319 1939 3372 ⁸21.
1963 3319 2023 3368 Si
2045 3318 2194 3365 obliti
2215 3332 2404 3367 sumus
2425 3330 2642 3379 nomen,
2668 3315 2725 3366 id
2748 3318 2865 3376 est,
2886 3311 3380 3366 honorificentiam

1786 3390 1882 3439 Dei
1904 3390 2094 3453 nostri,
2121 3394 2186 3439 ut
2210 3401 2243 3439 a
2265 3389 2378 3439 ﬂde
2402 3387 2827 3438 recederemus:
2857 3385 2926 3433 Et
2948 3384 2994 3432 si
3018 3384 3383 3448 expendimus

1785 3467 2210 3510 manusnostras
2231 3459 2305 3508 ad
2328 3460 2497 3508 Deum
2521 3455 3182 3516 alienum,venemndum
3210 3460 3267 3505 et
3288 3469 3385 3506 co-

1783 3531 2037 3592 lendum,
2064 3532 2162 3593 qni
2184 3543 2370 3593 neque
2388 3542 2494 3579 nos
2517 3528 2751 3590 creavit,
2764 3539 2954 3590 neque
2970 3527 3190 3577 bonum
3213 3527 3382 3577 nobis

1783 3602 1913 3654 fecit
1939 3616 1951 3651 :
1974 3607 2031 3653 et
2049 3603 2097 3652 si
2122 3614 2325 3652 sumus
2348 3599 2679 3662 idololatria,

1844 3673 1932 3727 ‘22.
1965 3674 2159 3722 Nonne
2183 3673 2320 3721 Deus
2342 3671 2578 3735 requiret
2602 3670 2703 3717 ista
2718 3669 2742 3716 9
2776 3668 2887 3720 Sed
2933 3681 3052 3721 non
3075 3668 3329 3732 requiret
3349 3682 3386 3723 a

1783 3745 1973 3796 nobis.
2004 3745 2115 3808 Ipse
2138 3744 2284 3791 enim
2314 3744 2461 3791 novit
2484 3740 2797 3789 abscondita
2818 3739 3012 3789 cordis.
3039 3741 3168 3803 Ipse
3197 3740 3379 3805 novit,

1785 3817 1920 3880 quia
1941 3829 2061 3867 non
2095 3814 2255 3866 obliti
2280 3826 2484 3866 sumus
2508 3825 2643 3864 eum
2674 3826 2686 3862 :
2716 3811 2873 3875 quod
2897 3824 2967 3861 ex
2993 3810 3102 3862 hoc
3131 3816 3382 3875 apparet,

1783 3888 1918 3952 quia
1940 3887 2297 3938 incessanter
2312 3885 2727 3937 mortificamur
2746 3886 2979 3946 propter
3000 3895 3153 3934 eum.
3186 3884 3253 3933 Et
3276 3883 3385 3935 hoc

1784 3964 1891 4021 est,
1904 3958 2059 4021 quod
2078 3957 2394 4021 subjungit.
2417 3956 2688 4014 Quoniam
2701 3958 2918 4018 propter
2931 3954 3386 4014 temortiﬁcamur

1786 4036 1893 4078 tota
1920 4030 2023 4079 die.
2047 4029 2111 4079 Id
2132 4033 2238 4083 est,
2256 4027 2507 4078 assidue.
2523 4025 2682 4077 Multi
2697 4024 3034 4076 laborantin
3046 4024 3153 4075 hoc
3171 4024 3385 4076 saeculo

1784 4099 1952 4150 multi
1967 4099 2321 4161 afﬂiguntur,
2335 4097 2501 4147 multi
2522 4096 2848 4147 moriuntur
2864 4099 3094 4157 prOpter
3107 4095 3263 4145 aliud
3282 4110 3383 4143 non

1783 4174 2013 4233 propter
2040 4171 2240 4219 Deum.
2274 4167 2406 4217 Ideo
2440 4166 2732 4226 dicturus,
2768 4164 3197 4226 mortiﬁcamur,
3228 4169 3384 4217 recte

1785 4239 2064 4303 praemisit
2088 4244 2302 4301 propter
2325 4244 2396 4287 te:
2414 4238 2550 4299 quia
2573 4240 2883 4298 martyrem
2904 4247 3019 4284 non
3044 4234 3177 4285 facit
3191 4247 3383 4298 paena,

1786 4310 1888 4361 sed
1912 4321 2136 4359 caussa.
2163 4309 2309 4357 Hinc
2333 4308 2537 4358 beatus
2558 4308 2757 4356 Petrus
2776 4305 2883 4355 ait:
2900 4307 3041 4365 Quae
3058 4305 3211 4354 enim
3226 4308 3386 4363 gratia

1786 4384 1893 4443 est,
1907 4380 1958 4430 si
1982 4383 2313 4443 peccatores
2330 4383 2387 4427 et
2408 4376 2747 4440 colaphizati
2771 4374 3024 4425 suil‘ertis
3044 4374 3109 4434 (1.
3130 4375 3269 4424 Pctr.
3284 4373 3387 4436 9.)?

1789 4451 1900 4503 Sed
1925 4451 1973 4500 si
1996 4452 2138 4501 bene
2163 4449 2437 4500 facientes
2456 4453 2513 4499 et
2525 4447 2805 4510 patientes
2819 4444 3272 4507 sustinetis,hmc
3298 4449 3389 4496 est

1790 4522 1973 4586 gratia
2003 4521 2156 4585 apud
2204 4522 2403 4571 Deum.
2451 4522 2515 4569 In
2535 4518 2643 4569 hoc
2667 4516 2822 4567 enim
2848 4515 3035 4586 vocati
3059 4516 3215 4565 estis.
3244 4515 3391 4576 Quia

1795 4584 2058 4644 Christus
2073 4604 2280 4656 passus
2294 4595 2383 4641 est
2397 4602 2499 4654 pro
2516 4587 2873 4651 nobis,vobis
2886 4584 3214 4649 relinquens
3225 4601 3390 4635 exem-

1795 4666 1971 4729 plum,
1998 4668 2063 4715 ut
2081 4663 2402 4727 sequamini
2416 4660 2659 4724 vestigia
2682 4660 2828 4724 ejus,
2845 4658 2945 4722 qui
2960 4669 3127 4722 pecca
3137 4662 3259 4709 tum
3270 4670 3390 4710 non

1791 4736 1926 4788 fecit
1947 4749 2054 4787 nec
2076 4736 2351 4786 inventus
2377 4738 2469 4785 est
2493 4731 2727 4783 dolusin
2752 4743 2847 4781 ore
2859 4730 3006 4793 ejus.
3024 4729 3274 4789 Quicum
3286 4744 3390 4780 me-

1789 4807 2145 4869 lediceretur,
2171 4818 2287 4857 non
2313 4803 2753 4857 remaledicebat
2780 4819 2789 4849 :
2812 4813 2945 4852 cum
2971 4804 3388 4864 patereturnon

1790 4880 2249 4929 comminabatur
2265 4878 2389 4940 (Isa.
2406 4875 2527 4938 33.).
2544 4879 2686 4939 Apte
2702 4886 2837 4937 ergo
2863 4874 2992 4936 subj
3004 4876 3243 4924 unctum
3267 4877 3385 4923 est:

1788 4950 2067 4999 zEstimati
2082 4964 2268 4999 sumus
2296 4949 2434 4998 sicut
2457 4962 2571 4997 oves
2595 4945 2893 5007 occisionis,
2920 4943 3234 5007 scilicet,ut
3260 4942 3391 4994 nul-

1790 5021 2016 5071 latenus
2042 5034 2136 5083 rep
2144 5024 2371 5072 utemur
2385 5022 2542 5071 esset
2564 5016 2775 5079 idonei,
2791 5015 2904 5066 nisi
2914 5015 2986 5067 ad
3002 5016 3387 5067 occasionem.

1791 5093 1943 5142 Bene
1968 5093 2152 5142 sancti
2175 5092 2278 5142 viri
2298 5092 2504 5143 ovibus
2517 5091 2941 5153 comparantur,
2954 5086 3092 5149 quia
3116 5090 3254 5138 sunt
3265 5089 3392 5135 sim-

1793 5162 1987 5225 plices,
2018 5162 2370 5222 innocentes,
2411 5173 2668 5213 morsum
2693 5158 2927 5210 malitiaa
2950 5170 3067 5209 non
3091 5158 3389 5209 habentes.

1793 5232 1937 5282 Hinc
1963 5238 2069 5293 est,
2090 5234 2241 5295 quod
2256 5233 2531 5284 Dominus
2546 5228 2860 5294 discipulos
2878 5241 3015 5279 suos
3038 5228 3273 5279 instruit
3292 5227 3391 5278 ubi

1792 5304 1872 5353 ait
1897 5319 1909 5353 :
1937 5304 2086 5353 Oves
2111 5317 2256 5354 meae
2283 5316 2482 5355 vocem
2508 5315 2697 5353 meam
2720 5299 2967 5351 audiunt
2991 5297 3304 5360 (Joan.10.).
3322 5299 3391 5348 Et

1793 5375 2184 5424 iteruszece
2208 5388 2312 5437 ego
2336 5375 2503 5425 mitto
2530 5387 2649 5437 vos,
2675 5372 2824 5422 sicut
2848 5382 2989 5421 oves
3014 5368 3075 5418 in
3100 5368 3287 5419 medio
3304 5368 3388 5419 lu-

1794 5458 1999 5509 porum
2046 5445 2252 5507 (Matth.
2292 5445 2419 5507 10.).
2462 5445 2689 5507 Moyses
2714 5441 2853 5492 dicit
2876 5439 2948 5490 ad
2988 5439 3342 5489 Pharaonem
3377 5454 3389 5489 :

1799 5516 2264 5567 Abominationes
2279 5516 2668 5579 Egyptiorum
2694 5510 3124 5563 immolabimus
3146 5510 3392 5561 Domino

1800 5590 1912 5638 Deo
1952 5590 2146 5636 nostro
2186 5586 2384 5644 (Exod.
2426 5586 2515 5647 8.).
2558 5586 2707 5635 Oves
2747 5581 2993 5646 .Egyptii
3029 5580 3195 5632 edere
3231 5580 3393 5631 dedi-

1796 5662 2061 5720 gnantur.
2077 5655 2183 5705 Sed
2199 5656 2350 5717 quod
2377 5656 2782 5706 abominantur
2808 5651 3198 5716 Egyptii,hoc
3215 5653 3396 5705 Israe-

1794 5731 1911 5780 litte
1948 5730 2063 5777 Deo
2080 5727 2354 5777 oﬂ‘erunt:
2383 5726 2517 5789 quia
2546 5725 2970 5788 simplicitatem
2999 5723 3394 5788 continentiae,

1798 5812 1972 5864 quam
1986 5798 2187 5860 injusti
2201 5797 2417 5860 quique
2437 5797 2598 5848 velut
2614 5796 2823 5851 inﬁma
2844 5795 3180 5858 abjectaque
3203 5794 3398 5858 despi-

1798 5872 1974 5934 ciunt,
1993 5871 2140 5921 hanc
2162 5868 2305 5933 justi
2326 5869 2384 5920 in
2409 5867 2638 5920 virtutis
2665 5864 3010 5917 sacriﬁcium
3041 5868 3312 5916 vertunt:
3341 5870 3402 5919 et
