3908 6232
459 338 564 392 819

461 447 792 499 excolentes
814 448 955 499 recti
976 448 1284 511 puritatem
1308 460 1376 499 ac
1399 445 1923 508 mansuetudinem,
1941 447 2058 496 Deo

460 518 778 579 immolant,
792 531 965 581 quam
982 520 1383 570 abominantes
1397 518 1624 582 reprobi
1638 518 1958 569 fatuitatem
1971 533 2060 577 pu-

464 594 603 641 tant.
629 591 754 640 Duo
776 594 913 640 sunt
938 591 1192 654 martyrii
1212 603 1450 653 genera:
1472 603 1649 641 unum
1668 589 1900 647 mentis,
1918 591 2059 636 aliud

465 662 716 725 corporis
732 674 744 719 ;
759 674 943 712 unum
967 662 1351 723 manifestum,
1371 661 1527 712 aliud
1539 661 1849 712 occultum.
1863 658 2065 708 Manife-

466 739 623 784 stum
648 736 754 792 est,
784 733 1013 795 quando
1041 738 1274 797 propter
1295 736 1481 784 Deum
1506 745 1714 796 corpus
1738 731 2014 782 occiditur
2047 744 2059 780 :

466 803 758 854 occultum
783 808 888 860 est,
917 804 1148 867 quando
1166 817 1268 868 pro
1283 817 1475 855 amore
1494 804 1591 854 Dei
1608 803 1749 853 vitia
1761 808 2061 851 resecantur.

467 874 629 927 Unde
662 874 973 938 Apostolus
1009 888 1116 926 nos
1139 876 1431 939 admonet,
1459 875 1658 926 dicens
1686 889 1700 922 :
1734 873 2065 924 Mortiﬁcate

468 946 727 997 membra
748 950 961 1009 vestra,
986 959 1109 1009 quae
1137 949 1273 996 sunt
1293 950 1715 1010 superterram:
1742 944 2067 995 fornicatio-

471 1028 624 1075 nem,
640 1016 1086 1081 immunditiam,
1111 1017 1415 1077 luxuriam,
1439 1020 1545 1068 etc.
1571 1015 1783 1078 (Coloss.
1810 1013 1901 1078 3.).
1926 1015 2069 1075 Quia

472 1099 609 1150 ergo
635 1086 743 1139 viri
766 1088 1099 1139 sanctidum
1124 1089 1242 1140 Deo
1268 1088 1481 1151 vivere,
1504 1092 1563 1138 et
1583 1086 1801 1138 mundo
1814 1086 1958 1137 mori
1977 1098 2069 1151 ap-

473 1161 693 1223 petunt,
723 1170 851 1210 sese
878 1158 1238 1212 incessanter
1264 1158 1545 1223 afﬂigunt,
1580 1170 1812 1209 carnem
1832 1158 2069 1221 jejuniis

474 1228 835 1281 macerando.
877 1229 1078 1294 culpas
1121 1230 1391 1295 lacrymis
1426 1230 1693 1290 lavando,
1721 1228 1861 1280 vitia
1892 1229 2072 1280 extin-

473 1300 735 1364 guendo:
762 1306 914 1353 recte
940 1314 1080 1353 voce
1123 1314 1322 1353 eorum
1351 1313 1507 1351 nunc
1532 1300 1772 1351 dicitur:
1799 1300 2069 1359 Quoniam

475 1375 694 1435 propter
715 1375 760 1420 te
791 1372 1187 1434 mortiﬁcamur
1202 1377 1310 1421 tota
1330 1370 1432 1421 die.
1449 1370 2072 1420 zEstimalisumussicul

479 1457 595 1491 oves
609 1442 904 1493 occisionis.
943 1442 1052 1494 Sed
1086 1443 1147 1494 in
1168 1443 1239 1493 iis
1265 1441 1729 1493 tribulationibus
1753 1441 2070 1504 constituti,

481 1514 613 1577 quia
624 1512 683 1563 in
700 1513 822 1563 suis
833 1512 1055 1565 viribus
1069 1525 1188 1564 non
1204 1512 1520 1575 confidunt,
1534 1513 1846 1571 Dominiadj
1856 1514 2072 1561 utorium

480 1587 851 1649 petunt,cum
869 1583 1136 1635 subditur
1161 1601 1173 1635 :
1212 1581 1363 1651 21⁷
1403 1585 1650 1648 Exsurge
1680 1599 1848 1648 quare
1884 1583 2077 1633 obdor-

481 1656 587 1703 mis
622 1654 797 1704 Deus?
827 1670 1069 1719 exsurge,
1104 1659 1149 1704 el
1184 1671 1249 1705 ne
1274 1656 1498 1721 repellas
1522 1657 1583 1704 in
1604 1657 1786 1719 ﬁnem.
1821 1655 2076 1707 Dormire

482 1724 833 1789 quiescentis
844 1730 1264 1791 est,exsurgere
1279 1726 1708 1792 pugnantis,vel
1723 1725 2072 1793 edjuvantis.

1522 336 1789 387 RUFINO
1824 333 2287 385 PRESBYTERO
2318 331 2700 383 ASCRIPTUS

3680 320 3768 375 8213

2164 450 2216 492 ut
2235 445 2521 503 intelligant
2541 443 2861 491 eminentiam
2888 442 3181 489 divinitatis
3204 444 3256 487 et
3283 434 3769 503 humanitatisChri-

2162 509 2245 569 sti,
2283 508 2374 566 qui
2406 502 2631 554 Christus
2664 507 3038 570 commendatur
3071 505 3132 570 in_
3146 502 3583 570 hocpsalmoLet
3608 511 3767 570 secun-

2160 563 2281 617 dum
2298 563 2689 616 _humanitatem
2714 573 2760 614 et
2786 568 3064 614 secundum
3104 566 3461 613 divinitatem.
3488 563 3684 608 Materia
3706 574 3767 604 es:

2160 634 2212 679 in
2242 634 2331 678 hoc
2355 632 2548 691 psalmo
2571 644 2785 689 sponsus
2814 635 2859 675 et
2880 643 3083 689 sponsa,
3112 627 3375 691 subaudis
3399 626 3637 672 Christus
3649 624 3766 668 etEr.‘

2162 695 2330 743 clcsia.
2358 690 2507 740 illanc
2545 694 2636 739 hoc
2664 692 2811 739 modo
2846 692 3130 750 exequitur.
3169 693 3227 736 In
3264 690 3441 748 prima.
3472 693 3611 746 parte
3649 694 3767 750 poni

2162 756 2643 803 commendationem
2672 752 2863 814 sponsi,
2890 749 3055 811 idest,
3075 752 3288 801 Christi.
3308 754 3367 798 In
3388 749 3769 814 secundaEccEs-

2162 821 2267 866 sim.
2296 818 2509 882 Intentio
2531 822 2603 882 est
2632 810 2953 882 prophetaein
2980 817 3073 862 hoc
3092 816 3303 882 psalmo
3329 815 3496 882 Deum
3508 810 3766 882 Patremlc-

2163 885 2398 941 quentem
2428 874 2809 931 introducantis.
2840 880 3008 944 ﬁdeles
3026 874 3312 944 exhortari,
3342 874 3600 944 uitaliter
3620 874 3766 944 vivere

2163 934 2410 1005 studeant,
2445 947 2693 1001 quatenus
2721 955 2771 987 se
2795 940 2887 1005 uni
2921 942 3027 1005 viro
3066 934 3349 1005 (subaudis
3374 934 3599 1005 Christo)
3626 935 3771 1005 virgi-

2165 1020 2279 1053 nem
2322 998 2505 1051 cas'tar'n
2541 1005 2809 1051 exhibeant
2835 1002 2898 1067 (ι.
2924 1002 3048 1053 Gor.
3073 998 3203 1064 11.):
3233 1002 3370 1050 utin
3394 1000 3596 1059 nuptiis
3616 1012 3645 1044 δ
3664 998 3765 1043 dex-

2168 1068 2258 1115 tris
2284 1067 2458 1126 sponsi
2487 1067 2569 1115 sui
2598 1067 2817 1114 sedeant.

2620 1168 3016 1234 PSALMUS
3060 1167 3312 1231 XLIV.

2231 1301 2284 1356 2.
2308 1300 2587 1351 Eructavil
2630 1314 2721 1349 cor
2761 1313 2945 1348 meum
2973 1298 3197 1348 verbum
3244 1298 3496 1347 bonum:
3539 1296 3653 1345 dico
3687 1310 3763 1358 ego

2170 1389 2333 1438 opera
2354 1387 2476 1423 mea
2497 1371 2625 1435 regi.
2664 1373 2772 1423 Cor
2806 1371 2907 1422 Dei
2951 1370 3138 1424 Patris
3182 1370 3448 1421 verbum
3483 1368 3761 1419 cruciavit.

2171 1445 2307 1509 quia
2329 1445 2455 1507 ejus
2472 1444 2692 1494 secreta
2711 1441 2976 1494 etdivina
2992 1440 3254 1493 essentia
3267 1439 3493 1490 Filium
3517 1442 3764 1499 generavit,

2172 1516 2271 1581 qui
2300 1528 2433 1566 vere
2470 1517 2529 1565 et
2556 1513 2923 1577 singulariter
2954 1513 3165 1573 bonus,
3201 1512 3343 1574 quia
3368 1512 3529 1561 sicut
3551 1510 3664 1573 ipse
3680 1510 3767 1565 ait.

2171 1590 2353 1640 Nemo
2377 1587 2585 1649 bonus,
2610 1584 2723 1635 nisi
2749 1584 2908 1635 solus
2933 1584 3308 1647 Deus-(Marc.
3340 1582 3473 1644 10.).
3504 1584 3767 1642 Quaecun-

2173 1672 2285 1723 que
2308 1657 2459 1709 enim
2482 1656 2593 1707 alia
2618 1657 2785 1717 bona,
2807 1654 3037 1706 aliunde
3058 1657 3197 1705 sunt
3221 1655 3416 1704 bona:
3451 1656 3513 1703 et
3536 1652 3665 1702 nihil
3681 1664 3769 1714 per

2176 1744 2239 1781 se
2250 1736 2333 1782 est
2357 1730 2593 1790 bonum,
2617 1727 2728 1777 nisi
2752 1727 2871 1790 ipse
2901 1726 3079 1787 solus,
3104 1724 3207 1788 qui
3230 1736 3549 1776 summum
3570 1728 3653 1774 est
3678 1723 3767 1772 bo-

483 1796 1121 1885 Dormiebat‘christus,
1145 1802 1203 1850 et
1228 1798 1492 1850 navicula
1515 1799 1875 1885 operiebatur
1886 1799 2075 1882 ﬁucti-
2103 1811 2154 1885 Β
2174 1802 2436 1885 ῃιιωηΕξι
2446 1798 2536 1850 his
2554 1797 2744 1885 verbis
2769 1796 3119 1885 (ξιφιᾱίιὲτί
3128 1797 3267 1859 quia
3284 1796 3555 1846 Verbum
3577 1797 3767 1885 conslia-

484 1868 1040 1932 bus.Excitatuslest,
1061 1869 1442 1934 deprecantur
1457 1882 1587 1921 eum
1604 1870 1884 1935 discipuli,
1897 1871 2077 1935 impe-

486 1943 573 1991 rat
596 1939 786 1991 ventis
814 1943 874 1992 et
906 1940 1070 2003 mari,
1094 1944 1153 1992 et
1175 1941 1327 1993 facta
1349 1945 1441 1993 est
1464 1942 1847 2005 tranquillitas
1870 1954 2084 2005 magna

486 2011 696 2074 (Matth.
729 2010 822 2073 8.).
855 2011 945 2063 Sic
984 2016 1043 2063 et
1077 2024 1235 2063 nunc
1267 2012 1486 2064 laborat
1524 2012 1775 2065 Ecclesia
1792 2014 1853 2064 in
1882 2013 2083 2064 mundi

486 2082 661 2147 hujus
704 2082 968 2146 periculis
996 2088 1272 2146 tanquam
1300 2083 1362 2134 in
1388 2084 1662 2135 ﬂuctibus
1684 2086 1879 2135 maris.
1908 2084 2084 2146 Quasi

488 2153 700 2205 dormit
715 2154 1009 2217 Dominus,
1029 2154 1262 2218 quando
1276 2166 1394 2206 non
1405 2155 1589 2218 eripit.
1609 2156 2084 2216 Excitaturdepre-

490 2224 834 2284 cationibus,
852 2230 910 2276 et
928 2225 1165 2287 adjuvat
1176 2225 1519 2277 laborantes.
1542 2227 1841 2290 Propterea
1857 2229 2081 2290 quaerit,

489 2298 673 2358 Quare
697 2295 992 2347 obdormis
1009 2301 1033 2346 ?
1054 2297 1189 2360 quia
1200 2297 1456 2359 quandiu
1475 2298 1719 2360 quisque
1739 2299 2087 2362 permittitur

491 2366 766 2428 laborare,
782 2370 841 2418 et
850 2366 1133 2418 Dominus
1148 2379 1264 2418 non
1275 2367 1401 2418 vult
1409 2367 1500 2430 adj
1511 2380 1702 2432 uvare,
1718 2369 2001 2420 incertum
2013 2374 2087 2418 est

494 2440 691 2489 utrum
727 2436 836 2487 hoc
881 2438 957 2489 sit
985 2450 1057 2489 ex
1090 2438 1191 2500 ira,
1215 2441 1318 2490 aut
1339 2451 1411 2489 ex
1434 2432 1825 2492 misericordia
1849 2458 1860 2489 :
1888 2445 2086 2492 utrum

493 2521 627 2560 eum
645 2507 786 2559 velit
807 2508 879 2559 ad
890 2513 1129 2574 tempus
1152 2510 1391 2573 probare
1412 2511 1775 2575 etcorrigere,
1790 2524 1865 2563 an
1880 2524 1951 2563 ex
1968 2517 2087 2564 toto

494 2578 831 2640 relinquere.
849 2579 1081 2643 Propter
1098 2579 1206 2631 hoc
1222 2578 1287 2631 ﬁt
1297 2580 1637 2644 deprecatio,
1656 2594 1790 2632 cum
1809 2582 2088 2633 subinfer-

495 2653 591 2701 tur
617 2664 629 2699 :
658 2650 903 2715 Exurge,
928 2655 985 2702 et
1008 2663 1081 2702 ne
1104 2651 1340 2715 repellas
1363 2652 1424 2702 in
1457 2652 1646 2713 finem,
1666 2652 1723 2704 id
1740 2658 1828 2704 est
1852 2666 1923 2704 ex
1947 2657 2086 2718 toto,

496 2721 554 2771 Si
576 2720 813 2783 deseris,
851 2734 972 2773 non
1006 2721 1263 2786 repellas.
1299 2722 1355 2773 Si
1386 2722 1477 2774 vis
1501 2725 1567 2774 ut
1589 2723 1945 2786 tribulemur,
1971 2737 2091 2776 non

498 2792 661 2853 velis,
687 2796 753 2843 ut
776 2792 1125 2857 frangamur.
1153 2794 1210 2844 Si
1239 2795 1522 2859 permittis
1552 2800 1618 2847 ut
1640 2800 1946 2857 tentemur,
1972 2808 2092 2848 non

498 2862 658 2915 sinas
687 2867 752 2914 ut
773 2876 1097 2927 pereamus.

559 2933 646 2988 23.
676 2935 854 2993 Quare
876 2934 1073 2999 faciem
1103 2940 1254 2985 luam
1268 2935 1501 2987 avertis?
1515 2936 1689 2997 Quasi
1710 2934 2091 2999 iratus,quasi

496 3018 615 3057 non
627 3005 805 3069 adsis,
822 3007 989 3070 quasi
1003 3006 1216 3059 oblitus
1238 3007 1318 3058 sis
1334 3008 1532 3059 nostri.
1553 3006 1879 3057 Oblivisceris
1894 3007 2091 3071 inopiae

495 3082 706 3141 nostrae,
722 3077 876 3142 quod
900 3081 1129 3143 propter
1152 3083 1207 3131 te
1222 3079 1556 3142 reliquimus
1580 3084 1824 3141 terrena,
1841 3082 1899 3130 et
1922 3078 2094 3129 modo

492 3162 705 3201 sumus
746 3149 914 3213 quasi
940 3150 1067 3202 sine
1090 3162 1216 3214 ope,
1250 3150 1375 3202 sine
1399 3151 1617 3202 solatio.
1649 3151 1718 3200 Et
1743 3149 2095 3201 Oblivisceris

500 3221 640 3271 tribu
648 3221 867 3271 talionis
883 3226 1075 3271 nostrae
1088 3224 1115 3273 ?
1126 3221 1280 3286 quod
1291 3234 1393 3286 pro
1407 3234 1601 3274 amore
1619 3226 1717 3273 tuo
1740 3221 2095 3283 tribulemur,

499 3297 559 3344 et
578 3305 697 3345 non
717 3292 1001 3356 eripimur.

562 3362 649 3417 24.
672 3362 946 3421 Quoniam
968 3363 1264 3414 humiliata
1286 3363 1433 3412 estin
1451 3363 1665 3427 pulvere
1679 3363 1875 3413 anima
1889 3366 2095 3412 nostra.

508 3434 736 3487 Aﬁlicta
759 3438 848 3485 est
869 3446 970 3496 per
991 3446 1109 3497 eos,
1126 3434 1226 3497 qui
1243 3437 1380 3485 sunt
1396 3433 1693 3485 instabiles
1705 3439 1762 3486 et
1780 3435 2097 3496 infructuosi,

504 3509 780 3566 tanquam
804 3504 1022 3567 pulvis:
1042 3504 1113 3554 de
1136 3504 1348 3566 quibus
1371 3503 1504 3555 alibi
1518 3504 1742 3567 dicitur,
1758 3507 1883 3556 Non
1900 3504 2100 3556 sicim-

503 3574 603 3639 pii,
632 3586 751 3625 non
775 3574 858 3624 sic
894 3573 1055 3637 (Psal-
1087 3573 1155 3635 1.)
1192 3588 1205 3625 :
1232 3574 1338 3625 Sed
1366 3578 1642 3637 tanquam
1667 3575 1891 3639 pulvis:
1928 3588 2101 3637 quem

503 3644 624 3707 proj
633 3643 731 3695 icit
753 3647 963 3695 ventus
978 3656 1011 3693 a
1022 3644 1167 3694 facie
1192 3648 1376 3696 terrm.
1392 3647 1684 3695 Intantum
1700 3650 1894 3696 autem
1909 3645 2102 3697 humi-

502 3717 641 3768 liata
674 3719 765 3767 est
792 3715 852 3766 in
877 3714 1112 3778 pulvere
1133 3715 1326 3766 anima
1357 3719 1570 3777 nostra,
1596 3716 1752 3778 quod
1776 3716 1948 3767 etiam
1970 3731 2103 3766 con-

504 3787 807 3851 glutinatus
830 3791 901 3836 est
924 3787 986 3835 in
1016 3791 1161 3835 terra
1184 3792 1359 3835 venter
1377 3791 1572 3837 noster.
1598 3788 1833 3839 Poenam
1860 3788 1966 3848 (Ea:
1983 3790 2102 3837 Au-

510 3857 953 3921 gustino)nimite
976 3857 1313 3909 humilitatis
1337 3857 1564 3910 videtur
1583 3859 1955 3924 expressisse,
1969 3858 2103 3922 quia

509 3930 775 3995 quisquis
799 3930 1031 3994 quando
1044 3930 1436 3994 prosternitur,
1456 3930 1638 3983 haeret
1658 3932 1717 3983 in
1743 3934 1891 3984 terra
1907 3936 2102 3984 venter

506 4003 635 4067 ejus
663 4016 675 4052 :
702 4002 853 4054 ultra
874 4014 988 4065 quo
1004 4001 1336 4053 humilietur
1349 4015 1466 4054 non
1487 4003 1673 4055 habet.
1698 4005 1731 4055 J
1734 4016 1826 4055 am
1842 4003 2102 4068 pervenit

507 4085 691 4136 usque
719 4074 791 4124 ad
821 4086 1117 4125 summum
1139 4072 1478 4126 humiliatio.
1498 4074 1768 4127 Veniatet
1790 4074 2098 4126 miseratio.

514 4145 724 4197 Venter
738 4145 1010 4197 Ecclesiae
1025 4146 1086 4197 in
1102 4150 1252 4197 terra
1268 4145 1711 4211 conglutinatur,
1737 4145 1969 4209 quando
1980 4147 2103 4193 mol-

505 4218 676 4271 liores
687 4217 966 4271 etinﬁrmi
987 4219 1225 4271 terrenis
1248 4219 1421 4271 rebus
1444 4231 1519 4270 ex
1542 4218 1820 4270 desiderio
1838 4221 2100 4269 inhaarent.

509 4289 678 4342 Tales
700 4302 836 4342 vero
859 4289 1036 4355 luget.
1071 4294 1129 4341 et
1158 4302 1258 4355 pro
1280 4291 1364 4342 eis
1385 4294 1526 4351 orat,
1552 4303 1686 4341 cum
1712 4288 2035 4353 subjungit:

567 4359 655 4415 25.
686 4361 952 4426 Exsurge,
989 4362 1145 4419 Deus,
1176 4362 1382 4426 adjuva
1422 4376 1520 4411 nos
1544 4377 1559 4410 :
1586 4366 1631 4409 et
1661 4360 1827 4410 libera
1848 4376 1945 4409 nos
1973 4373 2102 4424 pro-

505 4436 621 4496 pler
637 4447 835 4482 nomen
860 4438 1033 4482 tuum.
1067 4432 1296 4497 Adjuva
1316 4432 1661 4494 laborantes,
1678 4432 1851 4484 libera
1866 4443 2099 4495 oppres—

507 4516 604 4555 sos
632 4518 644 4554 :
669 4504 883 4568 adjuva
903 4504 964 4555 in
987 4504 1173 4565 nobis,
1199 4504 1375 4556 libera
1385 4517 1493 4556 nos
1509 4517 1543 4555 a
1571 4504 1739 4555 malis
1758 4521 1768 4552 :
1784 4508 1841 4554 et
1862 4502 1972 4555 hoc
1983 4515 2103 4556 non

504 4580 737 4638 propter
758 4576 1027 4627 meritum
1052 4581 1337 4637 nostrum,
1364 4576 1465 4628 sed
1488 4579 1718 4641 propter
1736 4587 1945 4626 nomen
1958 4581 2098 4624 tuum

506 4644 865 4697 dilatandum
889 4651 947 4698 et
973 4646 1512 4710 gloriﬁcandum,ut
1532 4645 2101 4711 cognoscarisetlau-

506 4715 677 4777 deris,
702 4717 803 4779 qui
826 4729 889 4768 es
916 4717 1257 4770 benedictus
1276 4718 1338 4769 in
1358 4719 1589 4772 smcula.
1625 4722 1826 4770 Amen.

794 4839 1159 4905 TITULUS
1204 4842 1529 4907 PSALMI
1571 4843 1809 4908 XLIV.

570 4955 704 5023 ‘l._l_n
725 4956 908 5022 ﬁnem,
928 4971 1029 5023 pro
1043 4958 1144 5020 his,
1160 4958 1256 5023 qui
1271 4959 1684 5023 conturbantur,
1697 4960 1826 5022 ﬁliis
1845 4960 2018 5010 Chore
2028 4954 2101 5008 ad

507 5017 854 5080 intellectum,
873 5017 1147 5070 canticum
1167 5017 1269 5085 pro
1294 5021 1494 5070 dilecto.
1514 5025 1614 5070 Hoc
1629 5017 2030 5084 epithalamium,
2049 5024 2101 5070 id

504 5087 594 5148 est,
620 5095 820 5148 carmen
849 5084 1090 5144 nuptiale,
1122 5084 1194 5133 est
1217 5086 1487 5148 canticum,
1513 5086 1564 5131 id
1589 5090 1691 5148 est,
1707 5087 2023 5135 auditoribus
2037 5087 2098 5134 ad

503 5146 853 5194 delectandum
876 5148 1205 5207 propositum.
1234 5146 1482 5194 Habitum
1490 5160 1591 5209 pro
1614 5146 1816 5207 dilecto,
1836 5150 1886 5196 id
1903 5153 1990 5209 est,
2009 5163 2100 5209 pro

504 5209 688 5273 Christi
715 5209 1173 5273 commendatione,
1191 5209 1280 5273 qui
1300 5214 1375 5273 est
1385 5222 1598 5273 sponsus
1616 5210 1869 5273 Ecclesiae,
1886 5212 2099 5258 dilectus

500 5271 679 5331 Patris,
691 5273 974 5335 secundum
990 5272 1120 5319 illud
1134 5284 1148 5321 :
1164 5272 1254 5318 Hic
1263 5275 1335 5317 est
1348 5271 1483 5318 ﬁlius
1494 5285 1636 5319 meus
1651 5271 1865 5321 dilectus
1878 5273 2097 5335 (Matth.

501 5335 548 5383 3.
582 5336 629 5381 el
662 5336 739 5384 i7.
764 5334 889 5384 Luc.
916 5333 1002 5394 3.).
1029 5336 1087 5381 Et
1109 5347 1264 5393 quare
1286 5346 1504 5393 sponsus
1525 5333 1898 5383 commendetur
1922 5350 2099 5383 caussa

500 5396 759 5461 prtemissa
773 5401 865 5454 est,
882 5410 982 5459 pro
1000 5396 1103 5457 his,
1122 5395 1217 5459 qui
1229 5395 1704 5461 committebantur
1718 5397 1772 5445 in
1790 5400 1953 5460 ﬁnem
1968 5397 2097 5461 ﬁliis

502 5456 693 5507 Chore.
714 5460 765 5506 Id
777 5464 866 5519 est,
883 5456 976 5519 pro
992 5460 1072 5507 his
1088 5456 1177 5519 qui
1202 5460 1690 5507 transformabuntur
1705 5462 1764 5507 de
1787 5456 1989 5520 corpore
2006 5463 2098 5508 hu-

498 5522 726 5570 militatis
751 5523 908 5580 hujus
926 5523 980 5569 in
1005 5524 1395 5581 conﬁguratione
1410 5524 1629 5582 corporis
1652 5524 1888 5570 claritatis
1913 5524 2097 5571 Christi

498 5582 729 5645 (Philip.
758 5585 851 5644 3.):
878 5586 967 5644 qui
991 5585 1225 5644 primitus
1249 5587 1301 5632 in
1332 5587 1423 5633 hac
1447 5586 1549 5633 vita
1574 5587 1777 5633 fuerunt
1801 5586 1892 5633 filii
1919 5588 2093 5644 Chore,

500 5642 551 5688 id
574 5651 648 5691 est
669 5642 945 5693 imitatores
967 5642 1257 5706 passionum
1281 5649 1509 5696 cruciﬁxi
1540 5665 1550 5695 :
1576 5650 1708 5707 quod
1740 5650 1989 5696 canticum
2024 5642 2097 5696 est

500 5715 811 5773 propositum
828 5717 1065 5765 ﬁdelibus
1087 5720 1150 5767 ad
1166 5719 1493 5782 intellectum,
1526 5717 1681 5786 218
1718 5721 1771 5767 in
1798 5720 1962 5779 est,ad
1982 5720 2093 5777 hoc,

572 5864 590 5883 ⁸
615 5853 788 5918 Apud
823 5858 1236 5925 Augustinum,
1263 5867 1481 5926 propter
1500 5862 1717 5913 verbum
1754 5877 1944 5916 unum.

2120 3182 2170 3258 C

2122 4597 2181 4670 D

2179 1871 2444 1925 stantiale
2464 1874 2556 1921 est
2580 1868 2743 1920 Patri.
2780 1870 2849 1919 Et
2877 1868 2999 1931 ipse
3022 1869 3187 1917 Pater
3216 1878 3398 1931 opera
3422 1878 3539 1917 sua
3566 1865 3673 1930 regi
3692 1865 3768 1915 di-

2181 1945 2276 2006 cit,
2308 1942 2443 2006 quia
2465 1953 2598 1992 cum
2622 1939 2757 1991 Filio
2781 1951 2885 1991 suo
2909 1939 3107 1989 omnia
3128 1938 3398 2002 disponit
3424 1955 3436 1986 :
3476 1941 3535 1988 et
3557 1950 3649 2001 per
3675 1936 3769 1987 hor

2182 2015 2335 2079 quod
2357 2012 2721 2076 omnipotens
2745 2022 2878 2062 cum
2902 2011 3066 2061 Patre
3089 2008 3445 2072 intelligitur
3468 2008 3662 2059 Filius.
3683 2009 3773 2058 Per

2182 2085 2416 2139 corideo
2432 2083 2613 2134 Patris
2625 2081 2985 2133 divinitatem
3001 2081 3345 2144 accipimus,
3365 2081 3507 2143 quia
3526 2081 3668 2130 sicut
3690 2092 3779 2142 per

2184 2158 2423 2211 verbum
2447 2154 2616 2205 alicui
2640 2152 2978 2204 intimamus
3000 2156 3222 2203 secreta
3248 2151 3468 2211 cordis,
3487 2152 3572 2201 sic
3585 2164 3678 2216 per
3696 2152 3782 2201 Fi-

2183 2230 2325 2282 lium
2369 2225 2730 2278 manifestata
2765 2227 2855 2276 est
2885 2223 3161 2275 divinitas
3194 2223 3402 2273 Patris.
3443 2224 3624 2274 Nemo
3641 2222 3784 2273 enim

2183 2300 2347 2353 novit
2386 2298 2610 2361 Filium,
2650 2296 2762 2347 nisi
2800 2307 2898 2359 per
2935 2296 3181 2347 Patrem.
3219 2296 3305 2345 Ne
3341 2298 3585 2357 putares
3606 2293 3785 2355 aliquo

2186 2371 2453 2435 conjugio
2472 2368 2791 2432 indiguisse
2816 2369 3016 2427 Deum,
3044 2367 3203 2417 unde
3233 2366 3448 2417 Filium
3467 2372 3781 2431 generaret:

2184 2443 2463 2494 Eructavit
2486 2439 2705 2503 (inquit)
2728 2453 2818 2487 cor
2838 2452 3019 2487 meum
3042 2437 3264 2486 verbum
3279 2437 3499 2497 bonum,
3525 2436 3581 2487 id
3597 2440 3696 2497 est,
3720 2448 3787 2486 ex

2187 2515 2406 2579 meipso
2445 2510 2790 2564 aeternaliter
2821 2508 2996 2572 genui
3026 2509 3253 2559 Filium.
3283 2508 3473 2559 Hodie
3497 2521 3594 2560 cor
3613 2512 3786 2558 tuum.

2187 2587 2381 2648 homo,
2403 2587 2640 2649 generat
2658 2580 2992 2632 consilium:
3020 2592 3128 2631 nec
3168 2579 3392 2642 quaeris
3427 2591 3683 2629 uxorem.
3708 2581 3786 2626 Per

2189 2656 2489 2709 consilium
2513 2659 2715 2705 natum
2737 2652 2797 2703 in
2827 2651 2995 2703 corde
3018 2655 3120 2702 tuo
3132 2650 3363 2702 mditica
3377 2650 3787 2713 aliquid,etan-

2192 2733 2425 2791 tequam
2437 2729 2552 2777 stet
2573 2724 2669 2775 illa
2691 2723 2918 2782 fabrica,
2946 2726 3064 2773 stat
3085 2721 3421 2782 consilium,
3438 2721 3664 2772 etinest
3675 2721 3782 2783 jam

2190 2799 2344 2862 quod
2370 2799 2623 2849 facturus
2651 2807 2733 2855 es,
2748 2794 2808 2844 in
2829 2806 2897 2844 eo
2921 2805 3022 2857 per
3045 2792 3205 2855 quod
3232 2792 3501 2844 facturus
3512 2804 3593 2842 es.
3612 2794 3785 2838 Iaudes

2189 2871 2464 2925 fabricam
2498 2867 2759 2919 nondum
2791 2865 3137 2917 existentem
3178 2880 3189 2912 :
3240 2864 3347 2915 sed
3382 2864 3443 2913 in
3467 2863 3787 2925 probatione

2192 2941 2432 2996 consilii.
2474 2942 2621 3002 Ergo
2647 2938 2695 2989 si
2720 2949 2817 3001 per
2854 2936 3098 2987 verbum
3121 2935 3338 2993 omnia,
3364 2937 3425 2985 et
3446 2934 3699 2985 Verbum
3722 2933 3779 2983 de

2192 3018 2311 3068 Deo
2339 3031 2349 3062 :
2377 3012 2593 3076 inspice
2621 3009 2887 3060 fabricam
2915 3006 3122 3058 factam
3138 3019 3238 3071 per
3260 3007 3541 3068 Verbum,
3553 3011 3613 3056 et
3631 3006 3687 3055 in
3702 3007 3781 3052 isto

2194 3085 2435 3139 aediﬁcio
2466 3083 2673 3134 mirare
2708 3078 3015 3131 consilium
3048 3079 3178 3127 Dico
3207 3078 3435 3141 (inquit)
3487 3092 3651 3141 opera
3680 3090 3781 3124 mea

2193 3158 2327 3223 regi.
2356 3155 2574 3209 Miraris
2590 3152 2725 3217 quia
2745 3152 2825 3203 ita
2833 3150 2969 3202 dicit
2987 3152 3143 3223 Deus
3156 3154 3179 3198 ?
3195 3150 3287 3223 Sic
3307 3149 3499 3223 dicere
3511 3150 3785 3223 Daaiteter:

2195 3218 2338 3282 num
2362 3231 2465 3279 est.
2492 3225 2724 3287 Legitur
2748 3222 3112 3286 (ΕωΑιιριιει.)
3132 3222 3195 3272 in
3214 3220 3329 3272 alio
3346 3220 3576 3284 psalmo
3594 3218 3786 3271 :Semel

2195 3301 2421 3353 locutus
2447 3301 2537 3349 est
2549 3297 2700 3346 Deus
2721 3292 2880 3357 (Psal.
2900 3291 2957 3346 61
2974 3292 3004 3357 .)
3032 3292 3269 3343 Totiens
3294 3292 3533 3343 locutus
3550 3294 3790 3343 estDeus

2198 3386 2296 3438 per
2314 3369 2640 3434 prophetas,
2660 3378 2759 3429 per
2781 3364 3110 3430 Apostolos,
3122 3376 3226 3438 per
3240 3362 3785 3438 doctores(chr.t.3:

2197 3432 2483 3504 hodieque
2506 3437 2759 3500 loquitur
2779 3448 2878 3499 per
2901 3439 3156 3486 sanctos.
3175 3434 3343 3485 Unde
3368 3447 3508 3497 ergo
3532 3432 3789 3484 semello-

2194 3516 2371 3567 'cutus
2408 3513 2496 3564 est
2526 3512 2699 3569 Deus,
2732 3506 2843 3558 nisi
2866 3512 3097 3571 propter
3126 3516 3144 3535 ³
3170 3508 3423 3558 verbum
3460 3507 3712 3557 bonum?
3733 3505 3786 3553 Et

2199 3598 2395 3651 quare,
2412 3584 2582 3648 Opera
2598 3595 2715 3629 mea
2741 3580 2860 3628 dico
2876 3580 2988 3651 regi
3003 3583 3027 3628 .9
3041 3579 3186 3651 Quia
3201 3580 3261 3629 in
3279 3579 3409 3642 ipso
3419 3590 3512 3629 om
3520 3578 3616 3651 nia
3633 3586 3787 3640 opera

2198 3650 2299 3709 Dei
2325 3658 2492 3719 (Rom.
2525 3652 2645 3714 11.).
2673 3650 2954 3713 Quicquid
2976 3650 3129 3700 enim
3147 3650 3417 3701 facturus
3431 3650 3625 3719 eratin
3650 3658 3787 3719 crea-

2201 3730 2347 3791 tura,
2368 3727 2489 3790 jam
2513 3724 2574 3774 in
2599 3722 2788 3773 Verbo
2810 3723 2961 3772 erat:
2989 3720 3140 3770 sicut
3168 3720 3229 3771 in
3254 3719 3575 3783 Evangelio
3596 3718 3783 3775 dicitur

2201 3798 2364 3862 Quod
2388 3797 2601 3847 factum
2619 3796 2711 3844 est
2731 3792 2788 3841 in
2814 3792 2956 3862 ipso,
2974 3790 3094 3843 vita
3114 3793 3255 3842 erat.
3284 3793 3416 3842 Non
3441 3795 3667 3862 tantum
3686 3802 3780 3836 cun:

2199 3861 2335 3935 rege
2363 3867 2605 3931 dispono
2620 3862 2831 3935 omnia,
2846 3861 2947 3935 sed
2975 3862 3148 3935 etiam
3172 3874 3274 3926 per
3288 3874 3428 3913 eum
3442 3861 3639 3935 omnia
3658 3862 3782 3935 facio.

2200 3930 2403 3993 Et'hoc
2430 3943 2537 4001 est,
2563 3935 2719 3999 quod
2737 3933 2954 3985 subdit:
2978 3934 3198 3997 Lingua
3222 3948 3342 3983 mea
3363 3934 3612 3982 calamus
3625 3930 3783 3981 scrib:

2201 4013 2421 4075 Lingua
2451 4020 2598 4071 mea,
2625 4007 2683 4057 id
2719 4010 2826 4068 est,
2860 4005 3052 4069 ipsum
3091 4004 3335 4056 verbum
3376 4006 3625 4069 (ponitur
3650 4001 3782 4054 enim

2201 4094 2408 4135 caussa
2440 4093 2543 4145 pro
2579 4077 2799 4138 effectu)
2825 4078 2917 4127 est
2943 4075 3203 4127 calamus
3233 4078 3352 4127 mei
3376 4076 3603 4128 scribae.
3649 4075 3783 4124 Sicut

2200 4155 2355 4207 enim
2380 4152 2566 4204 scriba
2587 4162 2688 4215 per
2709 4147 2988 4199 calamum
3014 4146 3297 4211 imprimit
3322 4148 3563 4210 ﬁguras,
3590 4146 3671 4197 sic
3696 4154 3779 4205 ego

2199 4239 2300 4292 per
2323 4225 2577 4277 Verbum
2601 4232 2799 4273 meum
2826 4231 3029 4292 operor
3051 4222 3475 4292 creaturasEst
3488 4218 3782 4292 autc-miris;

2201 4288 2466 4350 creatura
2483 4293 2753 4360 quaedam
2777 4290 2944 4342 nobis
2961 4290 3273 4363 Scriptura,
3291 4290 3354 4341 in
3370 4302 3486 4363 qua
3500 4289 3736 4363 legimus
3745 4288 3778 4363 et

2201 4359 2603 4434 cognoscimus
2626 4367 2831 4422 Deum,
2854 4365 3001 4412 teste
3026 4361 3321 4434 Apostolo,
3350 4362 3452 4424 qui
3474 4363 3584 4434 ait:
3610 4359 3781 4434 Invisi-

2202 4430 2336 4491 bilia
2366 4440 2518 4492 enim
2543 4436 2726 4502 ipsius
2751 4445 2855 4505 per
2883 4444 2968 4490 ea,
3000 4444 3133 4496 quas
3155 4432 3307 4483 facta
3332 4437 3490 4505 sunt,
3518 4430 3779 4505 intellecta

2200 4498 2655 4577 conspiciuntur,
2681 4504 3029 4577 sempiterna
3045 4516 3280 4577 quoque
3301 4503 3493 4577 virtus
3509 4504 3561 4565 ej
3571 4515 3641 4577 us
3650 4505 3703 4577 et

2206 4573 2422 4635 vinitas
2463 4583 2636 4645 (Rom.
2673 4577 2765 4639 1.).
2806 4576 2876 4626 Et
2916 4575 3063 4626 bene
3100 4575 3199 4637 ait,
3249 4575 3504 4645 Velociter
3532 4573 3781 4645 scribentis

2206 4640 2485 4716 Quoniam
2507 4653 2631 4717 ipse
2660 4649 2824 4710 dixit,
2842 4650 2899 4697 et
2920 4645 3071 4697 facta
3094 4652 3235 4697 sunt
3257 4647 3429 4709 (Psal.
3458 4640 3781 4717 158.).Vel0:

2204 4708 2346 4778 citer
2362 4725 2473 4788 (Ea:
2496 4708 2695 4786 eodem)
2725 4722 2774 4789 2
2791 4708 2878 4791 [9
2908 4722 3011 4773 Dei
3031 4720 3143 4771 tale
3159 4708 3275 4791 est,
3292 4722 3359 4768 ut
3381 4716 3646 4791 velocius
3666 4708 3780 4764 nihil

2201 4798 2293 4849 sit.
2320 4787 2388 4849 In
2418 4787 2903 4861 scripturis—enim
2928 4792 3200 4845 scribitur
3230 4789 3400 4840 litera
3424 4793 3558 4852 post
3582 4787 3777 4861 literan

2200 4868 2421 4933 syllaba
2444 4851 2576 4933 post
2599 4866 2895 4938 syllabam,
2913 4865 3158 4938 verbum
3182 4865 3315 4925 post
3332 4851 3601 4938 verbum,
3616 4851 3777 4938 necati

2200 4929 2514 4992 secundum
2542 4929 2832 4999 transitur,
2858 4936 3040 4988 donec
3066 4933 3321 4998 primum
3344 4929 3687 4982 ﬁniatur.lbi
3706 4938 3781 4977 au-

2199 5014 2315 5063 tem
2343 5011 2486 5063 nihil
2513 5010 2784 5072 velocius,
2808 5009 2905 5060 ubi
2922 5020 3042 5059 non
3059 5009 3199 5057 sunt
3222 5006 3450 5055 mutata
3469 5002 3671 5053 verba:
3694 5006 3777 5048 nec

2201 5088 2393 5135 tamen
2415 5081 2629 5145 aliquid
2650 5080 3018 5145 praemissum
3046 5082 3154 5139 est,
3180 5088 3316 5145 cum
3340 5075 3401 5125 in
3425 5086 3545 5145 uno
3564 5073 3777 5145 sintom-

2197 5146 2312 5197 nia.
2351 5136 2789 5196 Commend‘avit
2826 5142 3035 5193 Filium
3059 5136 3390 5191 seCundum
3416 5136 3774 5187 divinitatem.

2197 5216 2559 5269 ostendendo
2571 5228 2702 5266 eum
2731 5211 3292 5265 consubstantialem
3315 5214 3374 5261 et
3396 5201 3778 5271 compotentia-

2194 5289 2309 5341 lem
2327 5288 2501 5339 Patri:
2519 5286 2687 5338 modo
2711 5284 3076 5338 commendat
3097 5295 3234 5335 eum
3260 5279 3591 5332 secundum
3605 5278 3772 5328 huma-

2195 5361 2459 5412 nitatem.
2490 5361 2570 5410 ita
2589 5373 2601 5408 :

2259 5432 2308 5486 3.
2338 5398 2615 5496 Specitisus
2644 5432 2830 5493 forma
2854 5444 2967 5494 prs:
2988 5429 3119 5491 ﬁliis
3144 5428 3443 5477 hominum
3460 5427 3646 5486 Quare
3672 5424 3763 5467 BOD

2198 5504 2303 5568 (Ea:
2325 5504 2577 5566 August.)
2601 5505 2656 5553 et
2677 5502 2829 5566 apud
2860 5500 3096 5565 angelos
3111 5503 3138 5549 ‘I
3167 5500 3275 5558 Qui
3300 5497 3658 5568 voluitdicere
3673 5497 3758 5563 ρτςκ

2194 5566 2324 5639 ﬁliis
2344 5575 2652 5635 hominum,
2664 5574 2787 5632 nisi
2811 5574 2945 5637 quia
2961 5574 3133 5623 homo
3150 5574 3176 5622 εὶ
3192 5570 3330 5622 Ideo
3346 5581 3469 5634 pm
3481 5566 3756 5639 filiishqlfltj

2194 5631 2336 5698 num
2362 5631 2673 5710 speciosus,
2692 5631 3126 5709 quia—immunis
3149 5655 3184 5695 a
3205 5631 3752 5710 peccato,quodalit1f

2193 5692 2621 5770 assumis;
2628 5692 3466 5779 w136x36.iiut—otiati(1839;:animi
3487 5692 3674 5773 fama.
3700 5692 3754 5748 ad
