3908 6232
93 353 205 409 821

1118 355 1192 405 ΙΝ
1225 352 1549 406 PSALMOS
1580 352 1789 404 LXXV
1824 352 2403 404 COMMENTARIUS.

3307 342 3414 399 822

93 463 616 538 exaggerationem
631 463 785 516 dicit:
806 466 955 517 sicut
970 464 1340 538 dicitur,Vita_
1350 462 1509 516 vivet
1523 463 1705 538 (Joain.
1726 465 1781 538 Α
1804 467 1897 515 est
1922 476 2024 514 rex
2050 466 2246 513 noster
2270 462 2459 538 gladio
2485 474 2608 538 suo.
2630 460 2958 538 Audiamus
2976 459 3106 538 jam.
3121 459 3414 538 quomodo

93 534 199 599 8.).
241 535 581 587 Judzeorum
602 548 908 599 personam
932 538 1169 600 gerebat
1183 534 1479 599 Propheta,
1498 551 1609 584 cum
1627 537 1710 583 di-

94 610 285 669 ceret,
316 606 584 658 Vidimus
608 620 739 657 eum
765 612 822 659 et
838 621 956 658 non
972 608 1221 659 habebat
1245 608 1490 671 speciem
1527 619 1713 670 neque

94 676 379 727 decorem
419 678 569 738 (Isai.
616 676 743 740 53.).
779 680 1004 739 Quare?
1039 677 1181 739 Quia
1204 690 1321 727 non
1345 677 1713 728 intellectum.

97 749 165 799 Si
202 748 359 798 enim
385 749 819 813 cognovissent,
846 761 1145 811 nunquam
1171 749 1481 799 Dominum
1516 748 1714 810 glorim

96 819 547 870 cruciﬁxissent
568 819 637 880 (1.
670 819 789 870 Cor.
817 819 909 882 2.).
938 820 1397 883 lntelligentibus
1420 824 1633 875 autem.
1657 825 1714 871 et

100 892 373 941 Verbum
399 903 530 943 caro
554 891 790 951 factum,
821 896 911 942 est
933 904 1145 955 magna
1168 891 1553 955 pulchritudo,
1581 891 1715 942 Mihi

96 967 311 1013 autem
345 962 497 1013 absit
524 960 753 1026 gloriari
787 962 950 1027 (dixit
986 976 1139 1014 unus
1162 962 1475 1013 amicorum
1502 962 1713 1026 sponsi)

96 1033 227 1083 ni51
266 1033 327 1084 in
361 1045 527 1083 cruce
556 1035 780 1084 Domini
804 1035 983 1085 nostri
1005 1036 1145 1086 Jesu
1168 1033 1378 1084 Christi
1406 1034 1597 1095 (Galat.
1624 1033 1713 1095 6.).

96 1106 324 1155 Parum
349 1106 437 1155 est
466 1108 531 1154 ut
554 1117 671 1155 non
694 1105 827 1157 inde
848 1104 1300 1159 erubescas.nisi
1317 1105 1491 1156 etiam
1511 1104 1718 1165 glorie-

97 1176 211 1226 ris.
240 1178 423 1237 Quare
447 1188 581 1238 ergo
604 1188 721 1227 non
740 1177 943 1228 habuit
960 1177 1226 1241 speciem,
1245 1188 1434 1239 neque
1449 1179 1671 1224 decorem
1692 1175 1720 1224 9

99 1247 262 1308 Quia
278 1246 541 1297 Christus
554 1249 704 1298 cruci
715 1248 1100 1301 fixusJudaais
1116 1248 1719 1310 scandalum,Gentihus

97 1323 313 1370 autem
331 1317 575 1369 stultitia
598 1323 689 1370 est
710 1319 780 1381 (1.
811 1320 932 1371 Cor.
955 1319 1047 1383 1.).
1072 1322 1257 1382 Quare
1280 1324 1476 1371 autem
1502 1319 1558 1370 in
1576 1334 1720 1369 cruce

101 1389 324 1441 habuit
348 1389 647 1441 decorem?
672 1391 814 1451 Quia
837 1392 994 1455 quod
1022 1392 1266 1443 stultum
1277 1391 1499 1453 estDei,
1517 1393 1721 1453 sapien-

104 1462 234 1511 tius
264 1463 551 1524 estquam
575 1461 839 1513 homines
867 1477 879 1513 :
903 1468 961 1514 et
985 1463 1141 1525 quod
1164 1463 1459 1514 infirmum
1483 1464 1573 1513 est
1598 1462 1717 1526 Dei,

105 1533 327 1584 fortius
373 1537 463 1583 est
493 1545 668 1596 quam
704 1534 967 1585 homines
998 1534 1189 1597 (Ibid).
1230 1534 1405 1585 Nobis
1439 1546 1576 1597 ergo
1602 1534 1721 1598 jam

104 1603 488 1654 credentibus
502 1603 714 1667 ubique
728 1616 978 1667 sponsus
990 1608 1252 1655 occurrat
1264 1606 1491 1665 pulcher.
1514 1605 1724 1652 Pulcher

109 1677 283 1726 Deus
299 1675 551 1725 Verbum
568 1678 690 1726 erat
705 1676 859 1738 apud
877 1678 1079 1727 Deum.
1096 1676 1336 1727 Pulcher
1346 1676 1407 1727 in
1422 1678 1586 1728 utero
1605 1675 1724 1727 Vir-

106 1745 296 1808 ginis,
311 1745 409 1796 ubi
426 1757 544 1796 non
559 1746 752 1797 amisit
768 1746 1129 1798 divinitatem
1140 1785 1152 1805 ,
1166 1751 1224 1798 et
1238 1747 1447 1798 sumsit
1462 1746 1723 1799 humani-

111 1821 324 1911 tatem.
343 1814 582 1867 Pulcher
602 1809 778 1911 natus
800 1817 989 1869 infans
1013 1817 1287 1911 Verbum,
1303 1817 1439 1881 quia
1451 1831 1582 1869 cum
1598 1822 1724 1911 esset
1746 1837 1801 1911 B

108 1888 332 1947 infans,
357 1900 490 1939 cum
515 1892 767 1952 sugerel,
784 1901 918 1940 cum
934 1889 1202 1940 manibus
1225 1894 1566 1953 portaretur,
1596 1890 1722 1942 caeli

108 1958 351 2022 loquuti
365 1961 518 2021 sunt,
532 1958 724 2023 angeli
740 1959 941 2011 laudes
957 1959 1451 2024 dixerunt,Magos
1469 1958 1633 2011 stella
1649 1960 1729 2011 di-

107 2030 285 2081 rexit.
308 2029 594 2081 Adoratus
619 2037 709 2081 est
730 2031 790 2082 in
802 2031 1081 2095 praesepio
1100 2031 1312 2083 cibaria
1328 2038 1721 2084 mansuetorum.

113 2100 366 2151 Pulcher
402 2106 521 2152 erat
554 2101 612 2152 in
646 2102 806 2165 caelo,
846 2102 1084 2166 pulcher
1115 2101 1176 2153 in
1213 2107 1382 2161 terra,
1407 2101 1646 2166 pulcher
1668 2102 1726 2153 in

112 2176 310 2229 utero,
337 2172 639 2235 pulcherin
655 2172 927 2224 manibus
944 2178 1266 2237 parentum,
1288 2173 1522 2236 pulcher
1537 2174 1596 2223 in
1618 2174 1727 2224 mi-

120 2243 364 2303 raculis,
387 2243 625 2307 pulcher
645 2245 707 2295 in
730 2244 989 2308 ﬂagellis,
1015 2244 1254 2309 pulcher
1276 2244 1529 2296 invitans
1545 2244 1616 2295 ad
1641 2244 1729 2295 vi-

122 2320 269 2374 tam,
290 2314 524 2377 pulcher
545 2327 664 2366 non
679 2328 886 2366 curans
903 2320 1163 2374 mortem,
1182 2314 1416 2378 pulcher
1432 2314 1727 2379 deponens

118 2383 647 2449 animam,pulcher
664 2386 966 2451 recipiens,
982 2386 1222 2451 pulcher
1242 2386 1303 2437 in
1326 2386 1501 2449 ligno,
1520 2388 1729 2447 pulcher

118 2458 182 2508 in
200 2456 482 2520 sepulcro,
498 2456 799 2520 pulcherin
823 2457 983 2510 caelo.
998 2459 1065 2508 In
1088 2456 1380 2508 intellectu
1394 2457 1587 2508 audite
1608 2472 1730 2506 can-

125 2529 328 2591 ticum,
354 2540 542 2591 aeque
571 2529 769 2581 oculos
785 2532 1053 2581 vestrosa
1073 2529 1378 2594 splendore
1390 2529 1729 2589 pulchritudi-

124 2601 222 2650 nis
251 2598 403 2651 illius
428 2605 653 2652 avertat
681 2601 872 2652 carnis
895 2600 1220 2652 inﬁrmitas.
1261 2602 1499 2652 Summa
1522 2606 1573 2651 et
1595 2612 1732 2651 vera

123 2670 495 2735 pulchritudo
511 2672 695 2735 gratia
706 2678 810 2736 est,
828 2686 943 2724 vox
960 2672 1259 2737 Prophetaa
1276 2671 1666 2724 convertentis
1679 2686 1732 2720 se

121 2742 202 2794 ad
225 2741 538 2793 Christum.
564 2742 781 2807 Diﬂ‘usa
804 2750 875 2793 est
889 2745 1070 2808 gratia
1091 2745 1150 2792 in
1176 2743 1333 2792 labiis
1359 2743 1483 2793 tuis.
1502 2743 1619 2793 Lex
1631 2754 1732 2805 per

124 2815 372 2876 Moysen
394 2813 530 2865 data
558 2820 665 2873 est,
692 2816 874 2879 gratia
897 2820 956 2867 et
984 2816 1197 2867 veritas
1220 2826 1317 2879 per
1345 2815 1377 2865 J
1382 2826 1547 2864 esum
1571 2812 1732 2864 Chri-

126 2889 291 2936 stum
316 2884 464 2935 facta
487 2890 576 2936 est
601 2885 777 2950 (Joan.
796 2886 887 2949 1.).
914 2887 1085 2937 Venit
1100 2882 1600 2942 nobiscum,verbo
1618 2900 1733 2946 gra-

126 2956 232 3007 tim
248 2955 572 3018 praadicans
583 2957 979 3021 pmnitentiam
996 2957 1053 3007 in
1064 2956 1463 3007 remissionem
1476 2960 1733 3020 peccato-

120 3038 278 3078 rum.
311 3027 493 3078 Tanta
513 3028 696 3091 gratia
720 3028 931 3079 diffusa
952 3032 1042 3079 est
1065 3028 1123 3078 in
1136 3026 1304 3078 labiis
1330 3027 1558 3090 Christi,
1573 3031 1640 3077 ut
1658 3025 1732 3077 ad

124 3110 336 3150 vocem
353 3100 481 3162 eius
498 3099 756 3151 viderent
774 3100 932 3163 caeci,
951 3102 1291 3151 sanarentur
1306 3098 1532 3163 leprosi,
1552 3099 1703 3147 claud

121 3170 507 3227 ambularent,
533 3171 742 3222 mortui
766 3173 1149 3232 resurgerent.
1163 3172 1242 3222 De
1254 3170 1557 3222 diil‘usione
1574 3171 1729 3230 hujus

122 3241 330 3329 gratiae
342 3241 479 3329 dicit
493 3242 739 3329 Paulus;
750 3242 860 3293 Ubi
869 3241 1202 3329 fibulidavit
1216 3245 1516 3329 peccatum
1521 3276 1538 3324 ε
1556 3255 1732 3329 super-
1759 3253 1807 3329 ρ

121 3312 445 3364 abundavit
472 3314 656 3377 gratia
678 3315 846 3377 (Rom.
865 3312 955 3377 5.).
978 3314 1045 3365 Et
1066 3315 1349 3364 Joannes:
1377 3315 1497 3364 Nos
1520 3312 1725 3375 inquit,

124 3384 159 3434 d
169 3395 204 3434 e
223 3384 580 3447 plenitudine
592 3385 640 3449 ej
650 3398 718 3436 us
732 3386 1059 3449 accepimus
1078 3385 1260 3446 (Joan.
1280 3384 1369 3446 1.).
1384 3384 1627 3448 gratiam
1640 3398 1730 3443 pro

122 3456 332 3519 gratia.
354 3458 422 3507 Et
452 3457 587 3520 quia
611 3457 740 3508 talis
756 3469 819 3508 es
842 3472 855 3508 :
889 3458 1175 3521 Propterea
1210 3455 1479 3505 benedimit
1503 3460 1548 3503 te
1571 3453 1728 3519 Deus,

124 3529 192 3575 in
214 3530 490 3577 ωιενηωη.
519 3528 767 3579 Primum
793 3530 1201 3579 testamentum
1226 3531 1434 3577 terram
1450 3524 1731 3590 promise-

126 3599 240 3648 rat.
276 3599 344 3649 Et
358 3597 512 3649 aliud
540 3599 645 3662 (Em
670 3600 914 3663 August.)
942 3598 1046 3649 fuit
1069 3596 1423 3661 promissum
1453 3598 1564 3647 sub
1582 3596 1728 3661 lege,

126 3668 289 3719 aliud
314 3670 424 3719 sub
446 3671 663 3733 gratia:
689 3672 861 3721 Terra
883 3669 1342 3722 Chananmorum
1372 3668 1593 3719 Judaeis
1619 3668 1729 3719 sub

126 3741 255 3803 lege
283 3741 499 3803 positis,
520 3753 761 3805 regnum
774 3740 1048 3792 caelorum
1064 3739 1399 3791 Christianis
1425 3740 1534 3790 sub
1550 3739 1733 3802 gratia

124 3812 660 3880 constitutis.220
687 3818 885 3879 Itaque
913 3816 972 3866 id
997 3815 1149 3879 quod
1173 3814 1501 3879 pertinebat
1529 3813 1603 3864 ad
1631 3825 1700 3865 eo

124 3886 230 3948 qui
254 3885 365 3936 sub
388 3886 513 3949 lege
538 3888 718 3949 erant,
740 3887 963 3937 transiit
979 3900 993 3950 ;
1012 3899 1257 3951 regnum
1282 3884 1555 3937 caelorum
1576 3881 1733 3947 quod

121 3957 379 4021 pertinet
403 3958 513 4007 sub
537 3958 718 4020 gratia
731 3958 949 4021 positis,
968 3970 1083 4008 non
1110 3957 1354 4008 transiit.
1373 3960 1631 4017 Propterea
1650 3956 1734 4003 hic

126 4028 419 4077 Bcnediacit
436 4033 497 4092 te,
522 4030 679 4088 Deus,
701 4042 819 4079 non
843 4029 915 4079 ad
941 4033 1191 4092 tempus,
1208 4028 1311 4079 sed
1334 4028 1393 4078 in
1418 4029 1729 4079 mternum:

130 4105 194 4151 et
219 4099 313 4149 hic
324 4099 473 4150 enim
487 4105 544 4150 et
556 4100 813 4151 infuturo
829 4112 1055 4165 semper
1066 4100 1436 4151 benedicetur
1450 4098 1729 4149 Christus.

125 4173 200 4221 Et
237 4174 299 4221 tu
326 4169 453 4221 talis
483 4184 599 4221 rex.

192 4241 241 4294 4.
278 4240 566 4305 Accingere
592 4242 773 4303 gladio
798 4245 892 4291 tuo
915 4256 1077 4306 super
1103 4240 1284 4303 femur
1304 4244 1462 4287 tuum
1482 4236 1735 4302 potentis-

123 4313 279 4361 sime.
296 4312 465 4374 Idest,
488 4313 705 4364 fortiter
721 4315 877 4365 utere
894 4313 1072 4365 verbo
1087 4308 1511 4375 prmdicationis
1531 4312 1664 4367 tuae,
1678 4309 1739 4355 de

127 4396 246 4447 quo
283 4384 596 4447 Apostolus
631 4387 711 4436 ait
751 4400 763 4435 ε
813 4387 877 4436 Et
902 4384 1155 4449 gladium
1185 4381 1444 4445 spiritus,
1470 4378 1736 4449 quodest

124 4455 378 4507 verbum
411 4455 512 4505 Dei
546 4456 758 4519 (Ephes.
790 4456 880 4518 6.).
910 4448 1014 4506 Per
1036 4455 1224 4505 femur
1251 4464 1460 4514 corpus
1487 4448 1737 4500 Domini-

127 4537 265 4577 cum
285 4524 690 4589 intelligimus:
720 4527 853 4589 quia
864 4526 922 4577 in
936 4524 1251 4577 femoribus
1264 4520 1731 4587 generationisest

124 4597 313 4648 locus.
346 4597 613 4647 Accinxit
629 4597 884 4660 gladium
904 4609 1079 4661 super
1100 4595 1302 4656 femur,
1329 4593 1463 4656 quia
1484 4593 1543 4643 in
1563 4602 1732 4642 carne

128 4670 399 4719 assumta
423 4669 799 4731 Evangelium
817 4668 1166 4733 praedicavit.
1195 4667 1342 4716 Hinc
1366 4664 1591 4715 Veritas
1615 4662 1732 4714 ait:

130 4741 262 4790 Non
299 4738 432 4789 veni
464 4751 662 4802 pacem
683 4740 928 4800 mittere,
957 4738 1059 4790 sed
1082 4736 1339 4801 gladium
1374 4732 1733 4796 (Matth.10.).

126 4810 372 4862 Gladius
408 4811 518 4862 iste
555 4816 781 4874 separat
804 4810 984 4861 tilium
1008 4822 1043 4861 a
1070 4810 1247 4871 Patre,
1274 4807 1449 4858 tiliam
1472 4819 1506 4857 a
1534 4809 1738 4864 matre,

1818 538 2051 598 pugnet,
2068 534 2356 597 quomodo
2365 536 2585 596 regnet,
2600 545 2731 583 cum
2744 531 2955 594 quibus
2967 529 3143 581 armis
3158 533 3410 592 procedat:

1878 605 1929 660 5.
1967 606 2146 669 Specie
2169 610 2264 655 tua
2294 610 2338 654 ct
2362 604 2769 669 pulchritudine
2796 609 2889 652 tua
2916 604 2969 650 in
2981 602 3148 663 tende,
3164 616 3417 667 prospere

1812 678 2051 743 procede,
2074 683 2118 726 et
2140 692 2327 741 regna.
2358 676 2586 739 Species
2617 680 2805 737 potest
2828 674 3022 725 referri
3047 674 3119 724 ad
3146 676 3413 725 innocen-

1816 750 1955 801 tiam
1980 752 2035 800 et
2058 761 2280 799 morum
2308 746 2699 798 sanctitatem:
2725 746 3091 809 pulchritudo
3114 746 3186 796 ad
3208 746 3417 797 divini-

1818 823 1952 872 tatis
1982 821 2263 871 decorem.
2294 821 2397 870 Per
2419 819 2543 870 haec
2566 817 2815 868 intendit
2839 817 3303 881 Christus.idest,
3322 819 3417 869 in-

1816 898 2012 945 tentus
2041 893 2226 943 factus
2257 897 2367 954 est,
2399 903 2472 942 ne
2500 890 2741 941 remisse
2778 893 2989 951 ageret,
3018 889 3117 939 sed
3142 902 3415 953 prospere

1816 965 2149 1029 procederet
2171 963 2242 1015 ad
2268 962 2503 1026 bellum,
2522 966 2579 1013 et
2604 960 2887 1011 vincendo
2901 965 3181 1022 regnaret.
3195 962 3299 1012 Vel
3316 962 3418 1010 dici

1816 1039 2008 1100 potest
2033 1053 2043 1083 :
2080 1037 2335 1099 Prospere
2371 1033 2591 1098 procede
2619 1031 2690 1082 de
2715 1042 2832 1081 una
2854 1031 3027 1094 gente
3056 1031 3127 1080 ad
3154 1030 3341 1090 aliam,
3366 1035 3412 1079 et

1816 1122 1983 1170 regna
1996 1108 2055 1158 in
2066 1106 2367 1171 acquisitis
2391 1103 2710 1156 secundum
2726 1103 2910 1152 bonos
2928 1113 3119 1152 mores
3134 1106 3191 1153 et
3203 1104 3417 1152 virtutes

1815 1180 2009 1230 Potest
2031 1178 2201 1230 etiam
2227 1176 2464 1240 intelligi
2490 1176 2598 1225 hoc
2622 1173 2819 1225 modo:
2842 1171 3058 1220 Intende
3080 1172 3139 1222 in
3166 1172 3351 1235 specie
3363 1176 3421 1224 et

1816 1249 2237 1314 pulchritudine
2285 1254 2399 1306 tua,
2449 1251 2514 1298 ut
2557 1245 2869 1308 imaginem
2895 1248 2952 1295 et
2968 1242 3422 1314 similitudinem,

1820 1313 1993 1385 quam
2018 1321 2201 1385 primo
2218 1323 2416 1371 nostro
2440 1317 2661 1383 parenti
2686 1315 2917 1378 dedisti,
2942 1314 2999 1365 in
3023 1313 3156 1365 ﬁliis
3179 1327 3306 1365 eam
3329 1326 3423 1365 re-

1819 1404 2032 1444 novare
2056 1396 2113 1443 et
2136 1390 2442 1442 reformare
2467 1387 2743 1451 digneris.
2765 1388 3019 1450 Prospere
3038 1386 3277 1450 procede,
3297 1397 3424 1449 pro-

1821 1475 1985 1527 spere
2009 1475 2082 1515 ex
2103 1467 2264 1513 utero
2290 1458 2555 1524 virginali
2577 1457 2947 1523 progredere:
2966 1469 3234 1520 prospere
3247 1456 3319 1508 de
3334 1469 3426 1508 se-

1821 1534 2018 1598 pulcro
2042 1545 2327 1595 consurge
2350 1548 2363 1583 :
2391 1542 2660 1596 prospere
2683 1531 2755 1580 ab
2780 1528 2978 1579 inferis
3001 1528 3073 1579 ad
3093 1530 3317 1579 Patrem
3339 1540 3428 1579 re-

1821 1610 2074 1667 vertere;
2102 1606 2231 1657 hsec
2256 1604 2411 1655 enim
2438 1601 2633 1653 omnia
2661 1600 2829 1652 nobis
2852 1611 3125 1663 prospera
3153 1603 3210 1650 et
3243 1599 3429 1651 felicia

1824 1680 1962 1729 sunt
1993 1692 2005 1728 :
2030 1682 2075 1725 et
2099 1690 2268 1739 regna
2292 1674 2471 1726 totius
2494 1672 2697 1724 mundi
2721 1671 2975 1735 imperio,
2998 1670 3260 1734 precioso
3292 1682 3426 1722 san-

1824 1750 1998 1814 guine
2027 1753 2123 1801 tuo
2148 1746 2460 1798 Redemtor
2470 1745 2695 1808 Propter
2707 1743 2986 1814 veritatem
3002 1742 3430 1814 etmansuetutti-

1827 1812 1950 1870 nem
1974 1825 2019 1869 et
2022 1819 2315 1884 justitiam.
2334 1818 2473 1869 Haec
2497 1815 2650 1867 enim
2675 1814 2868 1867 omnia
2891 1812 3099 1865 decent
3113 1825 3324 1876 regem.
3346 1813 3427 1862 Tu

1825 1892 2001 1955 igitur
2022 1902 2217 1954 regna,
2242 1888 2341 1952 qui
2367 1900 2538 1940 verus
2555 1899 2619 1938 es
2636 1885 3043 1937 etmansuetus
3060 1888 3118 1934 et
3126 1884 3343 1947 justus.
3357 1884 3427 1933 Et

1824 1964 2039 2013 deducet
2063 1968 2105 2010 te
2132 1959 2679 2010 mirabiliter-dextera
2692 1961 2803 2014 tua,
2831 1955 2998 2017 idest,
3013 1955 3307 2016 fortitudo,
3325 1956 3428 2004 vir-

1824 2039 1939 2095 tus,
1978 2039 2034 2085 et
2066 2031 2318 2096 potentia
2346 2032 2460 2082 tua.
2501 2029 2610 2081 Sed
2636 2041 2750 2092 quo
2783 2026 3060 2078 deducet?
3085 2026 3171 2077 Ad
3205 2028 3426 2077 Patrem

1829 2105 2008 2170 (Joan.
2031 2102 2156 2165 12.).
2176 2104 2360 2164 Quare
2383 2099 2757 2170 mirabiliter?
2778 2097 2931 2170 Quia
2944 2101 3209 2170 mortuus
3229 2096 3429 2149 diabo-

1825 2168 1947 2227 lum
1970 2173 2273 2238 superasti.
2289 2171 2392 2223 Vel
2417 2182 2657 2235 regnare
2681 2169 2889 2220 dicitur
2910 2168 3429 2232 Christus,propter

1826 2246 2131 2298 veritatem
2160 2242 2474 2305 Evangelii,
2493 2239 3069 2293 etmansuetudinem
3087 2251 3199 2302 qua
3218 2252 3429 2302 passus

1828 2318 2011 2379 est,,et
2030 2315 2318 2380 justitiam
2341 2325 2457 2377 qua
2481 2313 2664 2364 bonos
2679 2315 2736 2362 et
2760 2310 2944 2361 malos
2966 2309 3349 2372 judicaturus.
3365 2310 3434 2380 Et

1828 2378 2076 2440 deducet
2107 2386 2215 2448 (Ea:
2246 2386 2408 2449 Aug.)
2441 2396 2570 2435 eum
2595 2381 2932 2433 mirabiliter
2954 2380 3160 2431 dextra
3184 2384 3324 2440 ejus,
3354 2378 3433 2430 fa-

1828 2461 1988 2511 ciens
1999 2458 2214 2520 divina,
2232 2457 2456 2520 patiens
2467 2452 2991 2506 humana.Malitias
3003 2451 3302 2502 hominum
3316 2455 3434 2499 ster-

1828 2543 1975 2583 nens
2000 2530 2255 2581 bonitate
2280 2540 2413 2579 sua:
2435 2526 2626 2577 adhuc
2651 2524 2885 2575 deducit
2909 2527 3136 2588 eum,et
3158 2523 3259 2574 ubi
3283 2535 3434 2573 non-

1829 2603 1970 2653 dum
2006 2611 2023 2629 ·
2047 2601 2266 2651 dictum
2290 2600 2380 2650 est
2403 2597 2473 2648 de
2497 2595 2705 2660 gladio,
2738 2595 2964 2645 dicatur
2982 2607 3138 2645 nunc
3162 2593 3232 2645 de
3255 2594 3434 2657 sagit-

1828 2674 1921 2725 tis.
1950 2670 2249 2735 Multiplex
2283 2674 2373 2721 est
2405 2668 2562 2720 enim
2586 2668 2878 2718 armatura
2898 2665 3051 2727 regis
3075 2664 3274 2735 nostri.

1892 2745 1942 2798 6.
1972 2734 2186 2806 Sagittae
2210 2747 2309 2790 tuae
2330 2744 2517 2790 acutae.
2554 2738 2742 2788 Verba
2772 2741 2868 2787 tua
2893 2748 2990 2787 cor
3012 2734 3429 2806 transﬁgentia,

1834 2814 1980 2882 221
2024 2805 2279 2865 amorem
2310 2809 2643 2863 excitantia.
2662 2807 2825 2882 Unde
2843 2806 3050 2882 dicitur
3069 2806 3128 2856 in
3148 2805 3396 2882 canticis
3417 2820 3430 2856 :

1835 2875 2145 2938 Viﬁnerata
2167 2883 2400 2935 caritate
2417 2894 2522 2947 ego
2541 2892 2669 2931 sum
2695 2879 2866 2942 (Cant.
2883 2876 2973 2940 2.).
2995 2875 3325 2947 Secundum
3339 2879 3431 2925 hoc

1831 2958 2006 3010 verba
2036 2956 2137 3008 Dei
2163 2960 2444 3007 vocantur
2460 2946 2714 3016 Sagittae,
2750 2948 2905 3013 quod
2925 2947 3147 3000 occulte
3177 2946 3430 2999 alliciunt

1828 3029 2092 3081 homines
2108 3027 2178 3079 ad
2208 3027 2468 3078 timorem
2498 3026 2554 3075 et
2574 3034 2828 3074 amorem
2840 3020 2961 3071 Dei.
2977 3017 3303 3071 Secundum
3321 3018 3431 3069 hoc

1827 3100 2074 3165 gladius,
2099 3097 2251 3162 quod
2275 3096 2579 3147 manifesta
2599 3098 2657 3146 et
2686 3092 2911 3165 cogenti
2932 3089 3429 3165 rationehomines

1830 3159 1949 3223 Deo
1985 3159 2201 3222 faciunt
2222 3168 2536 3221 adhaerere.
2562 3168 2632 3217 Et
2656 3178 2752 3227 per
2767 3159 2875 3214 hoc
2894 3162 3047 3225 quod
3063 3162 3430 3214 itainstructus

1833 3255 1895 3295 es
1920 3242 1993 3293 ad
2016 3239 2397 3305 pugnandum
2414 3236 2611 3300 Populi
2622 3234 2716 3284 sub
2738 3238 2782 3283 te
2793 3233 3000 3283 cadent.
3018 3234 3092 3284 Te
3104 3232 3432 3305 adorabunt

1829 3314 1929 3367 tibi
1955 3302 2429 3364 humiliabunlur.
2458 3310 2525 3359 Et.
2548 3306 2645 3359 ubi
2657 3305 2901 3357 cadent?
2925 3305 2991 3353 In
3008 3302 3161 3353 corde
3183 3302 3433 3351 inimico-

1827 3400 1955 3434 rum
1980 3382 2318 3448 regis,idest,
2339 3382 2401 3433 in
2424 3379 2628 3432 eodem
2652 3377 2840 3439 corde,
2855 3376 2916 3427 in
2933 3388 3048 3448 quo
3073 3375 3233 3438 prius
3250 3375 3432 3448 inimi-

1830 3444 2106 3507 cabantur
2128 3454 2232 3505 tibi
2255 3452 2377 3517 regi
2403 3471 2416 3503 :
2441 3451 2541 3503 ubi
2566 3462 2628 3501 se
2653 3448 2951 3511 erigebant
2973 3445 3256 3498 adversus
3269 3444 3430 3517 Chri-

1830 3528 2005 3579 stum.
2038 3526 2147 3578 Ubi
2193 3515 2438 3576 cadent?
2459 3526 2592 3574 ante
2626 3519 2919 3573 Christum
2947 3517 3053 3581 (Ea:
3087 3515 3432 3579 Augustino),

1830 3597 2309 3660 blasphemabant
2331 3594 2638 3653 Christum,
2663 3589 2837 3642 modo
2862 3588 3431 3660 supplicantChristo:

1829 3658 2021 3734 ipsum
2032 3658 3173 3734 appellantregem.Acceperuntsagittas
3186 3660 3432 3734 tuas.Ce-

1831 3728 2248 3793 ciderunt'ante
2271 3744 2345 3791 te.
2379 3728 2443 3789 In
2468 3735 2636 3787 corde
2659 3734 2756 3785 ubi
2789 3738 2851 3784 tu
2876 3731 3060 3795 vides,
3084 3744 3157 3782 ex
3183 3728 3434 3782 inimicis

1832 3813 2000 3865 amici
2036 3811 2169 3863 facti
2197 3814 2350 3861 sunt.
2378 3807 2564 3860 Occisi
2589 3807 2727 3857 sunt
2746 3803 2980 3859 inimici,
3008 3802 3221 3854 vivunt
3245 3800 3433 3853 amici.

1833 3884 2107 3936 Prostrati
2136 3887 2273 3934 sunt
2309 3879 2554 3945 superbi,
2582 3879 2827 3939 surgunt
2852 3873 3120 3927 humiles.

1896 3954 1946 4009 7.
1984 3958 2052 4007 Et
2082 3955 2210 4005 facti
2236 3942 2549 4005 suntVSedes
2567 3954 2680 4009 tua,
2706 3949 2863 4008 Deus,
2890 3947 2951 3995 in.
2965 3945 3217 3995 smculum
3240 3942 3433 3993 saeculi.

1835 4028 1918 4077 Tu
1940 4027 1998 4077 in
2014 4026 2129 4077 illis
2152 4024 2370 4088 resides
2393 4024 2453 4073 in
2476 4026 2762 4073 aeternum
2786 4033 2799 4070 :
2833 4020 3005 4081 juxta
3026 4016 3182 4088 quod
3198 4017 3435 4088 scriptum

1833 4100 1941 4157 est,
1960 4095 2165 4147 Anima
2180 4086 2322 4159 justi
2342 4093 2510 4144 sedes
2526 4095 2615 4142 est
2631 4090 2890 4151 sapientiae
2905 4087 3086 4159 (Prov.
3111 4086 3255 4159 14.).A
3273 4086 3440 4159 Virga

1835 4167 2143 4216 directionis
2168 4156 2323 4228 uirga
2347 4162 2502 4226 regni
2526 4162 2625 4210 tui.
2641 4161 2814 4222 Virga
2832 4158 2959 4210 haec
2971 4162 3061 4209 est
3070 4156 3313 4228 justitia.
3332 4158 3440 4204 Tali

1834 4239 1995 4301 virga
2006 4251 2107 4288 rex
2118 4240 2317 4287 noster
2329 4236 2610 4297 gubernat
2628 4242 2871 4301 regnum
2890 4241 3080 4301 suum,
3095 4227 3249 4289 quod
3263 4240 3439 4301 sumus

1834 4296 1961 4360 nos.
2000 4310 2122 4359 Non
2160 4296 2355 4357 autem
2380 4305 2527 4367 regit
2549 4303 2658 4365 (Ea:
2682 4300 2899 4361 eodem),
2924 4298 3023 4360 qui
3046 4309 3163 4347 non
3188 4296 3434 4367 corrigit.

1836 4379 2135 4442 Quomodo
2159 4377 2424 4428 sacerdos
2452 4366 2542 4426 est
2557 4373 2630 4423 ad
2657 4368 3103 4442 sanctificandos
3115 4379 3241 4429 nos,
3256 4366 3335 4442 ita
3352 4381 3437 4442 rex

1834 4435 1907 4501 ad
1942 4447 2224 4513 regendos
2260 4460 2388 4497 nos.
2422 4443 2594 4495 Curvi
2629 4437 3093 4513 eranthomines
3131 4436 3292 4513 regni
3325 4435 3435 4513 sui,

1832 4506 2059 4573 distorti
2091 4522 2271 4576 erant,
2298 4516 2405 4567 sibi
2423 4524 2662 4577 regnare
2685 4509 3011 4573 cupiebant,
3052 4520 3115 4558 se
3144 4506 3440 4568 amabant,

1839 4605 1956 4643 non
1985 4590 2344 4643 voluntatem
2375 4597 2541 4637 suam
2565 4586 2684 4634 Deo
2709 4578 3035 4631 subdebant
3060 4577 3159 4628 sed
3185 4577 3313 4640 ejus
3336 4589 3439 4628 vo-

1754 4622 1812 4695 D
1839 4622 2223 4715 ἧυᾶθῖῐὲἴὲ
2230 4622 2371 4709 suas
2384 4654 2623 4717 concupi
2632 4652 2881 4704 scentias
2892 4651 3120 4701 ﬂectere
3133 4622 3442 4713 cupiebant

1839 4737 2014 4786 Venit
2051 4735 2172 4784 Rex
2213 4742 2347 4781 cum
2379 4725 2711 4780 directionis
2751 4723 2933 4786 virga.
2981 4721 3198 4773 Direxit
3240 4732 3351 4771 nos
3380 4720 3442 4771 in

1832 4806 2077 4871 justitia,
2096 4799 2695 4871 emendavitnostram
2711 4793 3109 4871 fortitudinem
3119 4791 3441 4871 secundum

128 4894 348 4933 nurum
376 4894 411 4933 a
431 4862 860 4946 socru,‘Litigat
884 4884 1049 4934 Pater
1067 4881 1171 4944 (Ea:
1188 4862 1435 4943 August.)
1464 4889 1597 4928 cum
1624 4862 1738 4926 tilio
1832 4862 2204 4940 regulwsuaa
2227 4869 2746 4946 rectitudinempe
2758 4866 2867 4946 hac
2880 4865 3041 4946 virga
3060 4864 3195 4946 alibi
3211 4862 3438 4946 dicitur:

129 4954 274 5015 quia
297 4953 426 5004 vult
449 4936 849 5004 ﬁli-us'serv‘i’re
875 4955 1011 5005 Deo.
1036 4936 1134 5002 Ille
1154 4936 1439 5015 promittit
1457 4950 1741 5000 terrenam
1840 4936 2024 5012 Reges
2048 4958 2146 4997 eos
2162 4944 2408 5019 inuvirga
2429 4936 2923 5019 ferrea‘q’sal.
2950 4936 3085 5019 Ideo
3098 4936 3299 5019 ferrea,
3313 4936 3449 5019 quia

124 5008 552 5083 litereditatem,
578 5024 685 5075 iste
710 5024 927 5089 appetit
950 5008 1259 5076 ctelestem.
1289 5022 1387 5074 Ille
1398 5024 1637 5085 pugnat,
1652 5021 1745 5067 iste
1843 5008 2003 5070 dura.
2028 5015 2364 5089 Inﬂexibilis
2388 5017 2473 5089 est
2491 5011 2735 5089 justitia.
2760 5009 2925 5089 alios
2946 5009 3110 5089 regit,
3124 5008 3269 5089 alios
3284 5012 3449 5089 co‘ntef-

126 5099 437 5159 repugnat.
465 5077 576 5147 Sed
597 5077 803 5147 fortior:
809 5100 899 5147 est
913 5094 1140 5159 gladius
1155 5077 1741 5157 spiritualisseparans,
1843 5090 1932 5141 rit.
1978 5089 2143 5153 Regit
2177 5077 2522 5159 spirituales,
2561 5082 2802 5159 conterit
2840 5079 3117 5159 carnales.
3141 5081 3292 5131 Bene
3320 5077 3448 5129 dico

126 5152 312 5231 quam
330 5170 540 5217 natura
556 5166 801 5217 carnalis
826 5152 1123 5230 copulatis.
1142 5152 1294 5216 Biane
1317 5169 1513 5215 autem
1527 5162 1620 5218 ait,
1642 5152 1747 5211 διιέ-
1847 5152 2079 5231 virgam
2094 5164 2253 5211 tuam
2278 5170 2408 5231 esse
2428 5153 2778 5231 directionis,
2802 5152 2938 5231 quia
2959 5155 3081 5231 tu,“
3169 5219 3227 5231 nl
3259 5218 3270 5230 .

129 5219 232 5303 {m-
253 5238 439 5300 femur
462 5242 621 5285 tuum
643 5219 1036 5301 potentissime:
1058 5235 1662 5300 quiaquodinﬂrmum
1678 5237 1749 5281 est
1912 5219 1962 5287 8.
1989 5231 2239 5303 Diteacisti
2256 5228 2642 5303 justitiam.
2663 5226 2887 5303 inteet
2907 5219 3227 5303 iri
3256 5219 3451 5270 inten-

134 5291 265 5371 bei,
292 5308 507 5360 fortius
531 5291 805 5372 estquam
818 5291 1102 5360 homines.
1122 5291 1523 5358 Pollentissime
1544 5318 1666 5375 usus
1679 5307 1752 5351 est
1851 5310 1976 5357 tum
1995 5291 2333 5367 quodetiam
2359 5300 2527 5375 Odisti
2556 5296 3017 5375 iniqttitdten}:‘Et
3038 5296 3106 5345 ut
3135 5291 3263 5375 talis
3280 5305 3452 5375 posse:

134 5361 264 5432 hoc,
278 5378 471 5443 gladio
494 5379 555 5429 in
579 5361 768 5439 carne,
795 5380 927 5443 quia
956 5392 1073 5430 non
1102 5378 1289 5429 solum
1307 5378 1445 5429 vicit
1466 5373 1749 5436 homines,
1851 5388 1996 5438 esse,
2013 5361 2321 5437 'P-ropterea
2362 5371 2525 5421 unin
2565 5376 2609 5443 te
2645 5365 3027 5443 spiritualiter,
3058 5376 3100 5443 ,ο
3121 5361 3451 5443 Δρεξιυκεςκζληξε

118 5467 144 5503 s
168 5451 243 5502 ecl
280 5431 459 5501 Etiam
486 5462 684 5501 aereas
708 5431 1072 5515 potestates:
1110 5463 1226 5500 non
1267 5449 1455 5500 solum
1490 5446 1630 5497 vitia
1655 5431 1755 5496 de;
1856 5431 1997 5510 tuus,
2046 5431 2212 5506 idest,
2253 5444 2352 5494 tibi
2386 5431 3033 5515 consubstantialisoleo
3054 5433 3257 5493 laetitiae,
3283 5431 3451 5515 idest,

130 5521 376 5585 struxit,
405 5522 508 5572 sed
540 5504 728 5571 etiam‘
752 5521 1040 5571 infernum
1066 5520 1349 5585 spoliavit.
1387 5517 1621 5568 Gladius
1647 5517 1757 5568 iste
1857 5504 2071 5582 Spiritu
2099 5504 2445 5579 sancto,prae
2469 5511 2798 5585 consortibus
2823 5508 2946 5585 tuis.
2978 5504 3456 5585 Plusquamcmte—

118 5575 375 5645 Carnem,
408 5593 628 5655 domat,
654 5592 793 5643 vitia
814 5596 1050 5653 resecat,
1080 5575 1345 5656 spiritum
1370 5590 1615 5652 roborat,
1641 5588 1760 5640 vir-
1858 5575 1953 5641 ros
1976 5588 2241 5639 homines
2256 5575 2404 5649 quos
2429 5584 2513 5635 tui
2537 5582 2697 5646 regni
2721 5592 2849 5656 esse
2866 5583 3057 5656 tecum
3071 5575 3300 5656 voluisti
3318 5588 3457 5627 con-

119 5670 286 5750 tlutcs
314 5663 525 5725 nutrit,
544 5647 829 5714 desideria
852 5664 1003 5714 mala
1022 5647 1332 5714 consumit.
1348 5664 1489 5714 Ecce
1505 5647 1762 5709 accinctus
1861 5663 2060 5713 sortes.
2082 5661 2255 5711 Recte
2268 5647 2515 5721 Spiritus
2533 5657 2771 5706 sanctus
2783 5651 2906 5702 oleo
2921 5647 3139 5701 laetitiae
3161 5658 3458 5710 compara-

179 5845 197 5863 ·
239 5830 499 5884 Videtur
524 5826 889 5893 supplendus
932 5840 1146 5881 sensus
1168 5828 1261 5880 his
1286 5828 1357 5881 de
1381 5826 1805 5893 Augustiniano
1829 5822 2144 5889 exemplari
2181 5821 2391 5883 verbis,
2420 5824 2509 5880 est,
2536 5818 2755 5869 dextera
2775 5815 2890 5879 ejus
2918 5812 3131 5864 deducit
3148 5826 3288 5863 eum.
3316 5813 3466 5863 Tum

118 5905 409 5973 adposita
440 5901 609 5974 τελείᾳ
637 5908 828 5979 στιγμῇ,
863 5900 1079 5952 Dictum
1100 5906 1190 5963 est,
1222 5906 1328 5955 etc.
