3908 6232
475 408 579 461 8‘23

1530 403 1794 455 RUFINO
1832 403 2291 454 PRESBYTERO
2328 403 2529 454 ASCRI
2541 404 2714 456 PTUS

476 523 588 579 tur,
614 519 759 591 quia,
778 518 929 568 sicut
952 518 1145 591 oleum
1169 520 1227 591 et
1255 528 1486 591 carnem
1511 516 1710 578 nutrit,
1741 517 1798 565 et
1823 514 2077 566 dolorem
2097 516 2153 591 Α
2176 515 2313 591 quia
2333 527 2465 591 non‘
2479 516 2834 591 quaesierunt
2851 516 3131 569 honorem
3157 529 3353 576 suum,
3374 515 3476 591 sed
3503 521 3704 591 tuum.
3723 516 3802 566 Ex

477 589 700 655 repellit
720 603 732 639 :
748 590 828 640 ita
845 589 1028 639 sancti
1046 588 1290 651 Spiritus
1316 588 1511 639 unctio
1532 590 1789 636 mentem
1807 598 1979 649 quam
1995 598 2083 636 re-

477 662 738 726 pleverit,
766 663 822 712 et
845 660 1103 711 suaviter
1127 659 1301 721 fovet,
1330 664 1386 710 et
1409 658 1649 710 hilarem
1677 658 1825 708 facit.
1845 659 1965 709 Hoc
1988 672 2080 713 au-

478 739 593 785 tem
620 734 743 784 oleo
768 731 1045 795 spirituali
1074 744 1192 794 pra
1216 730 1586 781 consortibus
1611 729 1734 780 suis
1759 734 1971 781 unctus
1990 737 2081 785 est

478 805 753 863 Christus,
773 803 907 866 quia
918 802 1142 854 cateris
1155 802 1327 853 datus
1352 806 1440 853 est
1456 802 1698 865 Spiritus
1716 806 1953 852 sanctus
1979 817 2080 866 per

481 880 669 938 partes
689 890 701 925 :
719 875 776 925 in
798 875 923 938 ipso
948 887 1082 924 vero
1100 873 1207 925 fuit
1232 874 1420 925 omnis
1438 872 1731 937 plenitudo
1759 872 2078 927 divinitatis

478 944 1073 1009 corporaliterwoloss.
1099 943 1190 1007 2.).
1224 944 1627 995 Etnotandum
1660 942 1812 1004 quod
1841 957 1957 995 non
1981 946 2077 1006 ait,

478 1019 685 1070 Fecisti
696 1017 1001 1081 justitiam,
1022 1017 1142 1078 sed,
1157 1016 1425 1066 Dilexisli.
1452 1017 1648 1076 Neque
1663 1014 1823 1072 dixit,
1839 1015 2083 1079 Reliqui-

480 1091 556 1141 sti
580 1089 960 1152 iniquitatem,
989 1088 1090 1138 sed
1121 1088 1299 1138 odisti.
1326 1087 1488 1138 Multi
1512 1087 1667 1137 enim
1692 1085 1843 1136 bona
1870 1089 2084 1139 faciunt

478 1162 610 1225 plus
641 1161 845 1211 timore
862 1172 1070 1223 pana,
1098 1172 1272 1222 quam
1295 1157 1767 1223 amorejustitia:
1795 1158 1854 1208 in
1869 1159 2082 1221 quibus

479 1234 588 1285 etsi
611 1234 760 1284 actio
785 1232 1015 1284 videtur
1032 1232 1197 1292 bona,
1217 1231 1485 1281 voluntas
1506 1236 1700 1283 tamen
1714 1235 1941 1285 tenetur
1963 1246 2078 1285 rea.

480 1304 707 1367 Quietsi
732 1316 804 1354 ex
819 1315 988 1365 opere
1003 1307 1281 1366 apparent
1298 1302 1461 1366 justi,
1489 1303 1548 1353 in
1572 1316 1639 1355 eo
1666 1309 1855 1356 tamen
1880 1306 2082 1369 injusti

481 1380 635 1436 sunt,
653 1386 766 1438 quo
781 1385 1015 1438 peccare
1032 1373 1264 1433 vellent,
1289 1374 1337 1423 si
1355 1373 1589 1438 impune
1621 1380 1875 1439 possent.
1891 1377 2081 1429 Relin-

481 1448 675 1511 quunt
716 1446 917 1507 iniqua
949 1457 1139 1508 opera.
1181 1444 1283 1495 sed
1314 1444 1504 1496 adhuc
1527 1447 1778 1499 retinent
1800 1448 2082 1501 desideria

482 1529 679 1582 prava.
704 1515 1001 1567 Profectus
1025 1515 1233 1578 aliquis
1257 1521 1347 1567 est
1368 1516 1427 1567 in
1449 1529 1535 1579 eo,
1554 1518 1709 1580 quod
1725 1531 1896 1582 opera
1912 1521 2081 1585 justi-

482 1589 579 1641 tia
612 1588 864 1639 faciunt:
893 1587 994 1638 sed
1016 1587 1208 1639 adhuc
1230 1586 1303 1638 ad
1336 1589 1803 1651 consequendum
1835 1604 2079 1655 regnum

481 1661 583 1712 Dei
613 1672 730 1711 non
768 1663 856 1711 est
896 1659 1004 1711 hoc
1033 1658 1342 1719 sufﬁciens,
1378 1660 1511 1723 quia
1539 1661 1814 1713 virtutem
1835 1663 2078 1726 justitia

481 1731 742 1784 nondum
765 1730 1007 1782 incorde
1029 1730 1261 1782 habent.
1288 1732 1413 1782 Duo
1438 1744 1573 1795 ergo
1598 1738 1736 1784 sunt
1759 1746 1889 1797 qua
1914 1747 2079 1786 vera-

483 1803 621 1854 citer
642 1802 1142 1863 faciuntjustum:
1191 1803 1368 1853 Amor
1400 1802 1552 1863 boni,
1601 1807 1657 1854 et
1690 1804 1887 1855 odium
1921 1804 2075 1856 mali.

482 1873 771 1950 Quisquis
797 1870 1136 1950 _hac
1173 1873 1288 1924 duo
1330 1873 1540 1924 habere
1564 1877 1772 1950 potest,
1805 1876 2077 1929 unctione
2102 1875 2156 1950 B

484 1944 668 1995 sancti
681 1944 926 2008 Spiritus
939 1943 1149 2004 dignus
1165 1950 1271 2005 est,
1291 1957 1423 2008 qua
1454 1946 1758 1998 sanitatem
1779 1953 1835 1999 et
1855 1950 2077 1997 laetitiam

484 2021 724 2079 prastat
742 2017 970 2067 anima.
991 2016 1212 2067 Unctus
1236 2017 1491 2068 estDeus
1516 2029 1551 2067 a
1574 2018 1709 2069 Deo.
1725 2020 1970 2070 Unctum
1981 2032 2083 2071 au-

486 2088 617 2139 dis?
634 2087 923 2138 Christum
950 2086 1221 2150 intelligo.
1258 2086 1518 2138 Christus
1537 2089 1691 2139 enim
1715 2088 1902 2140 dictus
1926 2096 2016 2141 est
2048 2104 2083 2142 a

484 2159 815 2210 chrismate.
837 2159 957 2208 Hoc
978 2169 1189 2225 nomen
1204 2158 1307 2219 (Eae
1322 2158 1641 2220 Augustino)
1670 2160 1821 2222 quod
1842 2162 2084 2225 appella-

485 2232 577 2281 tur
593 2230 873 2289 Christus,
890 2224 1179 2279 unctionis
1195 2233 1303 2279 est.
1333 2230 1444 2279 Nec
1460 2229 1516 2278 in
1546 2229 1655 2280 alio
1670 2230 1803 2281 alibi
1828 2224 2081 2293 ungebam-

487 2305 584 2351 tur
609 2313 775 2362 reges
798 2301 856 2349 et
881 2297 1228 2358 sacerdotes,
1254 2298 1367 2348 nisi
1390 2299 1445 2349 in
1462 2299 1556 2350 illo
1581 2313 1775 2362 regno,
1801 2303 1898 2353 ubi
1922 2304 2082 2355 Chri-

433 2434 441 2441 ι
490 2376 620 2422 stus
650 2369 1351 2441 prophetabatur.1_lnctus
1371 2374 1460 2421 est
1476 2383 1609 2434 ergo
1628 2373 1780 2424 Deus
1808 2386 1843 2424 a
1862 2378 1969 2433 Deo,
1983 2391 2083 2435 quo

486 2441 628 2504 oleo,
656 2439 767 2490 nisi
791 2438 1102 2502 spirituali?
1125 2439 1329 2503 Oleum
1359 2440 1512 2491 enim
1542 2442 1800 2493 visibile'
1831 2445 2081 2510 signum,

487 2512 649 2564 estin
674 2512 1050 2563 sacramento.
1070 2510 1273 2562 Oleum
1298 2512 1609 2577 spirituale,
1630 2515 1815 2567 virtus
1836 2519 1940 2567 est.
1958 2520 2085 2567 Deus

485 2582 660 2647 igitur
681 2582 872 2644 homo,
903 2586 961 2631 et
996 2580 1121 2631 ideo
1169 2584 1381 2632 unctus
1415 2586 1504 2633 est
1545 2586 1714 2646 Deus,
1745 2588 1878 2649 quia
1912 2587 2084 2639 homo

487 2655 658 2713 Deus,
677 2656 735 2703 et
760 2652 948 2703 factus
959 2655 1049 2703 est
1064 2651 1344 2703 Christus.
1359 2655 1705 2707 Audivimus
1730 2658 1917 2721 qualis
1939 2660 1997 2711 in
2022 2674 2084 2712 se

488 2724 677 2786 fuerit,
704 2723 931 2774 dicatur
952 2723 1121 2773 nobis
1145 2723 1333 2785 qualis
1358 2724 1529 2777 fuerit
1550 2726 1610 2777 in
1635 2728 1771 2779 suis.

549 2795 601 2849 9.
628 2795 863 2858 Myrrha
881 2799 925 2843 et
942 2799 1094 2857 gutta
1109 2800 1155 2843 et
1177 2795 1838 2861 casiaavestimentislttis,
1865 2818 1897 2850 a
1919 2803 2088 2852 domi-

486 2868 581 2915 bus
603 2865 867 2915 eburneis.
894 2866 979 2916 Tu
1001 2878 1063 2916 es
1092 2871 1303 2917 unctus
1328 2866 1450 2919 oleo
1478 2882 1595 2933 pra
1624 2873 2004 2936 consortibus,
2030 2880 2087 2927 et

486 2938 659 2989 etiam
673 2950 707 2987 a
718 2936 1081 3008 vestimentis
1097 2937 1231 2997 tuis,
1246 2937 1411 2997 idest,
1427 2940 1498 2989 ab
1511 2941 1865 2995 humanitate
1879 2949 1994 3008 tua,
2007 2949 2087 2995 vel

485 3008 777 3072 Apostolis
794 3007 929 3069 tuis,
951 3007 1052 3070 qui
1071 3011 1278 3060 ornant
1302 3014 1356 3061 te
1374 3012 1429 3061 et
1456 3010 1743 3077 decorant,
1766 3015 1915 3067 sicut
1939 3007 2086 3067 vestis

486 3084 653 3131 ornat
676 3079 984 3130 Dominum
1024 3080 1279 3143 procedit
1309 3082 1542 3146 myrrha
1566 3088 1622 3135 et
1643 3088 1805 3149 gutta
1828 3092 1886 3139 et
1908 3090 2078 3146 casia,

486 3150 652 3212 idest,
676 3151 811 3202 boni
827 3150 1049 3209 odores,
1077 3154 1136 3201 et
1158 3152 1310 3202 bona
1342 3152 1510 3205 fama.
1530 3156 1758 3219 Myrrha
1780 3163 1871 3209 est
1893 3164 2080 3221 species

485 3221 652 3275 valde
675 3234 887 3283 amara,
912 3222 983 3273 de
1007 3234 1122 3286 qua
1141 3223 1377 3286 ungitur
1395 3239 1602 3290 corpus
1626 3231 1853 3291 mortui,
1879 3235 1944 3283 ut
1965 3246 2081 3286 non

2176 585 2269 636 his
2295 586 2559 637 omnibus
2596 586 2743 638 facta
2774 592 2866 639 est
2901 600 3018 639 una
3042 600 3261 652 sponsa
3286 587 3413 651 regi
3435 599 3554 637 una
3574 587 3802 651 regina,

2177 657 2248 707 de
2282 669 2393 720 qua
2422 658 2686 709 subditur
2717 672 2729 708 :

2241 727 2326 781 10.
2383 729 2809 791 Αειίιίι-τεοίηα
2862 744 2898 777 a
2937 730 3144 779 dextris
3202 731 3312 779 tuis
3351 731 3416 779 in
3466 731 3669 779 restim
3717 731 3801 778 de-

2178 804 2373 848 aurato
2429 801 2765 849 circumdata
2815 802 3086 851 varietate.
3144 803 3354 865 Regina
3400 802 3534 854 ideo
3584 803 3803 853 dicitur

2180 870 2448 929 Ecclesia,
2495 872 2630 934 quia
2678 872 2822 923 bene
2866 873 3011 935 regit
3070 871 3219 924 [Ilios
3271 886 3435 924 suos.
3482 874 3678 922 Aslilit
3705 886 3803 937 pa-

2180 944 2301 991 rata
2347 943 2561 993 servire
2602 958 2637 990 a
2679 943 2882 991 dextris
2933 944 3058 1004 tuis,
3109 944 3282 1006 idest,
3334 944 3400 995 in
3446 945 3625 996 bonis
3684 946 3800 995 tuis

2180 1012 2493 1075 potioribus
2520 1027 2531 1063 :
2558 1013 2619 1061 in
2644 1015 2831 1062 vestitu
2855 1014 3136 1075 deaurato,
3161 1016 3222 1066 in
3246 1021 3459 1067 ornatu
3481 1016 3795 1073 virtutum,

2185 1081 2356 1148 223
2424 1084 2523 1134 ubi
2586 1085 2838 1136 maxime
2872 1087 3089 1138 relucet
3141 1087 3443 1151 sapientia,
3506 1098 3647 1149 qua
3701 1099 3798 1149 per

2180 1166 2384 1205 aurum
2403 1155 2775 1220 significatur,
2809 1157 2959 1208 sicut
2981 1158 3265 1221 scriptum
3288 1163 3382 1210 est
3409 1174 3421 1207 :
3450 1157 3795 1208 Thesaurus

2180 1226 2573 1278 desiderabilis
2585 1227 2961 1290 requiescitin
2972 1242 3069 1281 ore
3082 1230 3377 1294 sapientis.
3394 1230 3673 1281 Vestitus
3688 1228 3795 1286 (Ea:

2178 1296 2498 1361 Augustino)
2528 1298 2741 1361 regina
2772 1299 2947 1363 hujus
2970 1305 3028 1352 et
3050 1302 3342 1365 pretiosus
3367 1305 3485 1362 est,
3511 1305 3574 1351 et
3598 1300 3795 1349 varius

2179 1368 2238 1419 in
2260 1368 2472 1431 linguis
2496 1368 2684 1419 variis.
2719 1369 2845 1421 Alia
2893 1370 3091 1435 lingua
3131 1373 3284 1433 Afra,
3331 1371 3448 1423 alia
3495 1372 3667 1434 Syra,
3692 1368 3794 1420 alia

2180 1441 2395 1500 Graeca,
2420 1438 2528 1489 alia
2552 1439 3009 1499 Hebraa,eta1ia
3030 1442 3127 1493 illa
3149 1447 3208 1494 et
3231 1442 3345 1493 illa.
3361 1442 3616 1492 Faciunt
3631 1440 3793 1503 quin-

2178 1523 2289 1574 que
2311 1511 2439 1562 ista
2449 1510 2663 1573 lingua
2678 1512 3011 1564 varietatem
3021 1514 3205 1566 vestis
3217 1514 3438 1577 regina
3450 1513 3657 1575 hujus.
3670 1516 3791 1567 Quo-

2178 1582 2350 1634 modo
2373 1588 2567 1634 autem
2579 1583 2766 1634 omnis
2784 1585 3032 1636 varietas
3058 1587 3239 1637 vestis
3255 1587 3316 1637 in
3338 1587 3575 1638 unitate
3587 1599 3790 1633 concor-

2179 1655 2294 1717 dat,
2319 1654 2401 1704 sic
2418 1654 2474 1705 et
2489 1666 2691 1705 omnes
2702 1653 2918 1719 lingua
2933 1657 3008 1708 ad
3020 1670 3195 1708 unam
3209 1658 3284 1708 tld
3292 1671 3405 1710 em.
3427 1659 3493 1708 In
3515 1657 3791 1708 vesteista

2178 1726 2428 1777 varietas
2446 1725 2541 1787 sit,
2566 1725 2818 1778 scissura
2835 1739 2953 1778 non
2978 1728 3070 1779 sit.
3092 1730 3237 1780 Ecce
3252 1730 3605 1781 varietatem
3622 1727 3790 1778 intel-

2177 1797 2426 1849 leximus
2437 1796 2507 1848 de
2519 1797 3217 1863 diversitatelinguarum,
3233 1800 3533 1851 etvestem
3549 1801 3790 1847 intellexi-

2180 1883 2310 1921 mus
2333 1872 2562 1933 propter
2577 1869 2857 1920 unitatem
2874 1870 2933 1921 in
2956 1872 3082 1935 ipsa
3102 1872 3406 1923 varietate.
3426 1874 3656 1922 Aurum
3669 1872 3783 1929 quid

2178 1946 2265 1994 est
2276 1944 2302 1991 ?
2318 1943 2450 2003 Ipsa
2464 1940 2760 1997 sapientia.
2785 1941 3067 2003 Qualibet
3080 1942 3158 1994 sit
3170 1944 3427 1995 varietas
3440 1941 3783 2004 linguarum.

2180 2026 2360 2066 unum
2376 2025 2581 2063 aurum
2599 2012 2960 2078 pradicatur,
2986 2027 3106 2065 non
3123 2014 3430 2066 diversum
3448 2025 3677 2073 aurum,
3691 2011 3783 2062 sed

2180 2085 2391 2138 veritas
2416 2084 2486 2134 de
2501 2095 2639 2134 auro
2658 2098 2671 2133 :
2697 2084 2940 2137 eandem
2957 2086 3166 2150 quippe
3185 2086 3535 2149 sapientiam
3552 2101 3565 2135 :
3584 2087 3782 2132 eandem

2181 2156 2497 2207 doctrinam
2522 2159 2581 2205 et
2601 2153 2961 2218 disciplinam
2987 2169 3190 2208 omnes
3207 2156 3431 2220 lingua
3457 2155 3780 2220 pradicant.

2182 2229 2440 2280 Varietas
2458 2228 2519 2278 in
2547 2227 2776 2290 linguis,
2803 2240 3008 2279 aurum
3026 2228 3083 2278 in
3098 2227 3429 2279 sententiis.
3452 2226 3790 2288 Alloquatur

2181 2300 2457 2365 propheta
2472 2299 2725 2361 reginam
2746 2297 2938 2363 istam,
2954 2297 3203 2351 libenter
3226 2299 3385 2351 enim
3402 2298 3482 2349 illi
3495 2301 3710 2358 cantat,
3739 2306 3789 2345 et

2181 2372 2587 2436 unusquisque
2602 2373 2901 2428 nostrum;
2929 2369 2977 2419 si
2993 2372 3192 2421 tamen
3214 2369 3559 2421 noverimus
3582 2368 3683 2419 ubi
3704 2380 3790 2417 su-

2182 2458 2334 2507 mus,
2373 2447 2431 2494 et
2453 2442 2527 2493 ad
2555 2440 2696 2491 illud
2731 2451 2942 2503 corpus
2966 2440 3253 2503 pertinere
3277 2452 3577 2500 conemur,
3598 2443 3658 2490 et
3680 2437 3789 2488 ﬁde

2183 2522 2242 2569 et
2259 2529 2356 2580 spe
2372 2514 2782 2579 pertineamus,
2801 2510 2951 2561 uniti
2969 2511 3249 2561 membris
3268 2511 3499 2562 Christi.
3514 2512 3630 2561 Nos
3652 2512 3784 2557 enim

2183 2588 2511 2651 alloquitur.

2248 2660 2333 2715 11.
2356 2658 2521 2720 Audi,
2550 2655 2686 2720 ﬁlia,
2713 2655 2917 2706 emitte.
2954 2654 3289 2718 Alloquitur
3310 2666 3437 2705 eam
3465 2653 3572 2717 (Ea:
3593 2652 3785 2709 eodem)

2186 2737 2463 2794 tanquam
2486 2740 2641 2779 unus
2657 2728 2727 2779 de
2751 2727 3026 2791 patribus,
3044 2726 3181 2788 quia
3198 2726 3334 2776 illia
3351 2736 3595 2788 regnum
3619 2727 3783 2773 sunt:

2185 2804 2297 2856 etsi
2319 2800 2632 2864 alloquitur
2660 2799 2952 2863 propheta,
2983 2797 3095 2849 etsi
3129 2796 3451 2859 alloquitur
3478 2794 3785 2859 Apostolus

2190 2880 2460 2938 tanquam
2473 2872 2667 2923 (Iliam.
2686 2871 2795 2934 (Sic
2807 2870 2961 2921 enim
2972 2869 3248 2919 dicimus:
3264 2870 3465 2919 Patres
3477 2866 3658 2918 nostri
3672 2877 3784 2929 pro-

2188 2948 2405 3011 pheta:
2430 2947 2621 3008 patres
2654 2942 2838 2995 nostri
2874 2940 3150 3005 Apostoli.
3184 2940 3275 2990 Sic
3294 2952 3408 2990 nos
3428 2939 3580 3011 illos,
3604 2943 3783 3011 utpa-

2189 3009 2323 3081 tres,
2343 3016 2422 3067 illi
2439 3028 2547 3067 nos
2564 3019 2628 3066 ut
2645 3013 2831 3076 filios.)
2848 3014 2932 3063 Ex
2959 3025 3072 3063 vox
3085 3023 3205 3062 una
3229 3009 3781 3074 paternaalloquitur

2188 3101 2363 3141 unam
2388 3088 2586 3138 filiam.
2629 3085 2795 3144 Audi,
2815 3084 2951 3147 filia,
2976 3088 3021 3132 ct
3046 3082 3183 3133 vide.
3212 3082 3379 3133 Prius
3405 3082 3564 3139 audi,
3592 3083 3781 3145 postea

2181 3161 2330 3214 vide.
2358 3161 2609 3210 Ventum
2624 3161 2712 3208 est
2737 3156 2809 3207 ad
2835 3168 2962 3217 nos,
2978 3168 3110 3206 cum
3133 3153 3465 3217 Evangelio,
3506 3158 3565 3204 et
3591 3151 3780 3216 pradi-

2188 3237 2377 3284 catum
2394 3235 2481 3282 est
2501 3228 2688 3291 nobis,
2702 3226 2858 3290 quod
2869 3226 3130 3278 nondum
3148 3225 3444 3276 videmus:
3463 3229 3523 3276 et
3537 3224 3779 3272 audiendo

490 3298 800 3358 putrescat,
830 3297 887 3344 et
932 3293 1088 3356 pellit
1118 3307 1363 3347 vermes.
1400 3286 1510 3347 Per
1546 3298 1696 3349 hanc
1729 3286 2082 3365 significatur
2111 3286 2159 3357 C
2189 3304 2497 3365 credimus,
2521 3307 2579 3353 et
2601 3286 2882 3352 credendo
2912 3301 2931 3329 ι’
2956 3299 3231 3351 vidimus.
3256 3297 3428 3358 Audi,
3459 3300 3525 3347 ut
3548 3294 3775 3346 credas:

493 3365 854 3440 mortificatio
889 3364 1097 3427 carnis,
1133 3376 1266 3440 qua
1316 3367 1695 3440 valde‘amara
1718 3364 1821 3430 est,
1848 3380 1905 3426 et
1934 3378 2093 3440 pellit

494 3449 742 3511 vermes,
761 3436 926 3511 idest,
949 3436 1295 3511 tentationes
1313 3437 1539 3511 diaboli,
1555 3445 1814 3495 etservat
1827 3436 2033 3511 corpus
2045 3457 2091 3498 et

490 3508 807 3581 animama
832 3506 1135 3569 putredine
1147 3508 1433 3581 vitiorum.
1452 3510 1626 3560 Gutta
1643 3512 1847 3565 iterum
1871 3506 2092 3581 species

492 3591 626 3641 qua
639 3578 1679 3651 pellittumorespulmonis,humilitas
1696 3578 1941 3651 est,qua
1955 3594 2093 3651 pellit

486 3650 840 3701 inﬂationem
859 3653 915 3698 et
933 3660 1162 3699 omnem
1180 3654 1400 3700 motum
1420 3655 1720 3714 superbia.
1737 3650 1899 3709 Casia
1915 3650 2092 3714 herba

488 3726 579 3774 est
602 3732 734 3792 quia
750 3719 956 3770 crescit
970 3719 1028 3769 in
1044 3731 1265 3792 aquoso
1285 3720 1428 3773 loco.
1448 3726 1503 3772 et
1519 3726 1723 3776 crescit
1745 3727 1803 3778 in
1823 3742 2090 3792 magnam

491 3791 875 3868 altitudinem,
900 3795 957 3840 et
980 3789 1167 3868 reddit
1198 3803 1475 3868 magnum
1508 3793 1761 3868 odorem.
1789 3788 1958 3852 Fides
1983 3807 2089 3868 est,

493 3875 625 3927 qua
638 3862 820 3913 oritur
834 3860 892 3910 in
909 3861 1075 3932 aquis
1093 3861 1383 3927 baptismi,
1402 3866 1674 3917 etcrescit
1689 3867 1935 3932 injustis
1952 3860 2094 3926 mul;

490 3940 637 3993 tum,
671 3937 729 3985 et
750 3932 961 3983 bonam
992 3931 1203 3983 famam
1236 3933 1334 3985 dat
1375 3935 1517 3986 aliis.
1545 3937 1684 3988 Hac
1708 3931 1902 3994 omnia
1923 3946 2091 3997 nobis

497 4007 902 4081 processerunt
913 4016 984 4056 ex
996 4003 1360 4081 humanitate
1367 4007 1572 4060 Christi
1590 4025 1601 4059 :
1619 4011 1706 4061 vel
1723 4013 2095 4081 adsuntApo-

490 4076 674 4151 stolis,
694 4076 790 4141 qui
808 4075 1146 4151 hac_omnia
1157 4077 1327 4128 nobis
1348 4078 1407 4151 in
1433 4081 1760 4146 semetipsis
1780 4075 2092 4151 proposue-

490 4148 700 4200 runtin
726 4147 1009 4212 exemplo.
1039 4150 1109 4199 Et
1131 4147 1259 4200 hac
1274 4150 1471 4202 eadem
1508 4147 1907 4214 processerunt
1925 4160 2091 4210 nobis

488 4236 523 4269 a
550 4220 809 4269 dominus
825 4218 1086 4279 eburneis,
1109 4220 1276 4284 idest,
1294 4222 1367 4272 ab
1380 4222 1521 4285 ipsis
1535 4225 1749 4275 sanctis
1768 4228 2088 4290 Apostolis:

488 4304 621 4354 qua
646 4291 916 4342 dicuntur
940 4290 1167 4347 domus,
1192 4292 1327 4354 quia
1350 4294 1633 4346 Dominus
1658 4295 1878 4349 habitat
1900 4299 1957 4350 in
1973 4301 2086 4351 eis:

488 4365 727 4416 eburnei
746 4363 839 4416 vel
853 4365 1498 4427 propterfortitudinem,
1512 4368 1603 4417 vel
1619 4374 1849 4432 propter
1865 4371 2091 4433 simpli-

487 4436 677 4487 citatis
690 4436 1021 4487 candorem:
1047 4436 1169 4487 sive
1188 4437 1323 4498 quia
1337 4436 1577 4489 diversis
1604 4441 1905 4491 tormentis
1918 4444 2086 4502 incisi,

487 4507 713 4570 sculpti,
738 4506 871 4565 rasi,
894 4506 1181 4558 etelimati
1216 4507 1460 4560 fuerunt.
1486 4510 1575 4559 Eae
1599 4510 1794 4573 quibus
1817 4512 2088 4561 delectave-

486 4584 619 4627 runt
644 4584 689 4627 te
708 4577 834 4640 ﬁlia
856 4593 1045 4641 regum
1069 4579 1131 4627 in
1158 4579 1361 4628 honore
1386 4586 1494 4631 tuo.
1519 4583 1602 4632 Ac
1621 4582 1668 4631 si
1704 4582 1936 4646 diceret,
1960 4596 2088 4647 pro—

486 4652 615 4711 pter
636 4648 766 4699 hac
778 4648 1151 4701 odoramenta
1165 4649 1500 4712 placuerunt
1514 4653 1613 4702 tibi
1626 4652 1895 4705 Ecclesia
1910 4656 2085 4713 singu-

2190 3376 2405 3427 munda
2428 3386 2525 3425 cor
2560 3374 2687 3424 fide.
2725 3375 2793 3424 Et
2836 3385 2970 3423 cum
3001 3384 3099 3421 cor
3136 3370 3515 3429 mundavero,
3542 3366 3679 3430 quid
3705 3365 3778 3413 vi-

2189 3448 2372 3499 debo?
2385 3446 2540 3497 Beati
2556 3444 2773 3495 mundo
2788 3443 2976 3505 corde,
2993 3442 3268 3506 quoniam
3281 3441 3391 3505 ipsi
3420 3442 3607 3490 Deum
3630 3436 3775 3489 vide-

2188 3520 2335 3570 bunt
2363 3518 2572 3579 (Matth.
2599 3515 2688 3577 5.).
2714 3516 2782 3565 Et
2807 3515 3015 3563 inclina
3039 3527 3235 3563 aurem
3259 3518 3433 3562 tuam.
3467 3511 3529 3561 Id
3556 3515 3662 3568 est,
3687 3513 3779 3559 hu—

2189 3591 2401 3642 militer
2432 3588 2585 3640 audi.
2623 3588 2689 3636 Et
2719 3586 3016 3635 obliviscere
3053 3584 3318 3648 populum
3356 3589 3535 3631 tuum.
3572 3581 3783 3631 Scilicet

2192 3666 2379 3713 sectas
2402 3660 2753 3720 Judaorum,
2779 3657 2871 3709 vel
2894 3658 3194 3709 Gentium:
3222 3657 3368 3707 ritus
3384 3654 3598 3719 legales
3614 3655 3669 3703 in
3687 3655 3782 3704 Ju-

2189 3734 2431 3790 daismo,
2447 3730 2889 3783 etidololatriam
2905 3730 2965 3779 in
2976 3731 3281 3779 Gentilitate.
3300 3728 3368 3777 Et
3380 3727 3607 3776 domum
3620 3725 3782 3790 patris

2191 3806 2292 3853 tui.
2322 3804 2382 3855 Id
2407 3806 2514 3866 est,
2541 3801 3030 3855 conversationem
3056 3800 3287 3850 diaboli.
3320 3798 3420 3850 Vel
3436 3798 3675 3850 domum
3697 3808 3783 3860 pa-

2192 3876 2292 3926 tris
2318 3875 2419 3936 tui,
2442 3875 2549 3925 hoc
2566 3878 2654 3924 est
2675 3873 2852 3936 hujus
2869 3871 3074 3922 mundi
3097 3870 3407 3931 vanitates,
3432 3870 3493 3921 in
3517 3882 3633 3932 quo
3650 3881 3778 3930 qua-

2190 3947 2240 3998 si
2264 3948 2323 3997 in
2347 3945 2574 4012 propria
2611 3944 2782 3995 domo
2818 3955 3006 4005 usque
3030 3942 3203 3993 modo
3234 3942 3505 4012 diabolus
3527 3940 3780 4003 regnavit

2190 4011 2366 4081 (Joan.
2402 4017 2510 4079 14.)
2544 4018 2722 4079 Cujus
2756 4014 2873 4065 illia
2894 4026 2995 4078 pro
3019 4012 3305 4064 malorum
3329 4011 3574 4076 operum
3598 4014 3778 4063 imita-

2192 4089 2344 4141 tione
2366 4088 2540 4139 fuisti.

2253 4159 2337 4214 12.
2383 4160 2453 4209 Et
2481 4158 2809 4223 concupiscet
2848 4171 2948 4206 rem
2971 4154 3213 4205 decorem
3259 4160 3437 4206 tuum.
3475 4155 3539 4206 Id
3581 4160 3686 4215 est,
3731 4159 3777 4204 te

2189 4230 2473 4290 decoram,
2490 4235 2798 4294 postquam
2810 4241 2895 4290 ea,
2914 4239 3047 4291 qua
3064 4227 3219 4278 dicta
3228 4232 3386 4287 sunt,
3400 4226 3581 4278 oblita
3596 4226 3776 4277 fueris.

2189 4303 2259 4352 Et
2286 4303 2413 4352 ideo
2435 4301 2610 4352 debes
2632 4301 2880 4351 libenter
2915 4299 3132 4359 audire,
3180 4311 3311 4362 qua
3337 4303 3625 4363 praecepta
3652 4301 3778 4348 sunt

2187 4373 2307 4423 tibi.
2337 4372 2611 4429 Quoniam
2634 4369 2726 4421 ille
2750 4370 2848 4433 qui
2874 4369 3231 4432 concupiscit
3251 4371 3327 4422 te.
3350 4381 3470 4420 non
3494 4369 3679 4419 solum
3698 4372 3777 4418 est

2187 4455 2289 4493 rex
2311 4448 2371 4493 et
2394 4453 2644 4505 sponsus
2660 4445 2813 4499 tuus,
2834 4439 2936 4491 sed
2956 4440 3073 4505 Ipse
3094 4445 3165 4488 est
3189 4440 3460 4488 Dominus
3485 4440 3624 4488 Deus
3645 4444 3773 4486 tuus.

2187 4513 2249 4562 Id
2275 4515 2380 4574 est,
2398 4514 2634 4574 creator,
2657 4516 2716 4563 et
2732 4510 3060 4563 dominator
3077 4512 3177 4561 tui.
3204 4510 3345 4574 Regi
3368 4511 3544 4561 nubis
3567 4510 3775 4573 Deo,ab

2186 4583 2281 4635 illo
2305 4583 2517 4646 dotata,
2555 4584 2628 4633 ab
2666 4581 2761 4634 illo
2804 4582 3089 4641 decorata,
3138 4586 3362 4642 sanata,
3408 4587 3469 4633 et
3514 4582 3773 4633 redemta.

2189 4654 2469 4717 Quicquid
2483 4654 2663 4705 habes
2688 4653 2841 4705 unde
2863 4654 2944 4705 illi
2971 4654 3183 4717 places,
3208 4654 3282 4703 ab
3302 4652 3399 4704 illo
3428 4652 3629 4703 habes.
3650 4654 3776 4704 Hac

486 4693 575 4779 Ira,
612 4731 857 4781 quarum
882 4724 1072 4782 patres
1095 4725 1153 4771 et
1169 4693 1425 4773 rectores
1448 4723 1680 4774 fuerunt
1695 4725 1969 4788 Apostoli,
1988 4693 2083 4787 qui
2110 4693 2167 4766 Ι)
2189 4693 2321 4789 (Tua
2332 4693 2409 4776 de
2421 4724 2672 4777 Ecclesia
2683 4724 2838 4776 dicta
2853 4693 3008 4787 sunt:
3025 4693 3429 4787 unusquisque
3440 4728 3698 4775 nostrum
3712 4722 3776 4774 ad

488 4802 586 4840 eas
617 4794 940 4853 genuerunt
972 4790 1130 4842 fonte
1151 4792 1581 4854 baptismatisin
1593 4794 1805 4846 honore
1829 4809 1946 4847 non
1971 4811 2080 4858 suo,

489 4860 586 4911 sed
605 4864 721 4911 tuo.
758 4860 847 4910 Ad
876 4861 986 4912 hoc
1015 4868 1436 4915 sacramentum
1465 4867 1575 4927 {Eae
1596 4867 1847 4929 August.)
1874 4869 2109 4928 pertinet.

486 4931 637 4994 quod
668 4930 945 4995 scriptum
968 4936 1056 4983 est
1079 4932 1278 4998 inlege
1304 4951 1316 4985 :
1343 4936 1400 4987 Si
1424 4942 1689 4988 mortuus
1716 4938 1886 4988 fuerit
1914 4941 2082 5000 frater,

485 5002 728 5066 accipiat
755 5015 993 5054 uxorem
1012 5003 1184 5055 frater
1204 5006 1352 5069 ejus,
1378 5012 1436 5057 et
1465 5008 1921 5060 suscitetsemen
1946 5010 2079 5058 fratri

486 5086 592 5125 suo
617 5073 824 5136 (Matth.
850 5072 900 5127 8.
927 5074 1078 5126 Deut.
1105 5074 1235 5139 25.).
1264 5079 1523 5128 Mortuus
1549 5084 1636 5128 est
1661 5079 1954 5132 Christus:
1978 5081 2083 5131 ab-

398 5190 405 5197 .
485 5145 736 5197 sentavit
753 5157 815 5197 se
829 5158 1060 5209 corpore
1076 5161 1089 5196 :
1112 5150 1492 5211 susceperunt
1508 5148 1709 5199 fratres
1722 5150 1850 5212 ejus
1870 5166 2081 5200 uxorum

482 5216 607 5279 ejus
621 5217 949 5278 Ecclesiam,
972 5217 1374 5279 pradicatione
1392 5219 1685 5280 Evangelii
1714 5220 1861 5272 filios
1885 5237 2087 5277 genera-

484 5288 614 5351 turi,
641 5300 757 5339 non
786 5301 887 5352 per
916 5288 1159 5351 seipsos,
1186 5288 1289 5339 sed
1323 5300 1423 5352 per
1447 5290 1818 5353 Evangelium
1857 5295 2085 5356 propter

481 5372 694 5411 nomen
717 5359 925 5410 fratris.
958 5361 1022 5409 In
1066 5359 1290 5409 Christo
1321 5362 1461 5411 Jesu
1488 5361 1690 5423 (inquit
1727 5361 1958 5425 Paulus)
1985 5376 2084 5427 per

481 5431 862 5494 Evangelium
886 5443 992 5495 ego
1005 5442 1112 5482 vos
1128 5431 1303 5494 genui
1329 5431 1399 5495 (1.
1426 5432 1544 5482 Cor.
1573 5432 1662 5495 4.).
1676 5434 1877 5496 Itaque
1894 5435 2083 5486 susci—

482 5504 671 5553 tantes
700 5506 929 5567 propter
957 5514 1174 5554 nomen
1198 5502 1389 5553 fratris
1403 5516 1597 5554 semen
1616 5504 1775 5557 fratri
1801 5519 1923 5570 suo,
1945 5514 2084 5567 quot-

481 5578 623 5633 quot
646 5578 985 5634 genuerunt,
1027 5587 1145 5625 non
1171 5575 1457 5634 Paulinos,
1490 5587 1607 5626 non
1642 5576 1900 5628 Petrinos
1940 5593 1951 5627 :
1980 5577 2082 5628 sed

482 5642 835 5695 Christianos
881 5645 1341 5698 nominaverant.
1377 5648 1497 5697 Hoc
1529 5652 1619 5697 est
1649 5649 1707 5695 in
1742 5651 1945 5698 honore
1971 5656 2079 5709 tuo,

545 5793 562 5812 ·
578 5785 769 5846 Atque
784 5785 918 5836 hinc
931 5787 1290 5840 restituenda
1302 5790 1727 5853 Augustiniana
1736 5791 1905 5843 lectio
1923 5791 2083 5844 vide-

484 5855 595 5924 tur,
627 5859 844 5924 quaet
869 5856 1163 5908 obscurior
1187 5863 1290 5923 est,
1330 5864 1388 5911 et
1407 5860 1825 5924 interpolatoris
1844 5876 2082 5916 manum

490 5923 611 5973 tam
630 5920 694 5973 in
715 5921 900 5986 editis,
919 5920 1312 5987 qummMss.
1327 5920 1619 5984 codicibus
1632 5932 1880 5988 redolet:
1902 5935 2087 5988 Oleum

2185 4809 2247 4848 se
2285 4796 2491 4847 referre
2524 4799 2730 4859 potest.
2751 4796 2981 4858 Anima,
3002 4807 3156 4859 qua,
3184 4808 3373 4846 errore
3396 4795 3611 4856 relicto,
3635 4799 3775 4845 recte

2182 4867 2377 4927 credit,
2407 4866 2475 4918 de
2490 4865 2810 4930 alienigena
2834 4868 2950 4918 Deo
2979 4866 3291 4930 adoptatur
3337 4866 3400 4917 in
3424 4865 3619 4916 ﬁliam.
3643 4864 3775 4916 Ade

2181 4943 2339 5003 ptata
2361 4950 2497 5002 ergo
2525 4936 2761 4989 inclinet
2781 4949 2981 4989 aurem
3005 4950 3193 4997 suam,
3220 4941 3281 4988 et
3304 4940 3483 4988 totam
3515 4949 3575 4987 se
3600 4936 3775 4987 tradat

2181 5008 2459 5060 doctrina
2474 5011 2530 5058 et
2542 5005 2935 5071 intelligentia
2947 5020 3145 5059 eorum
3174 5007 3610 5070 quadicuntur.
3630 5006 3774 5057 Obli-

2181 5081 2439 5131 viscatur
2450 5079 2696 5142 primum
2719 5079 2992 5141 populum
3014 5091 3214 5130 suum:
3247 5083 3307 5129 et
3330 5090 3466 5129 cum
3497 5076 3770 5129 Abraham

2181 5151 2253 5203 de
2279 5148 2547 5201 Chaldaa
2568 5148 2885 5212 egrediens,
2908 5148 3196 5211 relinquat
3220 5151 3435 5200 terram
3466 5147 3770 5199 nativitatis

2181 5227 2239 5274 et
2264 5219 2621 5285 cognationis
2639 5232 2763 5271 sua
2779 5219 2980 5283 (Gcnes.
3002 5218 3127 5283 12.).
3149 5222 3332 5271 Nemo
3349 5220 3574 5271 dubitat
3595 5224 3764 5279 patrem

2180 5307 2286 5343 nos
2296 5295 2441 5343 trum
2455 5295 2768 5354 antequam
2780 5290 3185 5356 adoptaremur
3200 5303 3236 5342 a
3248 5292 3390 5349 Deo,
3408 5290 3589 5342 fuisse
3599 5289 3665 5339 de
3675 5304 3768 5348 quo

2181 5364 2443 5415 Salvator
2467 5362 2576 5413 ait:
2618 5362 2736 5413 Vos
2768 5361 2840 5413 de
2865 5366 3023 5426 patre
3047 5362 3275 5414 diabolo
3299 5362 3446 5413 estis
3475 5362 3649 5422 (Joan.
3680 5358 3763 5419 8.).

2181 5438 2325 5487 Cum
2349 5447 2500 5498 ergo,
2519 5434 2721 5497 inquit,
2747 5434 2969 5497 antiqui
2988 5435 3166 5498 patris
3185 5434 3359 5484 fueris
3378 5434 3571 5494 oblita,
3597 5436 3651 5483 et
3676 5443 3765 5494 per

2179 5506 2551 5570 baptismum,
2579 5506 2700 5557 sive
2742 5518 2838 5568 per
2872 5505 3272 5568 panitentiam
3306 5510 3613 5557 renovata:
3640 5507 3760 5552 tunc

2180 5576 2605 5644 concupiscet2
2618 5575 2837 5643 24rex
2853 5576 3120 5627 decorem
3138 5580 3325 5627 tuum.
3344 5576 3543 5628 Talem
3565 5585 3685 5635 ergo
3702 5584 3754 5644 se

2182 5650 2472 5713 prabeata
2485 5641 2662 5712 nime:
2678 5641 2744 5700 ut
2758 5651 2983 5699 ametur
2998 5660 3032 5699 a
3054 5660 3206 5711 rege.
3227 5649 3344 5711 Ipse
3367 5648 3580 5700 etenim
3594 5641 3753 5695 Domi-

2180 5794 2327 5843 cnim
2347 5792 2548 5842 uisibile
2592 5794 2654 5841 in
2683 5792 2840 5856 signo
2871 5796 2960 5854 est,
2992 5791 3168 5841 oleum
3194 5791 3469 5841 invisibile
3494 5793 3551 5840 in
3575 5790 3745 5841 Sacra-

2180 5871 2356 5916 mento
2381 5872 2470 5925 est,
2495 5865 2667 5916 oleum
2700 5864 2944 5928 spiritale
2964 5864 3115 5913 intus
3136 5868 3232 5913 est.

2243 5937 2264 5966 ¹³
2288 5937 2496 5990 Verius
2522 5936 2675 6003 apud
2705 5936 3121 6002 Augustinum,
3146 5935 3466 5989 videbimus.

3694 402 3801 456 82$
3868 418 3869 445 l
