3908 6232
170 353 305 407 8‘25

1210 351 1282 399 IN
1318 350 1643 401 PSALMOS
1679 349 1884 401 LXXV
1916 349 2496 401 COMMENTARIUS.

180 484 315 519 nus
349 470 491 518 Deus
521 468 653 531 ejus,
694 467 787 518 cui
823 467 1048 517 flectere
1086 464 1258 516 debet
1295 476 1447 528 genu
1470 468 1526 514 et
1556 463 1815 536 deposita
1832 464 1885 536 Α
1918 462 2163 528 puritate
2198 474 2323 516 suae
2344 463 2727 536 conscientiae.
2754 466 2825 516 Et
2847 463 2918 517 de
2945 462 3054 516 hac
3079 462 3300 516 deinde.
3320 463 3511 513 Addu-

182 540 481 603 superbia
502 539 711 602 jugum
733 536 1079 588 humilitatis
1105 548 1403 587 assumere
1431 534 1593 598 (Phil.
1631 533 1725 596 22.).
1747 535 1812 583 Et

184 611 521 659 adorabunt
543 624 665 657 eum
686 609 878 672 etiam,

270 680 360 735 13.
408 681 475 728 Et
510 681 637 743 ﬁliae
688 679 816 741 Tyri
850 679 907 725 in
946 676 1282 726 muneribus.
1309 676 1467 727 Filiae
1493 677 1646 740 Tyri,
1678 676 1812 728 ﬁliae

191 756 353 802 sunt
376 752 662 812 Gentium,
682 764 715 801 a
740 754 901 814 parte
928 748 1262 810 signiﬁcans
1287 752 1491 798 totum.
1520 748 1704 809 Tyrus
1728 748 1813 796 vi-

193 824 342 874 cina
373 823 503 873 huic
530 826 715 883 terrte,
742 820 840 871 ubi
864 820 1159 883 prophetia
1183 820 1547 880 erat,Gentes
1575 818 1813 869 creditu-

195 907 303 944 ras
334 895 392 944 in
405 893 693 945 Christum
719 891 1081 953 significabat
1109 903 1120 938 :
1150 900 1283 952 quae
1307 889 1694 939 adoraverunt
1710 890 1813 938 Do-

199 965 439 1015 minum
475 976 611 1014 cum
634 962 987 1013 muneribus.
1012 961 1182 1024 juxta
1208 960 1359 1023 quod
1394 960 1808 1022 scriptumest:

196 1035 622 1085 Thesaurizate
646 1032 809 1083 vobis
827 1032 1130 1081 thesauros
1154 1030 1212 1079 in
1229 1032 1370 1080 caelo
1399 1030 1586 1092 (Matth
1632 1031 1717 1090 6.).
1744 1030 1812 1079 Et

197 1106 345 1156 date
358 1105 803 1166 eleemosynam,
823 1106 880 1152 et
898 1101 1090 1153 omnia
1106 1100 1323 1151 munda
1336 1104 1474 1151 sunt
1489 1100 1652 1151 vobis
1667 1100 1807 1161 (Luc.

201 1175 340 1239 11.).
368 1178 552 1238 Tyrus
579 1176 987 1238 interpretatur
1008 1173 1278 1235 angustia,
1307 1176 1364 1223 et
1380 1170 1663 1235 significat
1682 1184 1811 1232 pec-

200 1251 614 1309 catores,quos
639 1245 900 1296 diabolus
927 1244 1355 1308 comprimebat.
1374 1242 1812 1305 Adorantigitur

205 1318 521 1368 Dominum
535 1316 668 1368 filiae
681 1316 832 1379 Tyri,
848 1314 1130 1378 siquidem
1145 1320 1483 1377 peccatores,
1506 1326 1651 1376 quos
1664 1315 1812 1361 arctis

202 1388 459 1439 vinculis
485 1386 747 1438 diabolus
760 1386 1025 1449 angebat.
1043 1388 1111 1436 Et
1129 1386 1236 1435 hoc
1255 1386 1313 1433 in
1328 1384 1660 1445 muneribus,
1676 1384 1813 1446 quia

205 1461 437 1524 seipsos
450 1460 690 1510 Domino
713 1464 948 1507 offerunt.
965 1457 1183 1506 Vultum
1196 1462 1349 1505 tuum
1364 1455 1807 1520 deprecabuntur.

205 1531 274 1581 Id
320 1536 408 1582 est
448 1531 652 1582 devote
677 1530 1063 1592 precabuntur
1098 1529 1301 1590 Deum,
1329 1530 1393 1577 ut
1417 1527 1513 1578 det
1537 1528 1620 1578 eis
1641 1538 1811 1590 posse

204 1602 509 1666 pervenire
529 1602 600 1652 ad
616 1606 770 1652 tuam
792 1598 1267 1650 conformitatem.
1287 1599 1477 1647 Omnes
1494 1598 1679 1647 divites
1694 1599 1809 1661 ple-

204 1672 309 1736 bis,
357 1673 413 1722 id
444 1677 549 1735 est,
584 1670 901 1722 omnimodi
940 1670 1169 1730 divites,
1207 1669 1329 1721 sive
1360 1670 1648 1732 consules,
1686 1669 1811 1720 sive

205 1744 410 1804 duces,
434 1745 556 1794 sive
581 1756 764 1807 reges,
793 1742 916 1792 sive
944 1741 1331 1805 imperatores.
1350 1742 1429 1792 De
1452 1740 1661 1792 talibus
1677 1740 1821 1791 divi-

211 1814 373 1900 tibus
388 1814 741 1900 discipulum
767 1812 1236 1900 sjuumkadnionet
1262 1812 1491 1900 Paulus,
1514 1812 1710 1862 dicens
1732 1812 1805 1872 (1.
1832 1827 1888 1900 Β

221 1886 357 1933 Tim.
374 1884 441 1947 6.)
470 1901 481 1935 :
506 1884 755 1948 Praecipe
781 1883 1058 1934 divitibus
1079 1882 1257 1944 hujus
1282 1883 1459 1934 seculi
1484 1896 1602 1935 non
1619 1896 1810 1947 super-

214 1957 287 2008 be
327 1969 539 2020 sapere,
590 1968 697 2007 nec
734 1967 961 2019 sperare
984 1955 1043 2004 in
1077 1955 1294 2005 incerto
1324 1954 1677 2005 divitiarum:
1706 1954 1809 2006 sed

211 2027 273 2078 in
314 2028 426 2077 Deo
465 2027 617 2087 vivo,
653 2026 753 2089 qui
786 2029 1023 2090 praestat
1047 2026 1212 2075 nobis
1238 2025 1429 2076 omnia
1452 2026 1811 2077 abundanter

212 2098 288 2149 ad
314 2098 636 2149 fruendum.
662 2097 786 2147 Divi
799 2102 883 2148 tes
911 2097 1026 2147 sint
1050 2097 1110 2146 in
1135 2097 1405 2159 operibus
1436 2096 1628 2148 bonis:
1648 2097 1810 2148 facile

214 2169 488 2229 tribuant,
518 2168 908 2220 thesaurizent
931 2168 1038 2218 sibi
1064 2166 1503 2218 fundamentum
1524 2171 1731 2219 bonum
1750 2170 1810 2220 in

213 2240 493 2291 futurum.
538 2242 847 2304 Postquam
890 2239 1141 2289 ostendit
1174 2238 1479 2301 dignitates
1519 2240 1809 2305 Ecclesiae,

212 2312 580 2363 commendat
611 2324 737 2363 eam
774 2323 903 2363 esse
937 2309 1284 2361 laudabilem
1318 2310 1638 2362 secundum
1662 2311 1810 2364 inte-

212 2383 378 2439 riora,
405 2382 606 2434 dicens
632 2397 645 2433 :

285 2453 366 2507 14.
419 2454 611 2502 Omnis
654 2452 832 2517 gloria
869 2453 982 2517 ejus
1019 2452 1142 2516 ﬁliae
1174 2452 1312 2516 regis
1347 2452 1414 2501 ab
1458 2453 1626 2504 intus.
1663 2454 1809 2505 Hinc

212 2523 425 2576 Paulus
449 2525 553 2576 ait:
574 2522 761 2575 Gloria
780 2522 1112 2574 nostrahsec
1133 2527 1238 2587 est,
1255 2524 1649 2575 testimonium
1674 2537 1811 2576 con-

212 2596 473 2647 scientiae
504 2601 720 2647 nostra:
755 2594 820 2656 (ἐξ.
852 2595 972 2644 Cor.
1004 2593 1094 2657 1.).
1122 2595 1320 2646 Fatuae
1345 2595 1597 2657 virgines
1619 2594 1808 2647 oleum

211 2679 415 2718 secum
438 2680 556 2718 non
590 2669 925 2716 sumserunt
948 2666 1154 2736 (Matth.
1184 2663 1458 2728 23.),quia
1474 2666 1810 2730 gloriamin-

211 2744 304 2790 tra
330 2738 743 2789 conscientiam
768 2750 885 2789 non
906 2737 1252 2797 habuerunt,
1278 2737 1416 2787 dum
1440 2738 1587 2787 hanc
1611 2739 1684 2788 ab
1713 2751 1808 2789 ore

211 2810 607 2875 proximorum
619 2810 992 2872 quaesierunt.
1010 2810 1078 2858 Et
1098 2807 1419 2858 notandum
1436 2809 1588 2871 quo'd
1605 2821 1807 2861 omnes

210 2881 529 2945 lampades,
545 2881 656 2931 sed
692 2893 808 2931 non
835 2892 1037 2931 omnes
1061 2880 1250 2930 oleum
1275 2879 1484 2930 habere
1508 2879 1806 2931 dicuntur:

213 2952 349 3015 quia
371 2951 690 3015 plerunque
716 2952 865 3001 bona
887 2962 1056 3015 opera
1088 2950 1148 3001 in
1172 2963 1235 3002 se
1258 2964 1389 3002 cum
1412 2950 1608 3002 electis
1631 2954 1689 3003 et
1721 2964 1812 3002 re-

211 3023 407 3087 probis
432 3023 769 3079 ostendunt,
797 3021 898 3073 sed
920 3020 1106 3073 soliad
1119 3034 1397 3085 sponsum
1416 3022 1659 3074 veniunt
1675 3036 1807 3075 cum

209 3094 355 3156 oleo,
386 3094 486 3157 qui
524 3094 594 3144 de
628 3093 718 3144 his
745 3106 879 3157 quae
920 3093 1056 3144 foris
1082 3098 1339 3155 egerunt,
1366 3106 1481 3145 non
1512 3094 1673 3159 foris,
1710 3095 1811 3146 sed

209 3165 367 3215 intus
377 3165 619 3228 gloriam
630 3166 943 3228 requirunt.
967 3167 1095 3216 Non
1108 3164 1293 3215 solum
1306 3177 1442 3228 ergo
1459 3166 1611 3217 bona
1621 3179 1807 3231 agere,

211 3237 312 3287 sed
327 3236 526 3310 eadem
540 3250 674 3310 cum
690 3237 913 3310 cautela
926 3248 1138 3310 magna
1153 3236 1441 3310 custodire
1450 3248 1686 3310 necesse
1699 3243 1802 3288 est:
1832 3236 1881 3310 ρ

210 3312 277 3359 ut
301 3309 401 3371 qui
425 3309 718 3371 gloriatur,
752 3308 812 3359 in
849 3309 1088 3359 Domino
1122 3307 1394 3371 glorietur
1421 3309 1487 3371 (1.
1529 3309 1648 3359 Cor.
1678 3310 1804 3372 10.).

211 3381 279 3430 Et.
302 3378 398 3430 illa.
422 3378 538 3429 illia
562 3380 710 3441 regis
735 3384 840 3442 est,
857 3380 921 3428 In
944 3378 1175 3442 ﬁmbriis
1197 3379 1378 3427 aureis
1407 3380 1815 3430 circumamicta

210 3450 582 3501 varietatibus.
606 3450 986 3501 Varietatibus
1003 3450 1236 3513 quidem
1262 3449 1810 3512 circumamictaest,

115 3552 128 3563 -
209 3522 343 3585 quia
358 3522 522 3585 fides,
544 3521 1504 3585 spes,caritas,prudentia,justitia,
1520 3523 1809 3585 fortitudo,

211 3595 610 3656 temperantia,
648 3604 775 3644 eam
801 3592 1055 3655 undique
1081 3592 1451 3643 circumdant.
1484 3596 1588 3645 lite
1617 3598 1811 3645 autem

210 3665 455 3713 virtutes
492 3676 622 3714 cum
649 3663 889 3714 fimbriis
912 3663 1102 3714 aureis
1128 3663 1340 3713 suntin
1374 3664 1637 3719 Ecclesia.
1672 3678 1813 3727 quo-

207 3735 366 3786 niam
400 3735 696 3798 sapientia,
738 3741 794 3786 et
827 3734 1083 3795 scientia,
1109 3740 1166 3785 et
1190 3735 1598 3786 miraculorum
1624 3735 1813 3801 fulgor

207 3808 282 3857 ab
308 3805 401 3856 his
418 3806 689 3870 pendent.
714 3806 985 3857 Fiuibriie
1000 3806 1073 3857 ad
1089 3810 1491 3858 ornamentum
1516 3812 1811 3871 ponuntur

206 3879 269 3928 in
314 3879 693 3929 vestimentis.
744 3877 919 3939 Quasi
951 3890 1086 3941 ergo
1128 3890 1200 3927 ex
1226 3878 1597 3929 varietatibus
1635 3879 1811 3929 vesti-

206 3950 390 4000 menti
410 3949 653 4001 ﬂmbrise
675 3962 866 4001 aureae
891 3948 1222 4012 procedunt,
1242 3948 1474 4013 quando
1491 3962 1563 4000 ex
1582 3949 1810 4001 virtuti-

208 4022 321 4071 bus
347 4020 621 4071 miracula
644 4019 985 4071 clarescunt.
1550 4054 1553 4057 μ

270 4091 360 4145 15.
377 4091 729 4140 Adducenlur
742 4092 857 4155 regi
878 4092 1116 4155 virgines
1129 4096 1243 4155 post
1261 4105 1396 4141 eam.
1421 4091 1808 4155 Apostolicam

205 4168 264 4215 et
294 4162 650 4225 primitivam
680 4163 992 4214 Ecclesiam
1016 4162 1438 4226 prmcedentem
1465 4162 1663 4213 multa:
1680 4163 1808 4215 alite

205 4235 683 4297 subsequuntur:
712 4234 962 4297 virgines,
994 4233 1052 4283 id
1078 4238 1184 4295 est,
1219 4233 1425 4295 integri
1460 4238 1517 4283 et
1539 4234 1730 4283 anima
1752 4238 1810 4284 et

204 4316 461 4366 corpore,
493 4305 831 4354 adducentur
859 4306 989 4368 regi,
1026 4303 1099 4355 ad
1125 4304 1511 4354 serviendum.
1540 4304 1675 4354 Etin
1698 4304 1809 4355 hoc

212 4380 399 4433 notat,
440 4375 595 4438 quod
626 4389 723 4440 per
747 4389 808 4427 se
839 4375 912 4426 ad
936 4375 1089 4427 illam
1123 4374 1463 4438 dignitatem
1490 4374 1684 4426 venire
1706 4388 1808 4426 ne-

203 4447 446 4511 queunt,
496 4447 605 4497 nisi
652 4446 1012 4498 adducantur
1056 4446 1481 4509 praedicatione,
1526 4450 1584 4496 et
1623 4446 1807 4509 gratia

199 4518 540 4581 adjuvante.
588 4517 736 4569 Hinc
784 4519 907 4582 ipse
947 4530 1201 4581 sponsus
1246 4518 1347 4568 ait.
1385 4519 1567 4568 Nemo
1617 4522 1808 4580 potest

206 4589 405 4640 venire
437 4588 510 4639 ad
536 4601 646 4648 me,
672 4589 781 4640 nisi
817 4591 983 4640 Pater
1004 4601 1167 4639 meus
1196 4588 1431 4639 traxerit
1460 4600 1593 4639 eum
1626 4588 1802 4651 (Joan.

201 4662 293 4722 6.).
342 4658 447 4709 Hic
478 4659 544 4709 fit
585 4660 883 4711 conversio
918 4659 990 4710 ad
1023 4659 1215 4723 ipsum
1248 4671 1459 4721 regem,
1500 4672 1631 4710 cum
1669 4660 1801 4710 sub-
1826 4650 1882 4722 D

202 4729 380 4785 ditur,
424 4730 695 4778 Proxima:
721 4731 835 4792 ejus
883 4728 1182 4793 afferentur
1221 4730 1331 4779 tibi.
1371 4731 1497 4780 Non
1521 4729 1673 4780 enim
1700 4731 1804 4793 (Ea:

200 4800 528 4863 Augustino)
566 4813 697 4863 quae
729 4801 1037 4852 afferentur
1066 4799 1271 4851 alienas
1307 4804 1460 4864 sunt,
1502 4799 1674 4867 225
1703 4801 1803 4853 sed

201 4871 487 4934 proximae
499 4877 645 4934 ejus,
663 4872 733 4922 ad
755 4884 890 4923 eum
909 4872 1391 4936 pertinentes.Per
1405 4872 1661 4937 virgines
1678 4886 1805 4940 pos-

200 4954 413 4993 sumus
440 4941 755 5005 intelligere
780 4942 906 4993 illas
931 4942 1174 5004 animas,
1194 4956 1325 5006 quae
1344 4957 1570 5007 semper
1586 4944 1808 5008 integri-

201 5017 379 5064 tatem
425 5013 614 5063 carnis
648 5018 970 5074 servantes,
1005 5015 1063 5065 in
1108 5014 1435 5077 virginitate
1462 5027 1569 5065 sua
1592 5015 1808 5068 caelesti

199 5095 417 5147 sponso
431 5084 754 5135 servierunt
771 5101 783 5134 :
799 5090 856 5135 et
868 5085 1010 5149 ipsae
1024 5085 1082 5136 in
1096 5085 1278 5149 primo
1291 5085 1475 5149 gradu
1493 5090 1645 5136 sunt.
1662 5088 1809 5138 Sunt

195 5156 347 5213 aliae,
365 5154 537 5204 sinon
555 5156 831 5219 Virgines,
852 5159 1045 5207 tamen
1058 5156 1438 5219 continentes,
1457 5169 1588 5218 qum
1605 5169 1809 5218 quam-

198 5226 292 5275 vis
322 5224 383 5275 in
405 5224 610 5276 eodem
635 5226 818 5289 gradu
843 5240 959 5278 non
982 5227 1118 5281 sint.
1140 5228 1329 5277 tamen
1349 5231 1488 5276 sunt
1500 5228 1804 5289 proximae:

197 5297 334 5361 quia
371 5301 502 5360 post
536 5296 765 5360 lapsum
797 5300 984 5351 carnis
1021 5299 1441 5351 continentiam
1465 5298 1809 5350 studuerunt

198 5382 433 5421 scrvare
458 5370 689 5421 mentis.
729 5373 884 5423 Inter
907 5373 1013 5421 has
1050 5371 1343 5435 proximas
1368 5372 1807 5432 conjugatorum

196 5440 356 5497 ordo,
384 5440 483 5503 qui
506 5442 580 5491 ab
606 5441 792 5493 aliena
815 5442 1222 5505 conjunctione
1248 5456 1310 5493 se
1334 5441 1807 5502 custodivit,con-

200 5515 432 5564 tinetur.
464 5513 569 5564 Hie
603 5525 756 5577 ergo.
785 5528 920 5577 quae
952 5520 1275 5576 sequuntur
1310 5513 1640 5572 Ecclesiam,
1666 5514 1806 5565 etin

200 5584 383 5648 primo
407 5590 703 5649 ponuntur
728 5587 926 5651 gradu,
963 5599 1094 5649 quae
1121 5588 1179 5637 in
1202 5587 1532 5649 virginitate
1559 5589 1806 5651 corporis

198 5661 258 5707 et
291 5656 504 5708 animai
529 5662 916 5720 perseverant.
965 5662 1020 5708 et
1045 5658 1343 5722 proximae,
1369 5658 1426 5709 id
1458 5662 1565 5720 est,
1596 5658 1804 5724 viduae,

198 5733 257 5779 et
286 5727 347 5779 in
371 5728 733 5781 matrimonio
756 5730 1114 5781 continentes
1142 5746 1154 5781 :
1182 5744 1400 5793 omnes,

264 5797 354 5853 16.
393 5798 705 5863 A/ferentur
746 5801 807 5847 in
854 5799 1035 5847 laetitia
1086 5805 1130 5849 et
1173 5802 1521 5861 exultatione,
1571 5801 1705 5865 quia
1747 5802 1808 5855 in

203 5870 486 5933 praesenti
513 5884 743 5937 quoque
766 5868 1019 5923 Ecclesia
1044 5871 1209 5925 valde
1231 5872 1502 5926 laetantur
1532 5874 1716 5926 sancti
1738 5874 1809 5927 de

1916 540 2107 583 centur
2125 536 2187 583 in
2212 534 2468 599 templum
2493 537 2647 598 regis,
2667 536 2725 586 id
2750 539 2842 587 est
2864 538 2924 587 in
2949 547 3259 600 supernam
3281 536 3511 585 Jerusa—

1910 605 2039 656 lem.
2057 608 2119 656 In
2142 606 2421 669 templum
2445 606 2823 671 adducentur,
2846 606 3017 670 quasi
3042 605 3375 657 sacerdotes
3391 606 3511 668 Dei,

1909 676 1969 727 in
1996 676 2314 727 thalamum
2338 677 2501 740 quasi
2517 689 2748 741 sponsae
2770 679 2946 740 regis,
2969 682 3027 728 et
3052 678 3269 740 sponsi.
3288 674 3389 726 Vel
3412 675 3512 726 ad-

1911 753 2190 800 cucentur
2212 749 2268 798 in
2295 749 2590 812 templum,
2610 748 2666 798 id
2679 751 2769 798 est
2781 748 2855 798 ad
2870 748 2996 808 hoc,
3011 753 3076 799 ut
3104 749 3213 799 sint
3230 747 3506 811 templum

1911 821 2060 883 regis
2085 834 2097 869 :
2115 824 2181 870 ut
2194 825 2468 882 tanquam
2492 820 2553 870 in
2577 818 2789 883 templo
2800 820 3081 870 Dominus
3096 821 3315 871 habitet
3330 819 3388 869 in
3403 818 3506 869 eis.

1909 893 2086 941 Juxta
2109 891 2265 953 quod
2282 890 2491 941 Paulus
2504 891 2583 941 ait
2607 906 2618 940 :
2646 889 2950 953 Templum
2972 890 3094 951 Dei,
3114 895 3379 940 sanctum
3396 894 3504 951 est,

1911 962 2063 1025 quod
2082 962 2222 1013 estis
2250 974 2354 1013 vos
2379 962 2446 1023 (1.
2480 963 2598 1011 Cor.
2620 961 2671 1015 3.
2687 962 2775 1024 6.).
2793 963 2857 1011 In
2883 962 3101 1012 unitate
3122 966 3210 1011 est
3229 960 3506 1023 templum

1910 1034 2079 1097 regis.
2116 1033 2359 1096 Lapides
2396 1034 2516 1084 vivi
2554 1037 2692 1083 sunt
2742 1033 2941 1083 fideles
2975 1032 3095 1083 Dei.
3123 1033 3247 1081 Non
3280 1035 3371 1081 est
3401 1031 3510 1081 hoc

1912 1104 2187 1167 templum
2230 1105 2546 1162 ruinosum,
2575 1117 2690 1155 non
2719 1104 3049 1167 discissum,
3090 1114 3207 1152 non
3231 1101 3502 1151 divisum.

1909 1177 2191 1225 Junctura
2211 1174 2466 1237 lapidum
2492 1175 2830 1231 viventium,
2856 1174 3063 1225 caritas
3076 1177 3179 1224 est.
3198 1174 3357 1223 Duce
3375 1183 3509 1234 ergo

1909 1246 2110 1310 gratia,
2151 1245 2510 1297 adducentur
2542 1246 2600 1296 in
2626 1246 2908 1310 templum
2936 1245 3103 1308 regis,
3132 1244 3190 1294 in
3230 1243 3508 1293 unitatem

1910 1317 2177 1382 perfectae
2198 1316 2485 1368 caritatis:
2512 1317 2612 1367 ubi
2640 1317 2860 1378 possint
2883 1318 2945 1367 in
2965 1320 3250 1368 aeternum
3275 1312 3508 1364 laudare

1911 1391 2114 1439 Deum.
2141 1388 2353 1439 Deinde
2369 1387 2682 1450 alloquitur
2701 1388 3033 1445 Ecclesiam,
3051 1386 3249 1436 dicens
3278 1401 3288 1432 :

1974 1459 2061 1513 17.
2086 1460 2192 1508 Pro
2209 1458 2455 1522 patribus
2478 1459 2584 1507 tuis
2612 1460 2731 1506 nati
2752 1463 2880 1507 sunt
2906 1458 2998 1507 tibi
3018 1457 3141 1521 ﬁlii.
3173 1458 3512 1508 Genuerunt

1912 1534 1967 1582 te
1980 1530 2261 1594 Apostoli.
2280 1529 2395 1594 Ipsi
2416 1529 2577 1579 missi
2602 1534 2755 1591 sunt,
2780 1530 2890 1591 ipsi
2907 1525 3510 1593 praedicaverunt,ipsi

1911 1606 2050 1652 sunt
2072 1605 2282 1665 patres,
2298 1600 2407 1663 ipsi
2429 1604 2567 1650 sunt
2590 1600 2801 1663 recepti
2829 1599 2887 1650 in
2910 1599 3091 1662 gloria
3117 1615 3128 1646 :
3155 1602 3213 1648 et
3242 1597 3367 1648 loco
3390 1596 3509 1648 illo-

1912 1684 2039 1724 rum
2064 1671 2183 1722 nati
2199 1676 2338 1722 sunt
2361 1670 2459 1721 filii
2491 1671 2821 1722 :constituti
2846 1675 2981 1721 sunt
3007 1668 3277 1733 episcopi.
3301 1669 3429 1719 Non
3454 1673 3510 1720 te

1911 1756 2047 1809 ergo
2073 1748 2238 1808 putes
2264 1743 2568 1804 desertam,
2596 1741 2729 1805 quia
2753 1753 2868 1792 non
2899 1741 3065 1792 vides
3088 1739 3347 1800 Paulum,
3375 1738 3510 1801 quia

1913 1828 2032 1866 non
2063 1813 2227 1867 vides
2261 1826 2359 1865 eos
2390 1826 2491 1878 per
2519 1825 2665 1876 quos
2698 1817 2835 1863 nata
2861 1825 2942 1864 es.
2982 1813 3061 1862 De
3096 1810 3251 1875 prole
3284 1814 3384 1860 tua
3410 1809 3508 1859 tibi

1913 1887 2095 1939 crevit
2117 1885 2451 1949 paternitas.
2494 1884 2622 1935 Nati
2645 1888 2781 1935 sunt
2806 1883 2904 1934 filii
2928 1883 3029 1934 tibi
3052 1881 3124 1933 ad
3148 1893 3295 1944 opus
3319 1885 3508 1931 tuum.

1913 1957 2210 2008 Constitues
2232 1971 2333 2019 eos,
2361 1955 2417 2006 id
2440 1958 2545 2015 est,
2571 1955 2807 2006 stabiles
2832 1954 3005 2005 facies
3028 1954 3089 2004 in
3112 1952 3225 2003 fide
3244 1956 3301 2002 et
3314 1963 3503 2014 opere,

1911 2029 2189 2092 Principes
2200 2027 2504 2091 magistros
2516 2026 3505 2089 etdoctores.Superomnemterram.

1909 2100 1971 2152 Id
1997 2105 2103 2157 est,
2132 2098 2439 2149 Ecclesiam
2464 2110 2566 2161 per
2590 2109 2793 2149 omnes
2814 2102 3005 2161 partes
3025 2098 3190 2147 terra:
3213 2093 3505 2145 diffusam.

1911 2175 1978 2224 Et
2001 2171 2137 2234 quia
2160 2170 2240 2220 ita
2260 2173 2350 2220 est
2374 2169 2632 2220 ordinata
2657 2168 2927 2228 Ecclesia,
2953 2169 3010 2218 et
3025 2165 3362 2217 confirmata
3379 2163 3507 2214 ideo

1973 2242 2059 2297 18.
2094 2242 2299 2290 Memor
2334 2254 2421 2288 ero
2447 2239 2688 2288 nominis
2722 2239 2802 2287 tui
2836 2238 3081 2287 Domi-ne.
3108 2236 3173 2286 1d
3195 2240 3300 2295 est,
3334 2235 3504 2285 fama:

1909 2318 1967 2367 et
1996 2313 2191 2379 glorias
2221 2314 2339 2363 tuae
2360 2311 2694 2362 memoriam
2719 2321 2886 2373 agam
2904 2309 2966 2357 in
2990 2307 3143 2357 omni
3166 2305 3509 2379 generatione

1910 2376 2120 2437 diffusa
2161 2384 2220 2434 in
2258 2382 2416 2433 omni
2448 2385 2596 2432 terra
2626 2395 2639 2431 :
2674 2387 2719 2430 et
2752 2380 2959 2431 deinde
2998 2380 3057 2429 in
3092 2376 3505 2441 generationem,

1911 2455 2332 2507 succedentem.
2352 2454 2641 2517 Propterea
2655 2456 2704 2504 et
2714 2452 2826 2503 iam
2838 2450 3055 2515 Populi,
3073 2449 3172 2512 qui
3186 2446 3359 2499 futuri
3372 2449 3511 2497 sunt

1909 2527 2173 2581 videntes
2201 2527 2416 2576 tantam
2434 2523 2676 2587 gloriam
2692 2522 2962 2573 Ecclesiae
2983 2526 3102 2573 tum
3117 2517 3510 2582 conﬁtebuntur

1912 2599 2024 2658 tibi,
2060 2598 2116 2647 id
2143 2601 2250 2659 est,
2274 2594 2595 2647 laudabunt
2620 2598 2692 2658 te,
2727 2597 3004 2655 tanquam
3027 2596 3319 2643 auctorem
3336 2590 3511 2650 etgu-

1910 2671 2289 2731 bernatorem,
2316 2668 2375 2715 in
2396 2672 2676 2728 aeternum,
2691 2677 2789 2727 per
2800 2669 2980 2715 totam
2996 2663 3144 2714 hanc
3160 2663 3507 2724 praesentem

1907 2743 2102 2795 vitam.
2134 2743 2256 2792 Non
2275 2739 2409 2803 quia
2428 2738 2555 2790 haec
2573 2737 2689 2789 vita
2713 2737 2788 2788 sit
2809 2740 3042 2799 interna,
3065 2733 3169 2785 sed
3186 2731 3507 2784 secundum

1910 2824 2107 2865 eorum
2133 2810 2511 2863 intentionem
2543 2810 2599 2859 et
2622 2807 2990 2860 devotionem
3016 2820 3029 2856 :
3055 2805 3189 2868 quia
3216 2803 3263 2854 si
3281 2813 3507 2865 semper

1910 2884 2198 2945 viverunt,
2222 2883 2314 2933 hic
2332 2892 2558 2943 semper
2579 2878 2894 2930 laudarent.
2926 2878 2994 2926 Et
3016 2878 3079 2925 in
3094 2874 3345 2925 saeculum
3371 2872 3510 2923 sub-

1910 2955 2233 3007 secutivum
2256 2951 2633 3015 hujussaeculi.
2662 2951 2707 3002 Ο
2732 2949 2925 3002 felices
2947 2948 3042 3011 illi,
3071 2948 3171 3010 qui
3193 2945 3505 2998 Dominum

1906 3026 2138 3078 laudare
2162 3025 2531 3076 merebuntur
2554 3023 2613 3073 in
2637 3021 2918 3074 saeculum
2943 3018 3169 3072 saeculi!

2230 3139 2590 3203 TITULUS
2633 3137 2951 3202 PSALMI
2975 3134 3179 3199 XLV.

1979 3250 2084 3300 l.In
2099 3250 2172 3311 ﬁn
2182 3262 2261 3295 em
2274 3246 2403 3310 ﬁliis
2416 3246 2588 3296 Chore
2599 3261 2696 3309 pro
2711 3244 2931 3311 arcanis
2943 3243 3186 3311 psalmus
3197 3239 3504 3311 DauidPsal

1915 3327 2029 3359 mus
2061 3306 2155 3358 iste
2187 3306 2478 3357 attribuitur
2503 3306 2624 3356 filiis
2647 3312 2822 3362 Chore,
2847 3309 2897 3354 id
2923 3306 3015 3362 est,
3039 3306 3375 3353 imitatoribus
3397 3316 3508 3350 cru-

1913 3373 2331 3434 citixi,Apostolis
2348 3374 2539 3418 scilicet
2555 3372 2888 3418 invitantibus
2912 3369 3106 3434 futuros
3120 3368 3248 3434 ﬁlios
3259 3368 3435 3434 Chore,
3454 3368 3509 3410 ut

1914 3439 1968 3483 in
1994 3430 2142 3483 finem
2168 3436 2389 3491 tendant,
2408 3435 2457 3481 id
2484 3440 2576 3491 est,
2603 3435 2655 3480 in
2682 3433 3061 3492 perfectionem:
3079 3431 3172 3492 Qui
3198 3430 3334 3492 enim
3347 3439 3511 3492 perse-

1914 3499 2162 3545 voraverit
2200 3511 2360 3556 usque
2382 3489 2448 3543 in
2474 3489 2644 3553 ﬁnem,
2672 3489 2754 3541 hic
2776 3496 2946 3541 salvus
2970 3495 3064 3539 erit
3088 3490 3295 3556 (Matth.
3321 3489 3439 3556 ‘24.)_.
3456 3489 3510 3534 Et

1912 3566 2069 3619 agunt
2092 3573 2181 3618 pro
2205 3552 2402 3605 arcanis
2427 3552 2827 3605 manifeStandis.
2854 3559 2907 3603 In
2933 3557 3026 3601 hoc
3050 3554 3242 3614 psalmo
3266 3552 3509 3619 manifes-

1913 3616 2042 3678 tatur
2077 3616 2322 3677 adventus
2357 3630 2560 3688 Christi,
2586 3629 2675 3687 qui
2699 3629 2914 3675 multum
2940 3626 3164 3671 occultus
3197 3628 3300 3669 erat

1912 3709 1959 3749 et
1984 3703 2245 3749 conversio
2257 3701 2608 3761 Apostolorum
2623 3700 2850 3746 aJudmis
2863 3699 2922 3743 ad
2939 3699 3039 3745 Gen
3050 3702 3135 3761 tes,
3151 3694 3507 3761 etsalvatiolu-

1912 3767 2135 3813 timorum
2162 3766 2214 3809 in
2242 3758 2536 3810 novissimis
2563 3762 2888 3821 temporibus,
2916 3766 2959 3806 et
2987 3773 3081 3817 pax
3100 3760 3151 3821 in
3166 3758 3276 3815 ejus
3292 3762 3509 3821 tempore

1912 3827 2188 3873 nativitatis
2232 3825 2362 3872 inter
2395 3827 2545 3871 Deum
2574 3830 2619 3870 et
2646 3819 2919 3871 hominem.
2947 3820 3147 3869 Materia
3170 3824 3244 3866 est
3266 3819 3512 3864 adventus

1909 3889 2117 3944 Christi,
2153 3888 2215 3933 de
2252 3901 2354 3945 quo
2393 3893 2571 3933 cuncta
2594 3900 2790 3943 arcana,
2817 3899 2930 3944 quae
2953 3884 3084 3931 dicta
3108 3888 3244 3938 sunt,
3263 3893 3512 3945 processe-

1910 3955 2047 3998 runt.
2095 3952 2148 3995 In
2194 3943 2358 4007 prima
2402 3954 2539 4007 parte
2574 3950 2791 3995 ostendit
2822 3943 3023 3993 amnem
3047 3958 3187 4003 spem
3212 3945 3266 3989 in
3291 3943 3510 4007 adventu

1911 4012 2118 4066 Christi,
2144 4004 2267 4055 et'in
2297 4004 2509 4056 transitu
2534 4011 2881 4066 Apostolorum
2909 4009 2969 4053 ad
2996 4008 3193 4054 Gentes.
3212 4007 3267 4052 In
3290 4004 3511 4066 secunda

1908 4077 2047 4132 parte
2084 4073 2302 4118 ostendit
2338 4065 2608 4118 Ecclesiam
2644 4085 2753 4117 esse
2789 4069 3134 4132 fundatamiin
3167 4065 3506 4132 Christo,_qui

1909 4128 2253 4191 subjiciuntur
2276 4138 2450 4191 gentes
2491 4139 2537 4177 et
2560 4145 2734 4189 regna.
2761 4132 2815 4177 In
2844 4133 2985 4177 tertia
3009 4131 3243 4191 admonet
3265 4142 3357 4175 nos
3380 4128 3511 4191 Deus

1910 4202 1963 4243 ut
1983 4188 2300 4241 attendamus
2334 4208 2485 4251 opera
2509 4188 2657 4239 istius
2682 4192 2893 4239 Domini.
2924 4190 3135 4238 Intentio
3159 4195 3250 4251 est,
3276 4194 3331 4235 ut
3355 4188 3513 4251 homi—

1908 4270 1998 4303 nes
2024 4270 2165 4316 spem
2191 4269 2296 4302 sure
2325 4248 2637 4301 lilierationis
2661 4255 3035 4301 constituantin
3061 4248 3283 4316 adventu
3303 4251 3413 4316 Dei:
3430 4248 3509 4294 vel

1906 4312 2177 4365 eertiilcare
2204 4331 2293 4363 nos
2318 4318 2378 4363 de
2403 4320 2512 4375 ipso
2535 4318 2772 4371 adventu,
2800 4320 2845 4361 et
2870 4317 2931 4361 de
2955 4315 3229 4360 salvatione
3253 4312 3506 4375 Gentium.

1908 4382 2143 4439 Proponit
2180 4393 2232 4425 se
2259 4373 2519 4437 primit—iva
2538 4379 2757 4425 Ecclesia
2784 4378 2836 4423 in
2862 4379 2955 4423 hoc
2978 4375 3170 4439 psalmo
3194 4373 3407 4439 posteris
3429 4387 3510 4439 ex-

1907 4435 2131 4501 emplum
2158 4435 2427 4499 patientiae,
2448 4440 2699 4495 videlicet,
2726 4444 2779 4485 ut
2804 4452 2903 4485 non
2929 4438 3161 4501 deficiant
3184 4436 3280 4482 sub
3305 4435 3511 4501 tribula-

1911 4496 2104 4551 tionum
2139 4496 2375 4562 pondere,
2412 4496 2527 4549 cum
2561 4516 2645 4548 eos
2673 4501 2901 4555 audiant,
2926 4500 3016 4558 qui
3041 4498 3253 4546 salutem
3278 4496 3505 4544 omnium

1907 4566 2212 4627 qurere-bant,
2252 4571 2315 4611 tot
2339 4571 2385 4611 et
2411 4569 2542 4610 tanta
2566 4563 2835 4623 pertulisse
2860 4563 3122 4622 patienter.

2389 4676 2787 4741 PSALMUS
2818 4674 3022 4738 XLV.

1968 4804 2020 4858 2.
2058 4804 2195 4853 Deus
2216 4808 2391 4852 noster
2414 4803 2697 4868 refugium
2722 4808 2765 4851 et
2789 4802 2974 4852 virtus.
3000 4800 3098 4852 Ille
3118 4801 3218 4864 qui
3234 4806 3342 4863 est,
3358 4803 3509 4854 Deus

1907 4877 2163 4928 omnium
2188 4877 2493 4939 potestate,
2506 4879 2703 4926 noster
2715 4879 2908 4926 autem
2922 4873 3219 4925 voluntate
3236 4878 3292 4925 et
3306 4874 3507 4939 gratia,

1907 4951 1995 5000 est
2011 4948 2178 4998 nobis
2194 4947 2492 5010 refugium,
2508 4946 2564 4997 id
2584 4950 2692 5006 est,
2709 4951 2765 4998 et
2778 4945 3075 4997 securitas.
3100 4945 3314 5009 thuia
3327 4946 3511 4997 multa

1909 5024 2046 5070 sunt
2073 5018 2307 5082 ret‘ugia,
2329 5030 2460 5081 quas
2484 5030 2603 5069 non
2626 5021 2762 5068 sunt
2788 5020 2936 5069 tuta:
2954 5016 3081 5067 ideo
3099 5017 3419 5080 subjungit,
3441 5016 3508 5065 Et

1907 5091 2098 5147 virtus,
2112 5089 2452 5147 virtuosum,
2465 5087 2912 5153 inexpugnabile
2929 5087 3231 5151 refugium.
3247 5090 3389 5139 Sunt
3402 5087 3507 5150 (Eae

1906 5160 2229 5225 Augustino)
2258 5161 2529 5222 quaedam
2556 5160 2789 5223 refugia,
2818 5159 2916 5210 ubi
2931 5171 3046 5210 non
3067 5162 3157 5209 est
3174 5159 3507 5221 virtus,quo

1909 5232 2155 5295 quisque
2171 5244 2301 5282 cum
2316 5232 2541 5297 fugerit,
2552 5233 2739 5296 magis
2755 5232 3094 5290 infirmatur,
3109 5241 3282 5291 quam
3298 5229 3504 5280 confir-

1906 5310 2114 5355 matur.
2133 5306 2276 5354 Cum
2296 5304 2447 5369 fugis
2468 5305 2645 5370 (verbi
2663 5304 2862 5369 gratia)
2880 5302 2952 5354 ad
2967 5300 3216 5363 aliquem
3236 5301 3294 5350 in
3312 5300 3506 5352 seculo

1906 5386 2205 5436 magnum,
2220 5379 2283 5425 ut
2308 5375 2482 5426 facias
2506 5377 2607 5427 tibi
2628 5378 2916 5439 potentem
2937 5372 3205 5425 amicum.
3223 5370 3507 5434 refugium

1909 5446 2150 5497 videtur.
2177 5446 2359 5495 Tanta
2385 5451 2579 5498 tamen
2612 5447 2791 5508 hujus
2818 5442 2993 5495 seculi
3018 5443 3234 5493 incerta
3264 5447 3418 5505 sunt,
3450 5447 3509 5493 et

1908 5518 1985 5567 ita
2020 5514 2168 5566 mala
2193 5519 2513 5579 potentium
2540 5517 2794 5581 quoditie
2819 5516 3175 5575 crebescunt,
3204 5518 3269 5564 ut
3289 5527 3418 5564 cum
3433 5514 3505 5565 ad

1908 5589 2018 5640 tale
2060 5587 2344 5649 refugium
2391 5590 2732 5651 confugeris,
2760 5588 2889 5652 plus
2912 5587 2988 5638 ibi
3020 5586 3216 5637 timere
3242 5585 3501 5649 incipias.

1908 5664 2093 5712 Antea
2104 5658 2252 5708 enim
2278 5670 2501 5710 caussae
2521 5666 2635 5710 tuae
2654 5664 2880 5710 tantum
2898 5659 3142 5709 timebas
3163 5670 3325 5708 :cum
3341 5657 3412 5708 ad
3428 5662 3507 5709 ta-

1904 5731 2020 5783 lem
2037 5727 2328 5789 retugeris,
2353 5733 2409 5780 et
2432 5729 2503 5780 de
2524 5729 2618 5780 illo
2642 5729 3069 5781 timebis.Multi
3094 5729 3248 5779 enim
3273 5741 3404 5779 cum
3429 5730 3502 5781 ad

1909 5801 2043 5856 talia
2064 5797 2284 5861 refugio.
2306 5800 2719 5865 confugissent,
2745 5799 3085 5852 cadentibus
3109 5797 3241 5861 illis,
3264 5798 3337 5850 ad
3357 5812 3508 5862 quos

1910 5872 2316 5936 confugerunt,
2335 5872 2391 5923 et
2401 5870 2510 5936 ipsi
2522 5870 2753 5937 quaesiti
2768 5875 2924 5933 sunt,
2942 5882 3089 5933 quos
3103 5881 3274 5921 nemo
3291 5880 3509 5932 quaere-

3406 348 3511 402 see
3606 308 3615 313 i
