3908 6232
440 346 545 403 827

1501 350 1767 402 RUFINO
1798 348 2256 402 PRESBYTERO
2288 348 2669 402 ASCRIPTUS

3671 342 3784 397 8‘28

439 468 546 525 ret,
563 461 675 513 nisi
698 461 772 513 ad
793 460 933 538 talia
954 460 1364 538 confugissent.
1391 464 1516 513 Non
1530 466 1725 514 autem
1750 461 2035 538 refugium
2054 465 2110 538 Α
2133 472 2225 538 na,
2256 460 2474 538 uthac
2496 459 2719 538 audias,
2743 457 2913 538 Liber
2932 459 3009 538 sit
3042 458 3148 509 tibi
3170 458 3336 509 orbis
3363 461 3691 538 terrarum,
3712 460 3781 535 ut

441 541 698 585 nosuum
722 536 810 585 est
835 532 960 598 tale,
984 534 1084 585 sed
1110 534 1395 599 refugium
1420 538 1685 586 nostrum
1716 534 1901 585 virtus
1926 537 2031 584 est.

444 607 587 656 Cum
611 604 744 655 illuc
769 606 1214 669 confugerimus,
1234 607 1338 657 tuti
1356 607 1589 657 erimus.
1617 609 1684 656 Et
1702 618 1817 656 non
1842 612 2033 652 tantum

443 677 697 728 defendit
719 690 825 727 nos
849 678 921 726 ab
946 677 1209 741 inimicis,
1235 678 1334 729 sed
1359 679 1529 728 etiam
1554 680 1660 737 est,
1687 677 1907 739 adjutor
1940 691 2035 723 no-

443 754 563 809 ster,
584 753 648 799 ut
672 760 788 798 non
807 749 991 798 solum
1008 762 1126 799 non
1152 750 1471 808 vincamus,
1489 750 1586 801 sed
1605 750 1815 799 utalios
1841 751 2038 796 vincere

444 820 763 883 possimus:
794 820 851 867 in
876 820 1329 879 tribulationibus,
1351 838 1467 887 qua:
1490 822 1813 869 invenerunt
1836 834 1931 867 nos
1955 820 2037 867 ni-

445 892 568 939 mis.
595 891 873 951 Quoniam
898 891 1298 943 tribularemur
1322 906 1495 956 supra
1521 906 1693 955 quam
1724 893 1860 942 terre
1879 896 2041 951 posset

448 961 726 1025 fragilitas
751 962 939 1013 carnis
961 963 1026 1026 (1.
1055 964 1176 1015 Cor.
1204 964 1334 1027 10.),
1356 965 1809 1027 nisijuvaiemur
1826 962 2040 1012 auxilio

445 1032 781 1084 divinitatis.
810 1034 979 1085 Aliud
1005 1036 1366 1087 estinvenire
1392 1036 1803 1095 tribulationes,
1830 1033 1985 1083 aliud
2008 1046 2043 1084 a

450 1104 909 1156 tribulationibus
947 1106 1208 1159 inveniri.
1244 1107 1662 1159 Tribulationes
1696 1106 2040 1163 invenimus,

444 1176 672 1238 quando
682 1177 803 1238 jam
818 1178 1245 1240 praameditatas
1262 1181 1639 1231 sustinemus.
1655 1180 1801 1241 ipsae
1819 1189 1951 1227 vero
1969 1179 2045 1223 in-

446 1247 689 1298 veniunt
705 1260 829 1307 nos,
850 1249 1813 1313 quandoinopinatosintercipiunt.
1831 1249 2044 1294 Gravius

446 1322 640 1369 autem
658 1317 869 1370 feriunt
887 1318 1009 1383 tela,
1037 1332 1169 1382 quae
1190 1322 1440 1385 praevisa
1462 1334 1572 1372 non
1595 1324 1750 1371 sunt.
1775 1319 1916 1380 Quia
1927 1331 2043 1376 ergo

450 1394 731 1451 martyres
751 1391 935 1441 sancti
953 1395 1111 1443 tanta
1121 1390 1425 1455 aliquando
1439 1396 1722 1444 tormenta
1739 1390 1891 1455 passi
1908 1393 2045 1449 sunt,

450 1465 668 1524 quanta
684 1473 790 1511 nec
815 1461 1059 1525 cogitare
1082 1468 1216 1513 ante
1228 1467 1551 1526 potuerunt,
1568 1462 1742 1513 nimis
1765 1458 2047 1512 atribula-

452 1531 705 1582 tionibus
728 1531 976 1582 inveniri
998 1545 1059 1583 se
1074 1539 1361 1585 asserunt.
1392 1534 1571 1585 Nimis
1589 1538 1695 1597 est,
1721 1531 1875 1596 quod
1892 1528 2049 1592 cogi-

455 1601 577 1665 tari,
608 1602 698 1653 vel
734 1602 861 1654 ferri
884 1616 1002 1655 non
1025 1608 1233 1668 potest.
1257 1604 1364 1655 Sed
1390 1605 1661 1667 quoniam
1684 1606 1757 1655 ab
1780 1601 2040 1664 omnipon

451 1672 594 1724 tenti
608 1673 721 1723 Deo
745 1673 1021 1726 auxilium
1045 1678 1102 1726 et
1116 1676 1389 1727 virtutem
1405 1676 1741 1740 percipiunt,
1758 1675 1903 1725 inter
1925 1672 2051 1735 ipsa

450 1743 925 1865 gimiattormenta
954 1746 1156 1798 invicti
1176 1752 1353 1810 atque
1375 1746 1643 1811 intrepidi
1675 1748 2047 1811 persistentes

490 1828 622 1865 icun
675 1833 686 1864 :

490 1815 651 1867 icunt
675 1833 686 1864 :

513 1886 563 1940 3.
599 1887 888 1951 Propterea
913 1905 1024 1939 non
1050 1890 1369 1953 timebimus,
1395 1889 1526 1939 dum
1557 1888 1860 1938 turbabitur
1883 1894 2045 1947 terra,

458 1963 506 2005 et
528 1960 925 2020 transferentur
947 1967 1149 2010 montes
1172 1962 1229 2009 in
1257 1977 1346 2010 cor
1370 1961 1558 2009 maris.
1581 1959 1753 2011 Paulo
1777 1963 1911 2010 ante
1929 1957 2052 2009 soli-

454 2028 569 2090 citi,
605 2034 663 2079 et
680 2031 870 2082 subito
894 2032 1080 2083 securi
1104 2045 1176 2083 ex
1202 2031 1669 2084 tribulationibus
1691 2031 1881 2082 nimiis
1902 2031 2050 2092 [Αηι.

456 2100 674 2164 nimis],
730 2101 791 2153 in
846 2116 1054 2165 magna
1088 2104 1495 2166 tranquillitate
1554 2103 1742 2166 positi.
1796 2101 1948 2151 Nihil
1984 2101 2055 2152 ti-

453 2183 627 2234 mere,
672 2185 884 2236 magna
914 2175 1294 2237 tranquillitas
1328 2179 1419 2226 est
1450 2175 1510 2224 in
1528 2178 1732 2224 mente.
1770 2173 2055 2223 'l‘urbetur

458 2246 622 2305 terra,
661 2244 925 2295 turbetur
952 2258 1128 2308 mare,
1154 2247 1456 2297 turbentur
1496 2244 1690 2295 omnia
1731 2243 2050 2307 elementa:

464 2314 566 2364 Dei
611 2327 814 2366 servus
861 2317 1179 2380 intrepidus
1236 2323 1445 2368 manet.
1510 2318 1659 2367 Mare
1714 2320 1907 2367 autem
1953 2315 2057 2375 (Ea:

463 2386 771 2447 Augustino
802 2389 816 2448 )
854 2387 1142 2450 signiﬁcat
1161 2388 1270 2439 hoc
1295 2388 1570 2449 seculum,
1599 2388 1656 2438 in
1676 2388 1841 2452 cujus

456 2456 633 2507 maris
703 2460 1164 2523 comparatione,
1226 2464 1502 2523 tanquam
1562 2462 1712 2511 terra
1757 2460 2060 2511 videbatur

455 2542 602 2593 gens
626 2531 981 2583 Judseorum.
998 2533 1121 2582 Non
1138 2532 1288 2583 enim
1321 2531 1658 2583 Idololatriae
1680 2531 2060 2582 amaritudine

468 2601 785 2664 tegebatur,
802 2602 902 2653 sed
914 2605 1036 2654 erat.
1059 2608 1266 2666 tanqua
1276 2616 1329 2653 m
1345 2602 1521 2661 arida,
1540 2603 1663 2666 ipsa
1676 2602 2060 2654 amaritudine

464 2672 732 2723 Gentium
760 2678 1035 2736 tanquam
1060 2675 1203 2725 mari
1226 2674 1597 2726 circumdata.
1618 2675 1897 2725 Futurum
1917 2678 2057 2737 erat,

465 2746 530 2793 ut
557 2744 881 2796 turbaretur
904 2749 1069 2806 terra,
1104 2745 1254 2797 idest
1287 2746 1384 2797 illa
1430 2746 1558 2811 ipsa
1589 2758 1732 2806 gens
1755 2745 1978 2808 Judaaa,
2004 2748 2061 2796 et

465 2815 909 2867 transferrentur
951 2820 1180 2868 montes
1223 2817 1283 2869 in
1332 2831 1430 2869 cor
1480 2818 1654 2868 maris
1699 2818 1845 2880 {Is-at.
1874 2814 1966 2879 :2.)-
1994 2818 2063 2867 Et

457 2887 637 2949 primo
662 2887 784 2949 ipse
806 2900 974 2939 mons
998 2901 1244 2953 magnus
1264 2894 1497 2952 paratus
1524 2889 1582 2939 in
1605 2889 1896 2939 cacumine
1920 2903 2058 2935 mou-

462 2957 631 3008 tium.
658 2960 1096 3011 Desernitenim
1144 2965 1375 3023 gentem
1412 2960 1767 3019 Judaeorum,
1795 2964 1851 3010 et
1876 2959 2061 3009 factus

462 3034 551 3080 est
574 3030 633 3079 in
659 3031 949 3093 gentibus,
980 3031 1294 3083 translatus
1319 3032 1391 3083 de
1423 3037 1567 3083 terra
1593 3031 1663 3082 ad
1684 3044 1857 3090 mare,
1878 3036 2064 3081 trans-

464 3100 776 3152 ferentibus
817 3103 1121 3167 Apostolis,
1148 3104 1355 3166 quibus
1381 3103 1603 3154 dixerat
1629 3102 1709 3154 :Si
1747 3101 2060 3153 habueritis

460 3172 627 3223 ﬂdem
646 3173 702 3223 in
716 3175 879 3226 vobis
895 3179 1168 3238 tanquam
1183 3188 1422 3239 granum
1436 3174 1687 3239 synapis,
1699 3174 2065 3225 dicetiSmonti

458 3242 613 3306 huic,
629 3244 845 3296 Tollere
874 3247 1168 3298 etmittere
1190 3249 1245 3297 in
1268 3259 1443 3308 mare,
1484 3249 1541 3296 et
1576 3246 1675 3297 ﬂet
1701 3246 1906 3309 (Matth.
1934 3244 2061 3309 17.).

462 3314 745 3379 Idest,per
758 3323 1007 3368 vestram
1021 3316 1416 3369 fidelissimam
1434 3318 1902 3381 praedicationem
1915 3319 1994 3365 ﬂet
2013 3323 2065 3366 ut

463 3398 632 3437 mons
652 3390 778 3446 iste,
798 3388 905 3439 hoc
922 3391 1029 3446 est,
1053 3392 1116 3439 ut
1136 3402 1243 3452 ego
1267 3390 1389 3452 ipse
1410 3388 1688 3451 gloriﬂcer
1716 3388 1774 3439 in
1798 3390 2063 3451 Gentibus,

464 3470 748 3521 agnoscar
772 3459 832 3509 in
861 3460 1156 3515 Gentibus.
1184 3460 1455 3523 prredicer
1474 3460 1532 3509 in
1556 3460 1861 3510 Gentibus:
1888 3464 1947 3510 et
1967 3459 2067 3510 ﬂat

463 3530 617 3590 quod
648 3529 718 3580 de
742 3544 832 3580 me
862 3531 1202 3593 praedictum
1228 3536 1334 3581 est.
1358 3530 1609 3593 Populus
1634 3544 1804 3591 quem
1829 3543 1944 3581 non
1969 3543 2065 3581 co-

467 3602 662 3665 gnovi,
714 3602 952 3653 servivit
981 3604 1122 3653 mihi
1170 3602 1329 3665 (Psat.
1378 3602 1483 3664 17.)
1515 3602 1753 3663 Quando
1791 3609 1981 3653 autem
2009 3608 2066 3654 et

464 3672 543 3722 illi
577 3678 801 3723 montes
820 3672 1079 3723 translati
1105 3677 1261 3735 sunt,
1287 3675 1344 3724 et
1366 3673 1473 3723 hoc
1496 3672 1709 3723 indicet
1733 3674 1896 3723 nobis
1922 3674 2067 3723 Scri-

467 3749 636 3807 ptura
660 3744 779 3794 Dei.
798 3744 1037 3803 Quando
1051 3743 1361 3807 Apostolus
1379 3743 1737 3807 praedicabat,
1764 3744 1953 3795 Judaei
1978 3757 2063 3795 re-

463 3819 746 3878 spuerunt
770 3816 1030 3871 verbum,
1059 3820 1115 3865 et
1137 3815 1218 3866 ait
1241 3814 1551 3878 Apostolus
1570 3815 1781 3865 Paulus
1804 3830 1815 3865 :
1846 3816 1933 3865 Ad
1958 3829 2065 3867 vos

468 3886 629 3936 missi
643 3898 873 3937 eramus
890 3886 1009 3937 :sed
1023 3886 1467 3949 quiarespuistis
1482 3887 1721 3936 verbum
1734 3886 1991 3948 Dei,imus
2003 3890 2065 3935 ad

464 3959 676 4009 Gentes
698 3959 825 4017 (Act.
850 3958 975 4022 13.).
998 3958 1087 4009 Sic
1111 3957 1371 4009 translati
1390 3962 1528 4009 sunt
1566 3963 1790 4009 montes
1815 3958 1871 4008 in
1896 3959 2065 4011 corde

468 4030 662 4082 maris.
691 4030 837 4081 Vere
852 4034 1043 4081 autem
1063 4031 1274 4081 Gentes
1286 4030 1651 4081 crediderunt
1666 4030 1981 4095 montibus,
2000 4037 2066 4083 ut

465 4102 526 4154 in
560 4103 727 4154 corde
750 4103 926 4154 maris
951 4108 1149 4154 essent
1170 4107 1397 4154 montes
1420 4102 1519 4166 illi,
1546 4115 1663 4154 non
1688 4103 1835 4155 sicut
1857 4104 2063 4167 Judaei,

463 4176 535 4228 de
560 4176 775 4239 quibus
810 4175 1029 4227 dictum
1063 4180 1169 4240 est,
1199 4175 1449 4237 Populus
1471 4174 1747 4227 hiclabiis
1770 4189 1863 4227 me
1888 4176 2064 4227 hono-

463 4254 569 4311 rat,
624 4260 720 4299 cor
752 4253 948 4300 autem
997 4260 1197 4299 eorum
1241 4246 1410 4310 longe
1440 4251 1529 4298 est
1569 4260 1603 4297 a
1634 4260 1726 4298 me
1763 4248 1903 4311 (1εαὶ.
1930 4247 2060 4307 26.).

464 4322 587 4371 Hoc
612 4320 763 4371 enim
796 4320 855 4371 in
888 4332 1039 4370 novo
1074 4320 1444 4370 Testamento
1482 4319 1759 4383 promittit
1782 4320 2063 4371 Dominus

464 4405 564 4456 per
581 4392 940 4455 Prophetam,
959 4389 1175 4447 dicens,
1190 4391 1349 4441 Dabo
1365 4391 1522 4454 leges
1536 4403 1692 4442 meas
1712 4391 1773 4441 in
1796 4391 2061 4442 cordibus

464 4472 663 4516 eorum
710 4464 919 4525 (Jerem.
959 4462 1085 4517 31.).
1127 4464 1230 4515 Hae
1266 4462 1441 4525 leges,
1481 4462 1606 4514 hinc
1650 4467 1931 4526 praecepta
1965 4476 2065 4527 per

465 4535 990 4600 Apostolos'indita
1005 4534 1265 4585 omnium
1289 4534 1560 4585 Gentium
1584 4534 1713 4585 ﬂdei
1738 4540 1796 4585 et
1819 4534 2064 4584 creduli-

466 4608 584 4665 tati,
632 4612 859 4657 montes
910 4606 1046 4657 dicti
1091 4611 1227 4657 sunt
1269 4605 1548 4666 translati,
1595 4618 1628 4655 a
1677 4605 1972 4656 montibus
2006 4606 2061 4656 in

468 4678 638 4730 corde
662 4678 855 4728 maris.
884 4679 1044 4728 'I‘unc
1064 4690 1176 4728 non
1202 4677 1532 4728 timebimus
1546 4690 1654 4728 nos
1671 4678 1767 4741 qui
1794 4689 2064 4740 compun-

465 4749 539 4799 cti
567 4760 772 4797 sumus
806 4746 993 4809 corde,
1029 4759 1102 4796 ne
1140 4747 1408 4798 tieremus
1432 4748 1503 4799 de
1533 4760 1771 4799 numero
1796 4748 2067 4811 reprobo-

465 4832 593 4871 rum
611 4818 968 4880 Judeeorum,
987 4823 1282 4881 tamquam
1299 4830 1590 4870 ramorum
1603 4819 1927 4871 fractorum.
1943 4820 2066 4871 Cre-

467 4890 737 4941 diderunt
781 4888 931 4939 enim
965 4892 1021 4940 et
1053 4895 1422 4942 accesserunt
1451 4891 1757 4955 Apostolis.
1804 4892 2067 4943 Timeant

468 4973 603 5023 ergo
624 4959 720 5020 illi,
742 4972 888 5023 quos
909 4960 1445 5014 deseruntmontes.
1466 4962 1935 5014 Nosamontibus
1961 4977 2062 5011 non

467 5031 815 5084 recessimus
841 5046 853 5081 :
877 5032 933 5082 et
955 5032 1188 5095 quando
1212 5033 1473 5085 translati
1499 5038 1636 5085 sunt
1658 5034 1718 5084 in
1751 5034 1920 5086 corde
1942 5046 2065 5084 ma-

466 5104 563 5165 ris,
589 5102 821 5165 sequuti
847 5114 1068 5153 sumus.

528 5175 673 5236 Quid
684 5174 927 5238 jam(Er
956 5174 1149 5238 eodem)
1176 5175 1439 5239 sequitur
1467 5187 1540 5226 ex
1576 5187 1663 5237 eo,
1700 5175 1855 5237 quod
1879 5180 2066 5227 trans-

465 5248 564 5300 lati
588 5252 726 5298 sunt
740 5251 972 5298 montes
986 5247 1044 5297 in
1068 5246 1236 5298 corde
1253 5247 1432 5298 maris
1449 5247 1473 5294 ?
1489 5246 1783 5298 Attendite
1802 5252 1857 5299 et
1871 5247 2064 5299 videte

469 5319 788 5369 veritatem.
816 5319 956 5370 Haec
990 5318 1142 5369 enim
1175 5317 1403 5379 quando
1436 5317 1795 5380 dicebantur,
1821 5320 2067 5369 obscura

467 5396 647 5453 erant,
676 5391 809 5453 quia
835 5389 1096 5441 nondum
1121 5389 1482 5453 contigerant
1508 5407 1518 5436 :
1548 5401 1702 5440 nunc
1722 5395 1915 5440 autem
1950 5392 2066 5449 quis

460 5462 581 5523 jam
606 5474 722 5513 non
739 5461 886 5513 facta
902 5464 1212 5524 cognoscat
1242 5464 1267 5511 γ
1288 5461 1457 5511 Liber
1478 5460 1553 5512 sit
1578 5459 1678 5511 tibi
1707 5474 1910 5524 pagina
1934 5462 2062 5507 divi-

529 5612 546 5630 '
571 5605 709 5655 Haec
733 5604 918 5668 magis
951 5604 1163 5667 placuit
1185 5604 1605 5668 Augustiniana
1632 5603 1817 5666 lectio,
1837 5616 1937 5667 pro
1952 5616 2066 5665 qua

469 5678 590 5725 erat
620 5675 844 5736 indicta,
876 5680 940 5727 ut
971 5682 1029 5727 et
1050 5675 1219 5740 paulo
1244 5682 1391 5739 post,
1416 5692 1481 5723 ne
1508 5679 1755 5739 ﬁercmus
1779 5690 1878 5739 pro
1900 5673 2067 5738 fueri-

468 5746 853 5876 zt‘uipgftgm
878 5748 1034 5803 sunt.
1054 5752 1113 5799 et
1136 5748 1348 5811 quibus
1381 5748 1505 5813 ipse
1529 5747 1753 5799 restitui
1784 5744 2065 5812 Augusti-

720 5827 767 5865 si
798 5853 810 5864 .

720 5827 810 5865 81L.

548 5882 569 5911 δ
592 5870 679 5935 Ita
702 5889 759 5935 et
786 5886 1192 5948 Augustiniani
1217 5894 1437 5954 septem
1461 5890 1597 5942 Mss.
1615 5889 1851 5944 habent:
1868 5870 2073 5953 vulga-

2133 532 2259 584 haac
2284 530 2497 583 videas.
2531 533 2595 581 In
2627 530 2754 581 istis
2793 529 3087 581 codicibus
3135 541 3207 580 ea
3232 540 3357 579 non
3384 528 3620 591 legunt,
3661 527 3777 577 nisi

2135 603 2233 665 qui
2268 603 2460 653 literas
2484 607 2714 653 norunt.
2747 604 2813 652 In
2836 606 2956 652 toto
2980 599 3206 651 mundo
3230 600 3437 662 legant
3465 604 3523 648 et
3548 598 3773 649 idiotas.

2137 675 2278 736 Quid
2305 687 2439 738 ergo
2463 674 2676 725 factum
2701 682 2811 734 est,
2838 676 2972 724 dum
2990 672 3261 723 translati
3279 676 3424 721 sunt
3450 673 3695 720 montes
3720 671 3775 720 in

2136 746 2303 797 corde
2336 745 2544 796 maris?
2578 746 2758 809 [γεῖς.
2795 744 2891 809 4.].
2935 745 3276 804 Sonuerunt,
3303 748 3353 790 et
3379 741 3617 789 turbata:
3650 748 3775 788 smi!

2137 833 2289 879 aquae
2300 832 2501 867 eorum.
2518 817 2756 878 Quando
2768 815 3193 880 praedicabatur
3207 810 3607 875 Evangelium
3620 812 3633 873 ξ
3646 812 3776 859 52:1.-

2138 890 2266 939 aud.
2294 888 2579 950 dixerunt]
2602 902 2612 936 :
2632 888 2779 949 Quid
2791 890 2879 938 est
2896 887 3044 938 hoc?
3070 886 3527 947 Peregrinarum
3545 884 3774 933 dsemo-

2139 960 2364 1010 niorum
2398 959 2624 1009 videtur
2648 958 3145 1009 istcannuntiator
3170 957 3470 1008 esse.Hoc
3496 957 3770 1003 Athenien-

2142 1044 2233 1081 ses
2264 1032 2389 1092 (Act.
2428 1029 2552 1094 17.).
2588 1030 2817 1093 Ephesii
2836 1033 3031 1081 autem
3061 1040 3178 1091 quo
3213 1027 3479 1079 tumultu
3506 1026 3769 1077 occidere

2140 1102 2449 1166 Apostolos
2474 1102 2792 1163 voluerunt,
2830 1100 3071 1163 quando
3102 1114 3166 1150 1n
3191 1098 3421 1149 theatro
3451 1110 3557 1162 pro
3587 1098 3769 1147 Diana

2143 1186 2250 1224 sua
2266 1175 2487 1223 tantum
2507 1173 2809 1235 strepitum
2825 1172 3102 1234 fecerunt,
3123 1176 3191 1221 ut
3213 1170 3564 1228 clamarent,
3593 1172 3767 1227 Magna

2144 1244 2326 1295 Diana
2363 1244 2737 1308 Ephesiorum
2759 1244 2887 1307 (Act.
2934 1242 3057 1305 19.).
3095 1244 3252 1293 Inter
3284 1253 3440 1304 quos
3467 1241 3693 1290 ﬂuctus
3716 1244 3768 1289 et

2146 1317 2371 1368 sonitus
2396 1316 2570 1368 maris
2603 1329 2720 1367 non
2752 1315 3050 1370 timebant.
3079 1314 3182 1379 qui
3203 1314 3281 1365 ad
3304 1313 3608 1375 refugium
3636 1310 3763 1361 illud

2146 1388 2539 1450 confugerant.
2565 1387 2819 1451 Denique
2844 1386 3160 1450 Apostolus
3186 1384 3408 1435 Paulus
3424 1383 3669 1435 volebat
3684 1382 3766 1433 in-

2147 1464 2295 1511 trare
2325 1460 2384 1510 in
2415 1458 2719 1523 theatrum,
2767 1463 2827 1509 et
2867 1470 2902 1508 a
2933 1455 3237 1520 discipulis
3286 1460 3613 1511 revocatus
3637 1459 3763 1504 est:

2147 1532 2282 1595 quia
2314 1530 2703 1581 necessarium
2728 1531 2847 1580 erat
2869 1528 3061 1580 adhuc
3082 1528 3145 1579 in
3168 1539 3345 1578 carne
3372 1537 3615 1576 manere
3640 1538 3765 1589 pro-

2146 1606 2273 1667 pter
2301 1602 2458 1665 ipsos
2485 1600 2704 1665 (Philip.
2739 1599 2824 1661 1.).
2850 1599 2959 1652 Sed
2986 1605 3183 1650 tamen
3197 1596 3762 1647 sonueruntetturba-

2148 1681 2209 1723 tae
2262 1678 2387 1723 sunt
2441 1688 2596 1736 aqua:
2646 1686 2848 1721 eorum.
2899 1669 3220 1721 Conturbati
3274 1672 3407 1717 sunt
3461 1674 3671 1715 montes
3705 1667 3761 1713 in

2144 1745 2466 1809 fortitudine
2489 1745 2619 1807 ejus.
2646 1745 2824 1805 Cujus
2845 1745 2872 1793 ?
2898 1740 3336 1805 Numquidnam
3356 1740 3554 1800 maris,
3588 1736 3760 1804 228

2076 1830 2131 1904 Β
2151 1818 2439 1904 {inpolitis
2464 1816 2581 1904 Dei,
2601 1815 3047 1904 detquoilictum
3063 1816 3172 1895 est,
3190 1812 3508 1904 Refugiu‘m
3520 1817 3567 1857 et
3584 1814 3760 1904 virtus,

2153 1889 2243 1948 adj
2253 1894 2382 1940 utor
2393 1889 2451 1939 in
2465 1886 3085 1949 tribulationibus,quae
3096 1885 3451 1936 invenerunt
3463 1895 3571 1933 nos
3585 1883 3762 1928 nimis?

2150 1960 2385 2013 Turbati
2403 1961 2541 2011 sunt
2555 1959 2707 2010 enim
2724 1964 2969 2019 montes,
2985 1957 3155 2019 idest,
3170 1958 3442 2020 potentes
3465 1953 3648 2017 hujus
3667 1963 3763 2002 saa-

2153 2032 2284 2085 culi.
2298 2031 2409 2083 Alii
2432 2030 2584 2082 enim
2596 2033 2732 2080 sunt
2749 2034 2976 2081 montes
2996 2028 3115 2090 Dei,
3137 2026 3236 2078 alii
3256 2030 3397 2076 sunt
3411 2029 3647 2076 montes
3670 2038 3762 2070 se—

2155 2103 2285 2156 culi.
2312 2102 2533 2165 Quibus
2567 2106 2738 2164 caput
2783 2104 2872 2152 est
2919 2098 3206 2158 diabolus,
3243 2101 3477 2148 montes
3527 2093 3761 2147 seaculi:

2156 2176 2381 2227 montes
2426 2171 2545 2237 Dei,
2581 2172 2793 2235 quibus
2835 2173 3006 2235 caput
3043 2175 3135 2221 est
3182 2168 3470 2220 Christus.
3523 2165 3631 2217 Sed
3668 2177 3763 2237 per

2155 2248 2300 2299 istos
2324 2236 2550 2297 montes
2587 2243 2800 2297 turbati
2826 2247 2964 2295 sunt
2998 2241 3082 2292 illi
3104 2245 3359 2292 montes.
3406 2240 3571 2289 Tunc
3594 2236 3763 2287 dede-

2156 2322 2293 2371 runt
2305 2318 2489 2382 bleges
2505 2321 2703 2368 contra
2719 2314 3091 2371 Christianos,
3115 2311 3352 2376 quando
3379 2309 3606 2382 turbati,
3628 2312 3765 2358 sunt

2157 2393 2383 2441 montes
2396 2379 2417 2437 ,⁷
2427 2387 2779 2439 Sonantibus
2791 2385 3063 2436 ﬂuctibus
3076 2388 3134 2434 et
3146 2387 3380 2434 montes
3396 2379 3610 2433 turbati
3628 2384 3766 2438 sunt,

2158 2465 2217 2513 et
2242 2461 2424 2512 factus
2441 2461 2530 2511 est
2547 2464 2711 2510 terras
2732 2461 2929 2508 motus
2947 2467 3198 2519 magnus
3231 2453 3445 2514 (Matth.
3469 2449 3578 2513 28.)
3608 2462 3766 2500 com-

2159 2532 2331 2584 m0lis
2354 2531 2541 2595 aquis.
2569 2529 2678 2581 Sed
2703 2529 2795 2579 cui
2823 2528 2989 2579 base?
3019 2526 3253 2578 Civitati
3280 2524 3361 2575 illi
3387 2522 3645 2595 fundatae
3671 2533 3766 2595 su—

2160 2618 2262 2670 pra
2303 2593 2523 2668 petram
2571 2601 2775 2665 (Matth.
2828 2599 2919 2655 7.).
2969 2600 3187 2670 Sonent
3219 2608 3410 2670 aquae.
3464 2593 3769 2670 turbentur

2159 2663 2389 2727 montes
2434 2663 2773 2724 annuntiato
2832 2668 3162 2732 Evangelio.
3234 2666 3384 2729 Quid
3434 2670 3517 2727 tu,
3565 2663 3768 2714 civitas

2160 2748 2261 2798 Dei
2294 2750 2316 2793 7
2344 2745 2488 2796 Audi
2514 2744 2668 2807 quod
2699 2742 2960 2806 sequitur
2991 2751 3006 2793 :

2222 2816 2273 2871 5.
2299 2806 2567 2866 Fluminis
2604 2815 2831 2878 impetus
2868 2812 3097 2874 laetiﬁcat
3146 2809 3418 2859 civitatem.
3463 2806 3583 2855 Dei.
3626 2806 3764 2855 Cum

2163 2898 2179 2919 τ
2205 2890 2511 2940 turbantur
2533 2888 2758 2937 montes
2791 2884 2901 2947 (Ea:
2924 2880 3195 2946 August.),
3221 2894 3351 2931 cum
3386 2879 3559 2930 sazvit
3592 2888 3762 2947 mare.

2160 2974 2278 3011 non
2294 2959 2505 3010 deserit
2520 2960 2676 3009 Deus
2693 2946 2987 3006 civitatem
3004 2965 3169 3003 suam
3196 2965 3296 3016 per
3312 2951 3562 3015 impetus
3578 2946 3763 2999 ﬂumi-

2160 3031 2268 3082 nis.
2306 3030 2412 3092 Qui
2437 3033 2575 3080 sunt
2598 3028 2694 3079 isti
2726 3027 2975 3091 impetus
3008 3024 3268 3075 ﬂuminis
3292 3027 3318 3073 γ
3340 3017 3761 3092 Ιηωὶᾱθιὶοῗὶῌᾶ

2160 3090 2409 3166 Spiritus
2434 3100 2638 3163 sancti,
2663 3099 2733 3150 de
2758 3090 2874 3162 qua
2900 3096 3176 3147 Dominus
3204 3094 3458 3146 dicebat:
3487 3092 3600 3153 Qui
3626 3090 3757 3166 sitit,

2164 3161 2361 3226 veniat
2382 3174 2437 3224 et
2454 3161 2633 3223 bibat.
2648 3171 2751 3232 Qui
2769 3161 2945 3220 Credit
2960 3169 3019 3219 in
3038 3181 3145 3230 me,
3172 3166 3412 3218 ﬂumina
3427 3176 3600 3227 aqua:
3618 3161 3760 3213 vivae

2094 3237 2142 3312 ρ
2167 3247 2347 3297 ﬂuent
2368 3244 2438 3295 de
2469 3246 2670 3295 ventre
2693 3242 2815 3305 ejus
2844 3241 3024 3302 (Joan.
3060 3237 3153 3312 7.),
3185 3239 3334 3312 Ergo
3365 3236 3496 3312 hinc
3532 3234 3762 3312 ﬂumina

2168 3318 2423 3369 ﬂuebant
2464 3314 2534 3365 de
2562 3318 2762 3365 ventre
2788 3312 2954 3373 Petri,
2997 3310 3173 3372 Pauli,
3226 3308 3493 3369 Joannis,
3527 3305 3759 3357 aliorum

2165 3386 2835 3453 Apostolorum,aliorum
2850 3380 3350 3446 Evangelistarum
3363 3378 3642 3453 fidelium.
3657 3380 3761 3426 Περ

2165 3451 2400 3512 ﬂumina
2416 3470 2549 3509 cum
2574 3458 2818 3508 ﬂuerent
2836 3455 2909 3506 ab
2927 3468 3045 3505 uno
3072 3453 3331 3507 ﬂumine.
3356 3451 3529 3502 multi
3556 3452 3759 3510 impetus

2165 3531 2420 3583 ﬂuminis
2445 3529 2815 3581 leetiﬂcabant
2836 3526 3133 3577 civitatem
3154 3524 3271 3575 Dei.
3290 3526 3436 3575 Nam
3449 3527 3515 3574 ut
3532 3521 3758 3569 noveritis

2164 3604 2274 3655 hoc
2300 3602 2369 3653 de
2395 3600 2604 3665 Spiritu
2629 3604 2828 3650 sancto
2854 3597 3089 3658 dictum,
3116 3597 3177 3647 in
3198 3595 3400 3647 eodem
3427 3592 3757 3665 Evangelico

2166 3664 2966 3736 consequenterEvangelista
2988 3668 3153 3718 dicit:
3175 3668 3297 3718 Hoc
3322 3670 3522 3717 autem
3547 3664 3757 3736 dicebat

2166 3748 2235 3797 de
2260 3734 2468 3809 Spiritu
2494 3746 2691 3794 sancto
2720 3741 2895 3805 (Joan.
2925 3740 3206 3803 7.),quem
3218 3738 3515 3802 accepturi
3529 3740 3687 3809 erant
3704 3734 3755 3784 hi

2165 3817 2265 3881 qui
2287 3807 2346 3867 in
2369 3827 2502 3867 eum
2526 3815 2685 3866 erant
2708 3811 2997 3873 credituri,
3015 3811 3264 3875 Spiritus
3287 3814 3486 3881 autem
3509 3807 3753 3881 nondum

2164 3877 2287 3939 erat
2298 3888 2486 3947 datus,
2510 3886 2641 3949 quia
2653 3886 2683 3935 J
2689 3896 2821 3935 esus
2839 3882 3097 3933 nondum
3115 3886 3240 3932 erat
3253 3880 3621 3931 clarificatus.
3636 3877 3755 3949 Glo-

2165 3960 2380 4011 riﬂcato
2404 3959 2435 4009 J
2442 3948 2545 4009 esu
2564 3960 2694 4020 post
2709 3954 3185 4006 resurrectionem
3218 3952 3405 4015 (Marc.
3436 3950 3571 4011 16):
3602 3948 3754 4013 glori-

2166 4032 2333 4082 ﬂcato
2350 4033 2481 4094 post
2506 4027 2903 4079 ascensionem
2927 4024 3018 4075 die
3042 4025 3416 4075 Pentecostes
3436 4022 3756 4094 V'CtlitSpiri-

2166 4107 2259 4154 tus
2271 4091 2525 4161 sanctus,
2540 4098 2802 4163 implevit
2813 4096 3135 4158 credentes,
3158 4094 3386 4159 loquuti
3400 4099 3542 4144 sunt
3559 4091 3754 4155 linguis

2162 4175 2293 4238 (Act.
2320 4172 2407 4233 ‘2):
2456 4170 2764 4235 praedicare
2808 4166 3539 4238 EvangeliumAcmperunt
3579 4163 3755 4214 Genti-

2165 4235 2273 4296 bus
2290 4244 2499 4308 (Matth.
2524 4240 2651 4305 ‘28.).
2680 4240 2825 4290 Hinc
2849 4239 3052 4289 civitas
3070 4237 3171 4289 Dei
3202 4235 3631 4308 lwtiﬂcabattir,
3648 4238 3750 4283 dum

2164 4307 2319 4369 mare
2334 4316 2494 4366 turba
2504 4316 2660 4364 retur
2684 4310 2882 4363 sonitu
2898 4321 3179 4373 aquarum
3194 4320 3454 4370 suarum,
3473 4307 3612 4358 dum
3629 4320 3753 4354 mon-

2163 4395 2250 4440 tes
2273 4388 2657 4443 turberentur.
2685 4386 3015 4447 quaerentes
3032 4379 3171 4443 quid
3193 4385 3453 4443 agerent,
3485 4377 3751 4441 quomodo

2162 4472 2375 4512 novam
2401 4456 2721 4508 doctrinam
2752 4453 3041 4519 pellerent,
3082 4454 3371 4515 quomodo
3392 4463 3584 4515 genus
3606 4448 3747 4499 Chri-

2164 4532 2482 4582 stianorum
2497 4528 2565 4579 de
2593 4532 2741 4577 terra
2762 4524 3141 4575 eradicarent.
3160 4524 3372 4573 Contra
3397 4534 3573 4585 quem
3588 4524 3613 4570 ἓ
3626 4522 3748 4572 Con-

2164 4608 2252 4653 tra
2264 4600 2517 4652 ﬂuminis
2540 4598 2791 4662 impetus
2816 4595 3179 4647 laetiﬁcantes
3203 4594 3500 4645 civitatein
3525 4592 3642 4644 Dei.

2089 4662 2145 4735 D
2227 4675 2294 4724 Et.
2318 4670 2574 4735 sequitur
2600 4660 3016 4729 {Sanctiﬁcarit
3048 4664 3464 4713 tabernaculum
3489 4678 3644 4712 suum
3665 4660 3743 4711 AL

2165 4745 2418 4795 tissimus.
2436 4742 2490 4793 Si
2504 4754 2638 4805 ergo
2656 4739 2916 4802 sequitur
2930 4736 3111 4788 sancti
3119 4736 3409 4787 ﬂcationis
3422 4747 3749 4797 nomeu,ma-

2162 4817 2437 4869 nifestum
2460 4818 2549 4863 est
2573 4810 2828 4862 ﬂuminis
2852 4807 3247 4871 illosimpetus
3273 4806 3344 4858 de
3371 4807 3581 4871 Spiritu
3594 4808 3746 4854 sancto

2164 4884 2585 4950 intelligendos,
2601 4894 2713 4946 quo
2739 4879 3133 4933 sanctificatur
3148 4878 3343 4929 omnis
3357 4879 3453 4942 pia
3464 4878 3748 4929 animam-

2164 4960 2308 5010 dens
2330 4959 2391 5009 in
2411 4950 2941 5016 Christum,utﬂat‘
2961 4950 3168 5002 civitas
3192 4950 3314 5002 Dei.
3343 4951 3535 5002 Unum
3558 4950 3744 5000 ﬂumen

2162 5043 2317 5082 unus
2345 5027 2582 5091 spiritus
2612 5026 2719 5086 est,
2760 5023 2859 5087 qui
2891 5023 2950 5073 in
2980 5025 3203 5086 septem
3228 5034 3454 5073 cornua
3478 5019 3741 5091 dividitur,

2164 5112 2297 5165 quas
2329 5090 2468 5150 sunt
2494 5096 2733 5161 spiritus
2758 5092 3058 5159 sapientiae
3082 5097 3140 5144 et
3165 5092 3517 5165 intellectus,
3535 5090 3740 5165 spiritus

2163 5161 2384 5224 consilii
2396 5175 2451 5221 et
2468 5167 2836 5229 fortitudinis,
2865 5164 3383 5229 spiritusscientim
3398 5168 3457 5215 et
3468 5161 3691 5228 pietatis,
3705 5163 3739 5205 et

2165 5242 2400 5309 spiritus
2444 5239 2668 5292 timoris
2711 5237 2941 5290 Domini
2989 5236 3134 5309 (Isai.
3180 5234 3325 5309 11.).
3362 5233 3737 5309 IdeoSpiritus

2165 5306 2400 5366 sanctus
2427 5312 2637 5362 dicitur
2658 5311 2898 5361 ﬂumen:
2926 5308 3060 5371 quia
3084 5306 3584 5371 concupiscentias
3599 5308 3647 5355 et
3664 5314 3738 5351 ar-

2164 5387 2331 5438 dores
2373 5384 2560 5434 carnis
2608 5381 2916 5444 extinguit.
2964 5381 3369 5443 Impetuosum
3409 5374 3735 5436 autem.quia

2164 5470 2334 5509 nemo
2366 5454 2657 5507 ciresistit.
2688 5453 2938 5505 Ecclesia
2959 5450 3173 5501 dicitur
3184 5449 3412 5511 civitas,
3432 5449 3524 5501 vel
3547 5449 3734 5513 prepter

2166 5606 2286 5653 tum
2318 5603 2509 5649 tamen
2521 5600 2611 5646 est
2631 5611 2791 5646 voces.

2226 5685 2244 5705 ε
2275 5673 2406 5721 Erat
2437 5681 2548 5718 uno
2574 5668 2751 5718 verbo
2779 5663 3190 5717 Conturbantur
3226 5681 3236 5712 :
3265 5662 3491 5716 leviora
3512 5662 3611 5715 alia
3630 5657 3728 5710 inte

2162 5744 2282 5795 rius
2305 5740 2703 5793 emendamus.

2229 5814 2247 5844 "
2274 5811 2446 5878 Apud
2475 5810 2888 5875 Augustinum.
2916 5813 2972 5857 ut
2985 5809 3081 5871 ﬁat
3094 5807 3142 5858 ei
3151 5806 3224 5857 vis
3247 5807 3483 5858 civitatis
3504 5806 3609 5856 Dn.
