3908 6232
208 353 325 409 8⁴Ξ9

1223 354 1297 403 ΙΝ
1332 353 1655 407 PSALMOS
1687 352 1891 403 LXXV
1925 352 2504 407 COMMENTARIUS.

3411 346 3518 403 830

209 463 584 540 concordiam
618 462 1021 540 habitantium,
1056 462 1145 540 vel
1175 466 1404 540 propter
1438 464 1820 540 munitionem
1839 468 1899 540 Α
1919 475 2105 540 usque
2127 464 2200 515 ad
2225 465 2781 540 consummationem
2806 463 3004 540 εφαιῌὶ
3026 465 3241 540 (Monii,
3259 459 3385 540 28.).
3409 463 3518 540 Ipse

210 536 523 598 virtutum,
569 533 661 585 vel
704 532 837 595 quia
868 532 1053 595 legem
1097 532 1273 585 habet
1311 535 1367 586 et
1412 548 1621 599 regem.
1659 532 1899 585 Hanc"
1921 536 2186 584 Dominus
2216 537 2494 599 virtutum,
2513 538 2721 588 etDeus
2742 536 2919 597 Jacob,
2937 538 3058 601 ipse
3074 534 3517 587 datvirtuteseis

210 607 507 658 intantum
526 604 779 657 lmlitlcat
797 603 1055 666 spiritus,
1083 606 1145 654 ut
1170 605 1445 667 glorietur
1466 607 1637 657 etiam
1655 608 1710 655 in
1724 606 1823 655 tri-

209 676 615 728 bulationibus
661 674 872 738 (Ephes.
927 673 1013 735 4.).
1059 674 1277 725 Dicitur
1302 681 1357 727 et
1389 674 1819 727 tabernaculum

214 750 391 815 (Rom.
430 747 531 809 5.),
570 746 705 810 quia
726 746 783 796 in
819 757 885 795 ea
912 745 1152 797 Domino
1181 746 1476 798 militatur.
1506 750 1573 798 Et
1607 748 1715 798 hoc
1743 752 1823 797 ta-

215 818 596 873 bernaculum
625 815 1017 869 sanctificatur
1046 829 1146 880 per
1161 817 1441 880 spiritum.
1467 818 1667 869 Omnis
1683 820 1819 866 enim

214 891 321 954 qui
344 891 520 941 habet
532 888 800 953 Spiritum
819 892 1108 950 sanctum,
1128 892 1366 939 sanctus
1380 894 1467 940 est
1482 907 1491 937 :
1507 893 1561 939 et
1576 888 1675 951 qui
1690 892 1822 935 hunc

213 975 338 1015 non
361 962 555 1024 habet,
582 964 817 1010 Sanctus
842 972 968 1011 esse
992 972 1109 1010 non
1124 959 1294 1010 valet.
1312 962 1439 1011 Non
1457 961 1641 1010 solum
1658 962 1823 1007 lmliii-

214 1037 314 1085 cat
333 1039 389 1084 et
402 1030 723 1084 sanctiﬁcat
737 1032 893 1082 Deus
918 1030 1222 1082 Ecclesiam
1237 1043 1420 1089 suam,
1436 1032 1539 1081 sed
1555 1030 1727 1081 etiam
1742 1032 1821 1078 in-

212 1104 410 1157 medio
434 1105 562 1167 ejus
596 1108 703 1164 est,
730 1115 803 1154 ne
826 1107 1126 1154 moveatur
1138 1102 1209 1155 de
1227 1104 1379 1154 bono
1409 1098 1580 1170 229
1598 1102 1673 1153 ad
1694 1114 1822 1153 ma-

212 1176 357 1228 lum.
388 1177 459 1226 Et
482 1175 591 1226 hoc
611 1179 701 1225 est
725 1174 879 1237 quod
904 1174 1131 1225 subdit:

280 1246 332 1301 6.
360 1248 501 1297 Deus
525 1247 586 1295 in
611 1245 784 1294 medio
808 1246 922 1309 ejus
947 1260 1059 1294 non
1088 1245 1522 1297 commovebitur.
1550 1247 1695 1309 Ergo
1716 1244 1821 1308 (Ea:

210 1318 546 1383 Augustino)
596 1316 848 1368 ambitur
876 1316 1000 1367 loco
1036 1318 1236 1368 Deus?
1280 1318 1348 1367 Et
1379 1316 1496 1368 lata
1528 1321 1666 1367 sunt
1689 1325 1820 1379 qua;

212 1390 600 1452 circumdant,
624 1387 685 1439 in
708 1388 959 1451 angusto
976 1393 1068 1439 est
1092 1387 1606 1451 quicircumdatur.
1623 1386 1816 1438 Absit:

212 1461 364 1512 nihil
388 1460 500 1511 tale
528 1459 789 1523 cogitetis
813 1458 884 1509 de
921 1460 1056 1521 Deo,
1094 1459 1192 1521 qui
1220 1458 1377 1509 nullo
1403 1460 1625 1523 capitur
1652 1458 1777 1509 loco
1805 1473 1818 1508 :

214 1533 315 1584 cui
339 1531 509 1583 sedes
533 1534 621 1582 est
644 1529 995 1581 conscientia
1020 1529 1267 1593 piorum.
1310 1532 1378 1582 Et
1406 1530 1486 1581 ita
1515 1530 1682 1581 sedes
1718 1527 1819 1580 Dei

214 1608 311 1654 est
354 1604 414 1654 in
447 1602 715 1653 cordibus
760 1600 1078 1665 hominum,
1102 1605 1169 1653 ut
1205 1601 1253 1652 si
1282 1601 1456 1653 homo
1480 1600 1748 1653 ceciderit
1784 1611 1819 1650 a

214 1676 358 1729 Deo,
384 1675 541 1724 Deus
564 1673 623 1723 in
649 1684 711 1724 se
734 1675 989 1723 maneat:
1009 1684 1127 1723 non
1151 1672 1317 1735 quasi
1342 1672 1525 1737 cadat,
1542 1675 1820 1723 noninve-

212 1745 433 1796 niendo
457 1744 557 1795 ubi
581 1743 671 1794 sit.
700 1743 881 1807 Magis
906 1742 1058 1794 enim
1085 1747 1139 1795 te
1164 1742 1710 1806 sublevat,utinillo
1730 1745 1817 1804 sis,

218 1827 236 1846 ·
262 1816 498 1880 quando
523 1815 829 1867 incumbit:
852 1817 914 1865 ut
931 1815 980 1865 si
1003 1826 1065 1868 se
1088 1815 1634 1875 subduxeritcadas,
1653 1817 1820 1867 tu.Tu

1921 606 2020 669 qui
2047 606 2413 670 spiritualiter
2438 609 2781 669 suntJacob,
2803 608 2972 669 idest,
2990 608 3517 668 quiluctanturcum

1921 683 2192 740 carne,et
2225 678 2323 740 qui
2358 678 2499 729 vitia
2523 678 2912 741 supplantant.
2938 679 3114 729 Jaeob
3143 678 3295 729 enim
3312 676 3517 727 dicitur

1919 750 2315 813 supplantator.
2332 752 2399 800 Et
2420 749 2551 812 quia
2575 750 2926 800 admirabilis
2950 755 3008 801 et
3033 749 3278 801 salubris
3302 748 3520 799 estista

1919 822 2120 884 gratia,
2152 834 2354 873 omnes
2378 821 2677 872 invitando
2709 824 2768 872 et
2797 821 3154 872 admonendo
3191 819 3513 883 subjungit:

1985 891 2035 945 9.
2079 893 2273 953 Venite,
2313 898 2358 941 et
2402 892 2585 953 videte,
2616 892 2783 955 idest,
2828 892 3071 953 credite,
3113 896 3169 943 et
3219 890 3517 952 intelligite

1920 977 2080 1027 opera
2103 964 2344 1022 Domini,
2364 976 2497 1026 quae
2521 965 2792 1027 operatus
2814 966 2904 1014 est
2918 964 3146 1027 propter
3170 974 3295 1012 nos.
3313 964 3516 1023 Eamus,

1919 1033 2107 1097 inquit
2153 1035 2423 1095 Ecclesia,
2467 1034 2875 1087 obliviscamur
2912 1046 2981 1085 ea
3004 1044 3136 1095 qua:
3171 1037 3325 1083 retro
3363 1038 3516 1082 sunt.

1921 1105 2307 1157 Transeamus
2319 1106 2390 1158 de
2410 1106 2650 1158 terrenis
2668 1106 2742 1157 ad
2767 1103 3088 1168 spiritualia
3106 1119 3117 1153 :
3137 1108 3192 1155 et
3204 1101 3385 1153 oculis
3397 1114 3522 1152 cor-

1920 1175 2009 1227 dis
2043 1177 2345 1229 videamus
2370 1178 2673 1243 quaeposuit
2696 1176 2966 1241 prodigia,
2993 1175 3159 1236 idest,
3186 1174 3245 1224 in
3269 1173 3516 1235 signum.

1918 1247 2185 1312 Prodigia
2204 1250 2357 1299 enim
2375 1248 2662 1312 dicuntur,
2685 1249 2748 1299 in
2770 1248 2984 1311 quibus
3000 1245 3152 1297 aliud
3167 1243 3523 1309 signiﬁcatur

1920 1332 2096 1382 quam
2131 1320 2360 1371 videtur
2385 1334 2397 1371 :
2423 1335 2584 1385 super
2606 1325 2826 1383 terram,
2853 1318 3021 1381 idest,
3040 1328 3213 1382 super
3241 1320 3514 1368 terrenos.

1921 1392 2059 1452 Qum
2085 1394 2222 1443 sunt
2246 1390 2379 1443 illa?

1982 1461 2069 1515 10.
2117 1463 2383 1525 Auferens
2428 1462 2561 1511 bella
2606 1478 2772 1526 usque
2805 1461 2880 1510 ad
2908 1463 3075 1525 ﬁnem
3102 1465 3271 1510 terrae.
3317 1459 3521 1509 Pacem

1918 1532 2074 1583 enim
2097 1533 2229 1584 fecit
2252 1533 2399 1585 inter
2425 1535 2625 1598 Deum,
2652 1538 2708 1585 et
2732 1534 3023 1585 hominem
3051 1532 3140 1582 :et
3163 1532 3516 1591 idololatriam,

1918 1608 1976 1655 et
2009 1605 2230 1656 cultum
2263 1604 2472 1657 veteris
2496 1604 2638 1668 legis
2653 1605 2913 1667 abstulit,
2946 1616 3047 1668 per
3067 1613 3199 1665 quae
3224 1599 3520 1651 discorda-

1917 1676 2059 1726 bant
2077 1676 2336 1728 Judaeiet
2360 1677 2588 1738 Gentes,
2622 1680 2681 1727 et
2704 1675 3165 1736 fecitutrumque
3189 1682 3374 1722 unum
3403 1670 3515 1733 (Co-

1920 1745 2036 1797 loss.
2067 1746 2154 1809 1.).
2182 1749 2251 1799 Et
2280 1746 2374 1798 illa
2396 1759 2509 1811 pax
2539 1746 2643 1797 Dei
2661 1746 2732 1797 ad
2758 1746 3020 1797 homines
3043 1756 3157 1794 non
3183 1741 3292 1793 fuit
3317 1741 3376 1791 in
3400 1751 3517 1791 una

1921 1819 2044 1869 sola
2076 1823 2243 1881 terra,
2278 1818 2379 1870 sed
2404 1830 2591 1881 usque
2616 1818 2689 1868 ad
2718 1818 2859 1868 fines
2884 1821 3073 1868 terrae.
3108 1817 3157 1866 A
3188 1813 3325 1864 solis
3361 1811 3514 1863 enim

220 1877 353 1939 te'si
376 1886 739 1945 subduxeris,
762 1898 880 1937 non
904 1886 1070 1937 cadet
1091 1886 1203 1938 ille.
1222 1885 1367 1948 Quid
1389 1899 1523 1951 ergo
1547 1890 1654 1947 est,
1676 1886 1815 1935 Deus
1840 1877 1893 1950 B
1921 1894 2048 1941 ortu
2079 1877 2265 1951 usque
2302 1890 2373 1941 ad
2412 1877 2681 1941 occasum
2718 1888 3003 1940 laudabile
3035 1898 3248 1939 nomen
3290 1883 3517 1934 Domini

218 1960 284 2007 in
307 1959 483 2007 medio
507 1957 655 2021 ejus?
689 1958 809 2007 Hoc
835 1957 1123 2019 signiﬁcat
1139 1957 1293 2020 quod
1311 1970 1516 2021 asquus
1529 1963 1619 2009 est
1633 1958 1817 2009 omni-

221 2031 333 2081 bus
358 2030 535 2091 Deus,
559 2030 615 2079 et
634 2040 937 2093 personam
951 2041 1068 2079 non
1094 2028 1315 2092 accipit.
1342 2028 1640 2091 Quomodo
1664 2030 1818 2080 enim

216 2099 361 2152 illud
382 2099 538 2163 quod
562 2100 621 2150 in
643 2098 833 2150 medio
858 2105 963 2163 est,
990 2099 1145 2164 paria
1161 2100 1334 2152 habet
1356 2100 1541 2164 spatia
1559 2099 1631 2151 ad
1644 2115 1820 2150 omnes

218 2171 368 2222 ﬁnes
394 2191 405 2220 :
442 2171 522 2221 ita
545 2171 694 2221 Deus
720 2171 777 2220 in
792 2170 977 2221 medio
996 2184 1122 2221 esse
1140 2171 1363 2233 dicitur,
1384 2171 1680 2235 aequaliter
1691 2184 1817 2223 om-

213 2243 394 2293 nibus
410 2240 733 2293 consulens.
766 2243 829 2291 In
854 2241 1039 2292 medio
1064 2247 1170 2303 est,
1200 2242 1367 2306 idest,
1392 2243 1451 2292 in
1481 2243 1775 2294 communi
1804 2257 1816 2293 :

214 2314 354 2378 quia
392 2312 661 2364 omnibus
691 2311 987 2376 aequaliter
1024 2314 1351 2377 propositus
1385 2318 1490 2365 est.
1532 2313 1636 2365 Vel
1669 2314 1816 2377 ideo,

215 2385 357 2448 quia
379 2390 467 2435 est
488 2384 775 2448 columna,
802 2396 935 2447 quas
963 2386 1254 2435 sustentat
1271 2397 1471 2437 omnes
1502 2389 1692 2449 partes
1716 2386 1819 2436 do-

212 2467 372 2507 mus.
395 2457 466 2506 Et
488 2467 605 2506 non
640 2455 827 2506 solum
857 2459 1144 2506 sustentat
1170 2469 1241 2506 ne
1269 2460 1512 2520 corruat,
1532 2456 1818 2508 sedetiam

214 2526 515 2591 Adjuvabit
546 2542 666 2575 eam
688 2528 827 2576 Deus
843 2526 915 2578 ad
935 2528 1077 2578 bene
1093 2528 1448 2590 operandum
1466 2543 1478 2579 :
1493 2543 1673 2589 mane,
1692 2531 1820 2578 idest

214 2598 282 2649 in
313 2598 591 2663 principio
622 2598 1033 2658 conversionis,
1058 2598 1313 2657 diluculo,
1341 2598 1448 2650 hoc
1471 2603 1579 2661 est,
1607 2599 1816 2650 lliumi-

216 2669 458 2722 natione
495 2670 739 2734 Spiritus
771 2670 973 2721 sancti.
1007 2671 1175 2721 Mane
1208 2670 1416 2721 dicitur
1440 2670 1664 2733 proprie
1686 2674 1818 2723 ante

217 2741 429 2792 lucem.
455 2741 782 2792 Diluculum
824 2746 933 2804 est,
969 2741 1200 2805 quando
1246 2742 1431 2805 primo
1461 2742 1640 2792 oritur
1669 2742 1814 2795 dies.

218 2812 463 2875 Quando
489 2825 589 2876 pro
614 2812 858 2875 peccatis
879 2824 1011 2876 quin
1036 2812 1292 2875 fecimus,
1317 2813 1389 2863 ad
1418 2814 1817 2875 paenitentiam

218 2883 351 2934 sive
369 2882 438 2934 ad
465 2883 898 2934 conversionem
924 2895 1296 2948 properamus
1314 2883 1549 2946 ;relictis
1567 2885 1816 2936 tenebris

217 2954 296 3006 ad
328 2955 520 3005 lucem
548 2956 999 3018 propinquamus
1035 2969 1048 3006 :
1080 2955 1187 3004 hoc
1221 2960 1305 3006 est
1338 2968 1505 3007 mane
1532 2960 1812 3007 nostrum.

215 3025 332 3078 Sed
348 3030 482 3090 post
505 3037 691 3087 mane,
717 3026 781 3076 ﬁt
804 3025 1119 3077 diluculum
1140 3041 1151 3077 :
1170 3026 1305 3089 quia
1328 3039 1428 3090 per
1449 3027 1678 3091 initium
1691 3041 1819 3079 con-

212 3097 500 3150 versionis
524 3097 754 3148 venitur
768 3097 840 3148 ad
864 3097 1143 3161 originem
1165 3097 1434 3150 etlumen
1452 3099 1693 3151 virtutis.
1723 3102 1815 3149 Sed

212 3168 356 3232 quia
379 3169 489 3219 hoc
509 3180 629 3220 non
650 3168 717 3220 fit
739 3168 957 3219 viribus
985 3169 1219 3225 nostris,
1243 3169 1347 3221 sed
1371 3170 1566 3221 divino
1588 3171 1815 3236 adjuto-

1920 1962 2085 2025 (Psal.
2122 1960 2282 2025 121.).
2318 1961 2520 2014 Aufert
2543 1962 2717 2012 etiam
2750 1961 2809 2012 in
2844 1960 3011 2012 nobis
3047 1957 3323 2008 Dominus
3346 1954 3512 2018 bella,

1920 2033 2151 2096 quando
2167 2031 2841 2097 extinguitrepugnantia
2857 2029 3184 2082 vitia.Unde
3197 2032 3253 2081 et
3265 2028 3510 2075 subditur:

1918 2104 2121 2152 Arcum
2146 2109 2388 2165 conteret,
2412 2109 2458 2153 ct
2478 2103 2779 2167 confringet
2802 2117 2983 2165 arma,
3006 2107 3052 2150 et
3074 2105 3224 2150 scuta
3247 2097 3514 2148 comburet
3533 2130 3553 2148 κ

1918 2173 2056 2238 igni.
2084 2178 2297 2226 Arcum
2323 2175 2428 2237 (Eae
2451 2175 2797 2238 Augustino),
2818 2185 2998 2236 arma,
3018 2169 3383 2235 scuta,ignis.
3408 2169 3514 2219 Ar-

1919 2258 2042 2305 cus,
2089 2248 2175 2298 est
2220 2245 2464 2297 insidiae.
2492 2248 2668 2296 Arma
2704 2245 2937 2309 publica
2958 2241 3353 2308 impugnatio:
3388 2252 3515 2289 scu-

1921 2322 2042 2369 tum
2092 2330 2241 2369 vana
2283 2317 2715 2381 praesumtionis
2750 2316 3045 2381 protectio.
3085 2314 3241 2379 Ignis
3265 2323 3380 2375 quo
3403 2310 3517 2360 ista

1919 2389 2353 2452 comburuntur,
2386 2392 2474 2439 est
2504 2388 2598 2439 ille
2636 2387 2705 2438 de
2728 2400 2842 2450 quo
2867 2386 3147 2439 Dominus
3163 2385 3278 2435 ait:
3315 2383 3513 2444 Ignem

1920 2460 2051 2512 veni
2089 2460 2316 2511 mittere
2355 2460 2414 2511 in
2454 2463 2662 2510 terram
2704 2459 2845 2522 (Luc.
2886 2457 3013 2523 19.).
3047 2460 3117 2509 Et
3151 2455 3221 2507 de
3246 2466 3361 2517 quo
3384 2454 3515 2516 igne

1919 2531 2054 2582 dicit
2078 2532 2138 2581 in
2164 2531 2383 2594 psalmo
2412 2549 2421 2578 :
2452 2532 2577 2581 Non
2601 2534 2690 2581 est
2716 2529 2815 2591 qui
2841 2542 2902 2581 se
2933 2528 3253 2580 abscondat
3275 2537 3309 2575 a
3330 2524 3515 2575 calore

1917 2604 2043 2667 ejus
2074 2602 2232 2666 (Psat.
2274 2601 2398 2664 18.).
2435 2602 2714 2652 Fervente
2746 2600 2878 2664 igne
2912 2599 3042 2661 isto,
3076 2598 3235 2649 nulla
3261 2596 3323 2646 in
3348 2594 3514 2667 nobis

1916 2664 2227 2737 impietatis
2253 2685 2414 2723 arma
2429 2673 2827 2729 remanebunt,
2854 2672 3103 2721 Necesse
3127 2669 3215 2719 est
3242 2672 3308 2718 ut
3319 2664 3515 2717 omnia

1918 2744 2247 2808 confringan
2258 2748 2365 2807 tur,
2381 2746 2765 2804 conterantur,
2785 2741 3215 2792 comburantur.
3236 2741 3512 2785 Remaneas

1916 2814 2170 2877 inermis,
2186 2814 2410 2865 nullum
2430 2813 2649 2864 habens
2666 2812 2732 2863 ad
2737 2811 3017 2875 jutorium
3030 2814 3217 2869 tuum,
3239 2814 3284 2855 et
3299 2821 3399 2867 quo
3411 2820 3513 2853 ma-

1916 2887 2005 2951 gis
2026 2886 2289 2938 infirmus
2312 2899 2393 2946 es,
2409 2884 2566 2935 nulla
2592 2889 2689 2935 tua
2711 2896 2871 2935 arma
2899 2883 3137 2944 habens,
3156 2877 3511 2940 tantomagis

1919 2963 1973 3010 te
2010 2958 2267 3021 suscipit,
2299 2957 2370 3009 de
2408 2970 2519 3020 quo
2561 2956 2778 3008 dictum
2821 2960 2946 3007 est:
2989 2955 3291 3016 Susceptor
3314 2951 3511 3001 noster

1916 3032 2070 3082 Deus
2092 3030 2287 3081 Jacob.
2303 3028 2720 3090 Valebasjenim
2747 3028 2915 3091 quasi
2933 3039 3034 3092 per
3059 3028 3112 3076 te
3140 3023 3186 3073 εδ
3209 3021 3511 3074 conturba-

1915 3103 1993 3152 ris
2017 3102 2077 3153 in
2103 3105 2172 3152 te.
2201 3101 2377 3152 Perde
2398 3111 2557 3152 arma
2580 3100 2794 3163 quibus
2817 3097 3227 3163 prazsumebas.
3267 3092 3373 3144 Adi
3398 3093 3507 3143 Do-

1915 3174 2154 3233 minum,
2198 3172 2518 3224 dicentem:
2552 3171 2771 3224 Sumcit
2809 3170 2911 3222 tibi
2945 3169 3128 3234 gratia
3149 3179 3294 3219 mea.
3326 3163 3430 3215 Dic
3453 3167 3509 3234 et

209 3241 318 3319 rio,
355 3242 508 3319 recte
521 3252 695 3319 nunc
728 3240 937 3319 dicitur
973 3254 985 3289 :
1020 3240 1459 3319 {tdjuvqbitneam
1489 3241 1627 3290 Deus
1652 3233 1813 3319 unaue
1839 3243 1887 3319 ρ
1916 3250 1978 3296 tu
2010 3259 2022 3294 :
2059 3243 2297 3319 Quando
2335 3243 2609 3319 infirmor,
2650 3245 2785 3319 tunc
2821 3233 3226 3319 potensnsum.
3248 3233 3509 3319 Apostoli

207 3311 474 3362 diluculo.
521 3313 590 3362 Et
632 3323 751 3363 non
798 3310 984 3362 solum
1031 3312 1283 3363 Ecclesia
1320 3312 1484 3363 firma
1527 3318 1632 3375 est,
1677 3314 1811 3376 quia

206 3385 373 3435 Deus
407 3383 466 3434 in
508 3382 697 3435 medio
722 3383 851 3448 ejus
881 3388 971 3434 est
1006 3402 1016 3431 :
1048 3383 1147 3433 sed
1172 3396 1272 3447 per
1296 3384 1423 3445 ejus
1450 3383 1810 3446 praedicatio-

204 3467 350 3506 nem
362 3455 644 3505 venerunt
658 3454 831 3505 aliiad
848 3467 955 3505 con
964 3453 1472 3505 versionem.Unde
1489 3458 1545 3505 et
1557 3458 1809 3506 subditur:

270 3524 325 3579 7.
356 3524 695 3575 Conlurbataz
716 3531 844 3574 sunt
866 3530 1059 3589 gentes.
1088 3527 1244 3576 Bona
1266 3526 1704 3577 conturbatione
1737 3526 1811 3578 ad

204 3596 629 3661 pcenitentiam,
646 3601 692 3645 et
714 3595 981 3645 inclinata
999 3601 1126 3645 sunt
1136 3611 1305 3659 regna
1338 3598 1408 3647 Et
1432 3598 1716 3661 principes
1727 3601 1810 3646 vel

205 3668 479 3733 regiones
514 3667 818 3721 humiliati.
867 3669 1045 3719 Juxta
1077 3667 1231 3731 quod
1266 3667 1543 3731 scriptum
1577 3672 1664 3720 est
1695 3684 1707 3719 :
1743 3671 1811 3721 Et

204 3739 536 3791 adorabunt
560 3751 692 3790 eum
708 3751 911 3789 omnes
935 3751 1116 3802 reges,
1131 3751 1333 3790 omnes
1345 3749 1547 3802 gentes
1560 3740 1812 3791 servient

206 3811 261 3863 ei
289 3809 450 3875 (Psal.
478 3809 599 3873 71.).
626 3811 696 3861 Et
732 3809 883 3861 unde
914 3809 1024 3860 hoc
1056 3809 1336 3875 contigit?
1373 3810 1635 3874 sequitur
1650 3816 1705 3863 et
1730 3812 1812 3863 di-

205 3882 291 3933 cit
315 3895 329 3931 :
355 3881 509 3930 Dedit
528 3896 721 3943 vocem,
740 3881 909 3946 idest,
934 3881 1397 3945 praedicationem
1410 3897 1588 3944 suam,
1605 3887 1650 3931 et
1666 3888 1811 3932 mota,

202 3958 282 4003 est
315 3957 481 4016 terra,
517 3952 687 4015 idest,
731 3951 937 4004 terreni
972 3951 1044 4003 ad
1078 3952 1534 4005 conversionem.
1560 3955 1700 4005 Haec
1724 3957 1812 4006 est

205 4023 307 4075 illa
326 4035 441 4074 vox
465 4022 536 4074 de
561 4036 674 4086 qua
696 4022 850 4074 idem
874 4023 1179 4074 Psalmista
1201 4023 1334 4074 alibi
1350 4024 1516 4074 dicit:
1551 4025 1675 4074 Vox
1700 4025 1812 4075 Do-

203 4094 355 4145 mini
379 4094 437 4145 in
464 4094 706 4146 virtute:
733 4107 850 4147 vox
874 4094 1105 4145 Domini
1127 4094 1186 4145 in
1201 4094 1627 4159 magnificentia
1647 4094 1808 4159 (Psat.

203 4164 338 4228 28.).
374 4166 535 4217 Hanc
571 4178 772 4217 vocem
806 4165 961 4217 dedit
999 4178 1096 4229 per
1117 4165 1427 4228 apostolos,
1454 4170 1511 4216 et
1542 4170 1700 4217 mota
1722 4170 1811 4218 est

207 4242 361 4289 terra
392 4238 463 4288 de
495 4237 827 4288 infidelitate
859 4237 932 4289 ad
956 4236 1149 4297 ﬁdem,
1177 4235 1247 4287 de
1271 4236 1425 4288 vitiis
1446 4237 1518 4287 ad
1544 4236 1806 4298 virtutes,

204 4308 282 4359 de
294 4307 519 4359 diabolo
539 4308 612 4359 ad
627 4310 826 4360 Deum.
854 4309 991 4371 Quis
1010 4315 1092 4358 est
1117 4309 1214 4370 qui
1235 4306 1394 4357 dedit
1416 4320 1617 4358 vocem
1633 4322 1773 4355 suam
1786 4310 1808 4354 ?

202 4379 416 4430 Dicant
444 4379 721 4445 Apostoli,
740 4379 892 4431 dicat
912 4378 1184 4441 Ecclesia,
1209 4376 1361 4429 dicat
1384 4378 1629 4442 populus
1641 4378 1809 4429 inno-

202 4455 385 4505 vatus
411 4464 423 4499 :

266 4524 321 4577 8.
363 4523 630 4572 Dominus
673 4522 938 4572 virtutum
979 4521 1295 4573 nobiscum:
1320 4527 1588 4587 susceptor
1630 4527 1805 4572 noster

200 4595 347 4645 Deus
374 4594 555 4644 Jacob.
581 4594 720 4654 Quis
750 4607 865 4646 non
890 4598 1156 4646 movetur
1176 4593 1285 4645 hac
1306 4596 1484 4645 voce?
1508 4594 1648 4656 Quis
1686 4608 1805 4646 non

1914 3328 2028 3367 vox
2042 3320 2129 3366 est
2145 3313 2214 3375 (εὶ.
2246 3315 2365 3365 Cor.
2386 3312 2724 3376 12.).Omnia
2743 3326 2902 3364 arma
2913 3311 3237 3377 perdiderat
3257 3314 3507 3368 tamquam

1911 3386 2258 3439 fortitudinis
2289 3398 2429 3449 suae,
2456 3386 2553 3448 qui
2578 3385 2804 3437 dicebat
2829 3403 2839 3433 :
2868 3386 2985 3449 Ego
3025 3385 3214 3434 autem
3247 3392 3362 3430 non
3386 3377 3511 3449 glo-

1910 3458 2240 3517 riabor,nisi
2270 3458 2328 3508 in
2352 3447 2791 3508 infirmatatibus
2816 3447 3252 3517 meis(lbidem.).
3270 3447 3509 3511 Quando

1910 3535 2105 3581 autem
2131 3531 2411 3580 Dominus
2430 3528 2688 3593 suscipit,
2703 3526 3245 3591 numquidinermes
3262 3521 3509 3593 dimittit?

1911 3605 2112 3654 Armat
2134 3614 2259 3659 nos,
2289 3601 2391 3652 sed
2415 3600 2525 3650 illis
2542 3590 2717 3650 armis
2737 3596 3212 3662 Evangeliasticze
3230 3590 3506 3653 veritatis,

1911 3673 2277 3724 continentia:
2306 3677 2362 3723 et
2396 3669 2616 3734 salutis,
2652 3670 2802 3730 ﬁdei,
2831 3670 2970 3734 spei,
2998 3667 3251 3720 caritatis
3290 3663 3355 3729 (2.
3386 3664 3506 3713 Cor.

1912 3746 2035 3807 10.).
2078 3746 2216 3797 Haec
2252 3756 2414 3795 arma
2445 3743 2747 3805 habemus,
2784 3742 2885 3793 sed
2909 3754 3028 3793 non
3052 3752 3086 3791 a
3111 3739 3297 3791 nobis.
3333 3739 3510 3788 Arma

1910 3820 2099 3869 autem
2125 3828 2258 3879 quae
2282 3828 2317 3866 a
2338 3815 2507 3866 nobis
2531 3814 2860 3873 habuimus,
2878 3816 3172 3865 arserunt:
3191 3810 3292 3861 sed
3315 3813 3508 3859 tamen

1908 3888 2041 3951 igne
2070 3888 2165 3939 illo
2189 3892 2390 3937 sancto
2415 3886 2644 3938 accensi
2670 3897 2895 3936 sumus.
2914 3880 3316 3934 Priusinvitati
3334 3893 3510 3928 sumus

1910 3959 1983 4009 ad
2015 3957 2268 4009 videnda
2305 3969 2476 4019 opera
2506 3957 2749 4007 Domini.
2791 3958 2921 4006 Jam
2945 3955 3069 4018 ipse
3091 3953 3372 4005 Dominus
3401 3960 3507 4000 nos

1909 4029 2115 4081 invitat
2138 4029 2210 4079 ad
2242 4027 2559 4079 videndum
2586 4041 2663 4091 se,
2692 4028 2891 4078 dicens
2921 4040 2933 4075 :

1974 4099 2057 4153 1'1.
2093 4100 2300 4160 Vacale,
2327 4104 2375 4146 et
2394 4098 2577 4161 videte,
2596 4098 2872 4162 quoniam
2894 4111 2985 4159 ego
3008 4110 3129 4143 sum
3152 4092 3513 4143 Deus.Vidis-

1909 4171 1982 4221 tis
2006 4182 2177 4233 opera
2198 4171 2381 4219 mea.J
2385 4180 2477 4218 am
2501 4172 2818 4232 praeparate
2834 4180 2939 4218 vos
2955 4166 3026 4216 ad
3046 4165 3361 4215 videndum
3378 4162 3507 4214 arti-

1908 4242 2074 4291 iicem
2120 4240 2328 4303 ipsum.
2366 4241 2434 4290 Et
2463 4244 2529 4290 ut
2551 4239 2624 4290 ad
2654 4240 2764 4290 hoc
2798 4238 2989 4288 idonei
3013 4236 3140 4287 sitis
3170 4250 3181 4284 :
3208 4238 3443 4285 Cessate
3473 4245 3509 4283 a

1910 4311 2150 4363 terrenis
2176 4324 2188 4360 :
2214 4315 2456 4361 vacuate
2480 4322 2586 4361 vos
2616 4323 2650 4361 a
2671 4309 2859 4360 malis.
2898 4307 3102 4358 Nullus
3139 4304 3425 4356 tumultus
3446 4304 3505 4354 in

1906 4387 2098 4434 mente
2123 4383 2214 4433 sit.
2242 4382 2447 4432 Omnia
2460 4381 2578 4432 sint
2592 4384 2810 4444 pacata,
2838 4379 3033 4429 omnia
3058 4375 3351 4427 mundata.
3374 4378 3504 4423 Beati

1907 4453 2061 4506 enim
2092 4452 2311 4505 mundo
2345 4452 2532 4515 corde,
2571 4452 2846 4515 quoniam
2880 4449 2989 4512 ipsi
3012 4451 3198 4500 Deum
3221 4446 3505 4499 videbunt

1908 4526 2114 4590 (Matth.
2162 4524 2249 4588 5.).
2289 4523 2378 4575 Ad
2415 4523 2524 4574 hoc
2544 4524 2665 4586 jam
2689 4521 3067 4584 relinquimus
3093 4517 3504 4590 impedimenta

1905 4589 2109 4649 mundi
2131 4598 2188 4649 et
2209 4608 2374 4647 curas
2400 4594 2616 4658 saeculi,
2635 4592 2924 4657 atque‘ad
2954 4589 3287 4642 monasterii
3309 4601 3505 4641 acces-

198 4665 601 4717 contremiscit
615 4665 825 4730 gaudio
842 4670 865 4716 Ρ
876 4666 1015 4729 Quis
1027 4678 1141 4717 non
1154 4665 1223 4716 de
1236 4670 1394 4717 tanta
1406 4667 1563 4727 gratia
1574 4668 1809 4715 miratur?
1834 4658 1891 4731 D
1906 4670 2090 4721 simus
2108 4667 2497 4720 secretummti
2511 4666 2743 4717 liberius
2756 4676 2960 4717 vacare
2977 4662 3267 4727 possimus
3281 4664 3503 4725 Deo,nou

201 4736 491 4789 Dominus
502 4737 806 4803 virtutum,
826 4737 1107 4790 Dominus
1118 4737 1473 4802 angelorum,
1491 4737 1612 4801 ipse
1634 4746 1705 4787 est
1722 4754 1806 4787 no-

203 4808 433 4860 biscum
466 4807 529 4858 in
551 4821 737 4860 carne.
754 4811 1068 4873 Susceptus
1092 4814 1181 4861 est
1210 4821 1244 4860 a
1263 4808 1450 4871 nobis,
1468 4813 1525 4861 et
1550 4810 1805 4873 suscepit

197 4892 332 4931 nos.
358 4879 592 4940 Accepit
614 4883 870 4932 nostram
894 4880 1333 4941 humanitatem,
1358 4881 1611 4945 suscepit
1631 4883 1801 4931 nosiu

200 4962 373 5002 suam
398 4950 757 5003 divinitatem
789 4952 1015 5016 (Philip.
1046 4951 1136 5017 “2.).
1172 4953 1380 5003 Factus
1405 4957 1492 5004 est
1521 4952 1804 5016 particeps

202 5026 423 5074 nostras
448 5023 827 5088 mortalitatis,
844 5028 912 5075 ut
933 5036 1040 5074 nos
1051 5024 1576 5089 faceretparticipes
1598 5026 1806 5073 sumim-

196 5094 572 5146 mortalitatis
599 5096 767 5158 (Rom.
793 5095 885 5158 8.).
925 5096 1279 5160 Dicantergo
1314 5095 1618 5147 Christiani
1649 5095 1804 5160 quod

200 5177 323 5216 non
372 5172 622 5229 possunt
654 5167 841 5218 dicere
878 5166 1086 5231 Judaai,
1131 5170 1233 5218 aut
1270 5168 1500 5232 Pagani,
1545 5173 1646 5219 aut
1678 5170 1807 5221 Hee-

198 5235 402 5287 retici:
440 5238 720 5288 Dominus
769 5238 1046 5289 virtutum
1079 5237 1405 5290 nobiscum.
1439 5239 1561 5291 Hoc
1595 5244 1652 5291 et
1681 5240 1806 5303 ipse

200 5306 551 5370 promiserat
578 5321 679 5373 per
715 5309 1056 5373 Prophetam
1083 5323 1252 5361 suum
1279 5310 1510 5361 dicens:
1540 5312 1610 5361 Et
1636 5311 1804 5362 inha-

204 5378 403 5429 iiitabo
448 5384 506 5430 et
538 5380 907 5431 inambulabo
945 5380 1001 5431 in
1027 5381 1128 5447 eis,
1154 5385 1211 5432 et
1239 5394 1335 5432 ero
1376 5381 1602 5433 illorum
1630 5384 1802 5444 Deus,

203 5447 382 5517 1.230
424 5454 484 5501 et
522 5450 630 5513 ipsi
666 5452 807 5503 mihi
832 5453 1078 5516 populus
1105 5453 1316 5517 (Jerem.
1341 5452 1466 5515 31.).
1503 5454 1650 5504 Hinc
1679 5454 1805 5518 ipsa

204 5522 433 5573 Veritas
462 5522 775 5587 Discipulis
800 5524 923 5575 suis
946 5524 1050 5576 ait:
1069 5526 1209 5576 Ecce
1223 5538 1327 5589 ego
1351 5523 1652 5577 vobiscum
1690 5540 1800 5574 sum

267 5675 292 5747 ⁸.
312 5664 702 5785 ΜδΠιέἸᾳυοᾶ
734 5665 793 5717 in
815 5666 1048 5731 vulgato
1078 5667 1398 5732 Augustino
1417 5669 1524 5728 est,
1549 5683 1717 5731 quam
1744 5670 1803 5718 in

270 5752 459 5785 meum
498 5754 515 5785 ῑ
544 5774 555 5785 .

198 5744 246 5785 tt:
270 5744 555 5789 incumbit.

263 5809 287 5837 δ
310 5810 502 5861 Antea
514 5809 1162 5875 comburarislegebatur
1178 5830 1189 5869 ;
1208 5809 1585 5866 emendamus
1600 5826 1675 5867 ex
1698 5815 1806 5867 Au-

202 5880 543 5948 gustiniana
563 5880 822 5948 lectione,
843 5894 973 5947 qum
996 5887 1054 5937 et
1072 5895 1212 5939 mox
1235 5885 1522 5950 evangeliis
1534 5898 1635 5951 pro
1650 5902 1805 5939 evan-

1904 4741 1996 4792 his
2015 4742 2204 4800 rebus,
2235 4738 2284 4806 2
2295 4737 2381 4806 3|
2404 4739 2613 4801 quibus
2626 4742 2825 4789 noster
2837 4735 3152 4787 delectetur
3166 4735 3500 4806 adversarius.

1905 4815 2129 4864 Certum
2153 4805 2437 4873 est’enim,
2456 4810 2611 4874 quod
2624 4808 2856 4873 quando
2875 4807 3050 4860 ociosi
3070 4809 3128 4859 et
3144 4805 3504 4869 negligentes

1905 4895 2128 4943 sumus,
2156 4882 2386 4946 quando
2410 4881 2740 4934 caelestibus
2776 4878 3072 4933 desideriis
3094 4877 3354 4930 animum
3386 4889 3503 4928 non

1904 4955 2244 5018 attollimus,
2288 4954 2520 5018 quando
2552 4955 2625 5005 ab
2669 4965 2865 5005 amore
2909 4950 3011 5003 Dei
3055 4949 3501 5014 refrigescimus,

1905 5026 2138 5089 quando
2162 5026 2312 5077 diem
2331 5025 2714 5091 expendimus
2738 5026 2798 5077 in
2814 5023 3041 5084 fabulis,
3066 5022 3126 5073 in
3150 5020 3504 5085 cogitationi-

1905 5097 2013 5147 bus
2036 5098 2229 5161 pravis
2256 5113 2268 5149 :
2284 5098 2467 5162 magis
2486 5104 2622 5150 tunc
2639 5109 2913 5150 vacamus
2931 5092 3176 5154 diabolo,
3192 5105 3368 5157 quam
3384 5095 3496 5140 Deo.

1905 5168 2025 5219 Hoc
2070 5169 2373 5233 signiﬁcat,
2404 5169 2556 5234 quod
2593 5169 2870 5234 scriptum
2895 5171 2986 5220 est
3013 5185 3026 5217 :
3065 5164 3350 5216 Viderunt
3372 5174 3499 5213 eam

1903 5239 2119 5304 hostes,
2144 5246 2201 5291 et
2220 5240 2553 5292 desiderunt
2569 5242 2809 5292 sabbata
2828 5239 2952 5303 ejus
2974 5238 3187 5303 (Thren.
3209 5234 3296 5298 1.).
3313 5235 3501 5282 Subha-

1906 5314 2031 5361 tum
2047 5313 2252 5374 requies
2263 5312 2486 5364 dicitur.
2506 5314 2572 5364 Et
2584 5313 2825 5364 sabbata
2835 5314 3031 5362 nostra
3042 5308 3239 5359 hostes
3252 5306 3498 5366 derident,

1905 5381 2133 5443 quando
2157 5395 2265 5434 nos
2294 5383 2528 5447 maligni
2553 5384 2782 5445 spiritus
2805 5379 3191 5433 otiositatibus
3213 5379 3269 5427 et
3286 5374 3501 5427 vanita-

1904 5453 2060 5503 tibus
2080 5465 2284 5505 vacare
2309 5455 2522 5506 vident.
2551 5454 2695 5506 illud
2729 5466 2865 5517 ergo
2898 5452 3109 5502 habere
3140 5447 3496 5510 studeamus,

1905 5524 2057 5588 quod
2087 5524 2148 5575 in
2178 5524 2344 5575 nobis
2382 5525 2631 5578 maxime
2656 5526 2936 5577 Dominus
2961 5519 3265 5583 desiderat,
3304 5518 3363 5569 id
3386 5522 3497 5581 est,

1903 5667 2178 5733 geliasticee
2200 5667 2447 5730 praefert.

1967 5748 1985 5769 '
2014 5737 2358 5789 Monachum
2398 5752 2458 5790 se
2482 5739 2668 5802 prodit
2691 5739 3005 5791 manifesto.
3043 5738 3244 5790 Confer
3268 5750 3397 5803 quas
3424 5737 3494 5788 de

1903 5811 2030 5876 ejus
2045 5809 2398 5877 professione
2417 5810 2557 5863 vitae
2577 5810 2640 5863 in
2654 5811 2995 5865 Prwtatione
3018 5809 3293 5863 diximus.
