3908 6232
453 357 551 409 831

450 471 706 518 mentem
749 464 822 535 ab
861 461 1030 513 omni
1061 459 1281 535 malitia
1307 458 1547 535 liberam
1575 464 1634 512 et
1666 460 1935 535 devitans
1958 459 2050 510 his
2068 463 2129 535 Α

452 538 667 600 quibus
681 534 924 599 Spiritus
939 536 1175 583 sanctus
1192 530 1516 595 ottenditur,
1529 532 1855 594 humilitati,
1869 536 2048 593 quieti,

452 607 675 659 caritati
694 618 927 668 operam
952 604 1187 659 demus;
1214 606 1281 653 ut
1301 602 1608 666 impleatur
1629 615 1663 652 a
1683 604 1871 664 nobis,
1897 602 2052 665 quod

452 679 661 730 dicitur
687 693 699 728 :
729 678 940 726 Vacate
978 678 1034 724 et
1058 672 1246 723 videte
1279 674 1552 736 quoniam
1590 687 1696 737 ego
1724 688 1853 724 sum
1879 677 2050 724 Deus.

453 751 544 802 Sic
570 748 724 801 enim
748 750 932 798 Deum
953 745 1146 796 videre
1170 745 1535 805 merebimur,
1554 745 1603 794 si
1626 746 1784 808 prius
1808 748 1879 796 ab
1904 745 2057 795 illici-

455 821 528 871 tis
574 830 817 881 cessare,
866 822 926 868 et
959 821 1151 867 mente
1202 815 1490 878 tranquilli
1530 828 1661 867 esse
1702 816 2051 867 studeamus.

455 890 627 941 Paulo
660 894 792 940 ante
819 889 929 950 (Ea:
963 888 1284 950 Augustino)
1324 888 1607 949 dixeram,
1632 892 1799 938 terrm
1823 888 2055 939 nomine

452 960 763 1023 signiﬁcari
784 963 1014 1021 gentem
1037 957 1390 1008 Judzeorum.
1426 958 1592 1007 Maris
1616 958 1844 1008 nomine
1857 968 2055 1005 ﬂeturus

452 1035 673 1095 gentes.
700 1028 983 1079 Trunslati
1009 1034 1142 1079 sunt
1167 1032 1396 1078 montes
1414 1028 1473 1078 in
1497 1030 1664 1078 corde
1690 1030 1883 1079 maris.
1911 1032 2057 1080 Con-

454 1103 701 1153 turbatee
729 1105 867 1151 sunt
890 1104 1109 1162 gentes,
1130 1098 1397 1149 inclinata
1416 1104 1550 1150 sunt
1571 1112 1763 1161 regna,
1789 1100 2058 1151 deditvo-

452 1185 575 1224 cem
623 1184 789 1223 suam
815 1171 1166 1231 Altissimus,
1202 1172 1260 1221 et
1288 1173 1444 1220 mota
1480 1175 1571 1220 est
1596 1174 1763 1220 terra.
1790 1171 2057 1220 Dominus

453 1245 718 1292 virtutum
746 1241 1042 1301 nobiscum,
1068 1246 1337 1303 susceptor
1360 1242 1500 1289 Deus
1514 1241 1694 1289 Jacob.
1722 1242 1895 1291 Facta
1919 1248 2058 1294 sunt

452 1312 802 1365 miraculain
814 1312 1103 1376 gentibus,
1125 1311 1393 1375 impletur
1416 1311 1561 1361 fides
1582 1312 1641 1362 in
1660 1313 1950 1375 gentibus,
1976 1327 2059 1364 ar-

453 1385 595 1435 dent
617 1395 777 1435 arma
800 1381 1272 1447 praesumptionis
1298 1381 1590 1439 humanae,
1606 1387 1840 1433 vacatur
1855 1383 1914 1433 in
1931 1392 2059 1433 tran-

455 1455 739 1519 quillitate
778 1455 977 1515 cordis,
1026 1458 1092 1504 ut
1123 1458 1503 1515 cognoscatur
1524 1456 1678 1503 Deus
1708 1457 1906 1505 auctor
1930 1468 2055 1505 om-

452 1526 615 1578 nium
643 1538 946 1576 munerum
975 1537 1236 1577 suorum.
1267 1526 1335 1574 Et
1352 1529 1483 1587 post
1506 1524 1760 1587 ipsorum
1785 1525 2057 1577 clarifica-

458 1598 673 1649 tionem
694 1596 961 1659 nunquid
994 1596 1206 1647 deserit
1238 1600 1291 1646 et
1318 1596 1538 1658 plebem
1561 1596 1895 1647 Judaeorum
1925 1601 1950 1646 ‘2
1974 1599 2056 1649 De

455 1681 569 1732 qua
589 1668 727 1719 dicit
763 1667 1105 1732 Apostolus:
1149 1667 1285 1717 Dico
1312 1668 1467 1719 enim
1493 1668 1675 1727 vobis,
1701 1673 1766 1719 ut
1787 1680 1905 1719 non
1930 1669 2055 1720 sitis

459 1740 627 1791 vobis
645 1738 958 1803 sapientes:
989 1739 1125 1802 quia
1144 1739 1373 1790 cmcitas
1390 1751 1461 1789 ex
1484 1742 1643 1802 parte
1668 1738 1727 1789 in
1749 1738 1922 1790 Israel
1936 1742 2059 1788 facta

453 1816 559 1869 est,
586 1810 770 1862 donec
794 1810 1095 1873 plenitudo
1112 1810 1372 1873 gentium
1398 1810 1652 1869 intraret,
1678 1809 1733 1860 id
1761 1815 1867 1869 est,
1894 1824 2060 1861 mon-

458 1886 551 1933 tes
574 1882 687 1932 huc
725 1882 1184 1943 transferrentur,
1220 1886 1283 1932 ut
1305 1881 1490 1932 nubes
1533 1881 1625 1931 hic
1655 1881 1940 1943 pluerent,
1966 1882 2059 1933 hic

453 1953 738 2003 Dominus
751 1952 1003 2002 tonitruo
1029 1965 1133 2003 suo
1146 1964 1323 2013 regna
1338 1950 1652 2009 inclinaret,
1680 1952 1861 2002 donec
1885 1953 2060 2016 pleni-

455 2024 593 2076 tudo
609 2023 878 2074 Gentium
902 2023 1156 2074 intraret.
1174 2024 1242 2074 Et
1265 2022 1404 2085 quid
1425 2027 1656 2085 postea?
1693 2028 1751 2073 et
1767 2024 1848 2073 sic
1872 2027 2059 2075 omnis

459 2094 636 2146 Israel
660 2094 862 2145 salvus
887 2094 1065 2145 fleret.
1094 2094 1227 2144 Ideo
1251 2098 1307 2144 et
1328 2092 1422 2143 hic
1446 2094 1636 2155 ipsum
1661 2094 1919 2145 ordinem
1938 2109 2059 2147 ser-

455 2179 618 2226 vans,
665 2165 985 2224 Exaltabor,
1019 2164 1227 2227 inquit,
1260 2164 1320 2212 in
1356 2163 1599 2227 gentibus
1630 2169 1675 2211 et
1699 2165 1975 2214 exaltabor
1998 2168 2059 2215 in

454 2241 620 2286 terra.
646 2237 709 2286 Id
735 2241 842 2296 est,
870 2235 931 2285 in
965 2235 1127 2297 mari,
1153 2240 1209 2285 et
1230 2234 1291 2285 in
1317 2239 1499 2295 terra:
1533 2239 1597 2285 ut
1615 2236 1737 2297 jam
1761 2248 1963 2287 omnes
1984 2238 2060 2288 di-

457 2310 607 2365 cant,
636 2308 790 2369 quod
816 2306 1077 2368 sequitur
1103 2321 1115 2355 :

517 2375 602 2430 1‘2.
640 2378 910 2425 Dominus
945 2378 1210 2424 virtutum
1257 2374 1552 2436 nobiscum,
1585 2382 1854 2440 susceptor
1886 2385 2060 2428 noster

454 2447 595 2496 Deus
606 2446 786 2497 Jacob.
802 2446 1088 2498 Dominus
1099 2448 1257 2497 Deus
1269 2447 1645 2497 nosterndem
1659 2451 1713 2496 in
1725 2465 1825 2508 qua
1835 2452 2060 2499 vivimus

455 2523 596 2570 etex
609 2530 721 2580 qua
734 2517 1299 2581 vivimus,perlibros
1314 2518 1794 2581 suos,Scripturas
1807 2536 1923 2567 suus
1938 2524 2061 2569 mul-

456 2589 725 2653 tipliciter
736 2588 906 2639 nobis
924 2589 1192 2651 varieque
1209 2588 1453 2638 diifudit.
1470 2591 1839 2640 Sacramenta
1854 2594 2058 2650 quidem

455 2662 764 2713 verborum
779 2661 1028 2720 varians,
1045 2660 1217 2711 (idem
1232 2665 1425 2711 tamen
1438 2673 1614 2711 unam
1627 2663 2059 2715 commendans.

456 2734 581 2784 Una
592 2732 742 2782 enim
756 2731 1071 2793 eademque
1085 2743 1173 2782 res
1188 2731 1316 2781 ideo
1329 2730 1528 2782 multis
1542 2731 1729 2783 modis
1742 2732 1948 2783 dicitur
1959 2751 2059 2782 non

454 2808 520 2855 ut
536 2802 707 2854 modo
724 2803 849 2867 ipso
873 2802 1101 2853 dicendi
1121 2807 1348 2866 propter
1361 2802 1654 2854 fastidium
1676 2803 1944 2863 varietur,
1972 2809 2057 2853 sed

452 2878 684 2938 propter
729 2874 1093 2925 concordiam
1140 2886 1254 2924 una
1300 2878 1581 2925 teneatur.
1628 2876 1825 2937 Itaque
1870 2876 1926 2925 in
1953 2877 2059 2926 hoc

455 2946 889 3010 psalmo,quem
914 2948 1209 2996 cantatum
1235 2946 1580 2996 audivimus.
1612 2947 1703 2997 cui
1731 2957 1747 2975 ί·
1773 2948 2058 2998 cantando

455 3017 880 3082 respondimus,
896 3030 963 3067 ea
984 3029 1187 3068 sumus
1204 3016 1569 3080 dicturi,quae
1589 3019 1791 3069 nostis.
1809 3020 1876 3068 Et
1894 3027 2054 3066 tamen

450 3088 716 3139 fortassis
732 3087 985 3152 aliquam
1012 3088 1080 3140 ad
1084 3090 1328 3153 juvante
1342 3093 1401 3139 et
1416 3089 1667 3140 donante
1708 3090 1821 3140 Deo
1842 3095 2059 3137 suavita-

452 3165 567 3210 tem
591 3158 814 3210 allaturi
861 3172 1066 3210 sumus
1100 3160 1287 3219 vobis,
1317 3160 1550 3222 quando
1577 3173 1658 3221 ea,
1687 3173 1817 3223 quae
1842 3161 1975 3211 alibi
2001 3165 2057 3211 et

1517 349 1782 400 RUFINO
1815 345 2276 399 PRESBYTERO
2312 345 2695 398 ASCRIPTUS

3682 344 3798 398 833

2157 458 2437 509 Dominus
2449 457 2951 523 cruciﬁgereturin
2962 456 3238 511 Calvariaa
3249 455 3401 518 loco,
3414 458 3474 507 et
3487 457 3797 519 sanguine

2156 541 2261 580 suo
2287 529 2415 579 fuso
2439 529 2763 594 redimeret,
2789 534 2848 581 et
2870 529 3208 594 impleretur
3230 528 3393 591 quod
3417 528 3500 577 ait
3526 530 3799 591 Aposto-

2152 600 2243 651 lus
2263 615 2273 650 :
2292 602 2529 653 Caecitas
2546 614 2618 651 ex
2651 605 2811 665 parte
2828 600 3115 663 contingit
3147 600 3209 649 in
3227 598 3428 659 Israel,
3448 598 3639 648 donec
3672 598 3795 661 ple-

2150 673 2350 724 nitudo
2379 673 2639 735 gentium
2664 674 2900 722 intraret
2925 673 3099 733 (Rom.
3130 671 3237 732 11.)
3266 685 3279 721 :
3311 669 3608 720 insultant
3646 682 3793 731 ergo

2152 745 2302 801 vani,
2322 749 2378 795 et
2398 746 2651 805 hebetes,
2670 749 2725 794 et
2742 743 3045 793 insensati:
3065 748 3124 793 et
3139 742 3355 793 dicant.
3371 740 3570 797 Calve,
3584 739 3790 790 Caive.

2152 816 2270 865 Vos
2282 819 2477 865 autem
2495 814 2775 875 sanguine
2790 813 2882 864 illo
2897 814 3179 876 redempti
3205 812 3276 876 (i.
3293 813 3441 861 Petr.
3460 811 3485 863 1
3500 811 3557 871 .},
3581 812 3689 873 qui
3704 811 3790 860 fu-

2156 899 2257 936 sus
2282 892 2372 937 est
2396 887 2454 935 in
2480 885 2755 935 Calvariae
2773 885 2920 947 loco;
2949 886 3141 934 Omnes
3163 890 3344 947 gentes
3365 882 3622 946 plaudite
3664 898 3790 929 ma-

2156 974 2187 1005 η
2200 957 2329 1008 ibus.
2346 957 2684 1020 pervenisse
2701 957 2773 1005 ad
2792 968 2898 1006 vos
2916 955 3180 1018 gratiam.
3202 954 3352 1017 Quid
3379 958 3471 1005 est
3490 954 3755 1001 Plaudite
3766 957 3789 1001 ,ῖν

2153 1029 2427 1079 Gaudete.
2460 1027 2567 1077 Sed
2593 1040 2767 1089 quare
2796 1026 3086 1077 manibus?
3112 1027 3257 1088 Quia
3276 1026 3454 1076 bonis
3479 1026 3782 1088 operibus.

2155 1100 2210 1151 Si
2239 1104 2461 1149 tantum
2487 1110 2778 1159 voce,non
2802 1098 2973 1149 bene:
3002 1098 3139 1160 quia
3170 1098 3350 1161 pigrm
3376 1098 3523 1146 sunt
3546 1109 3781 1145 manus.

2156 1170 2204 1219 Si
2234 1172 2459 1220 tantum
2510 1169 2797 1227 manibus,
2832 1182 2937 1220 nec
2976 1169 3085 1219 hoc
3124 1170 3290 1229 bene,
3332 1169 3471 1231 quia
3496 1172 3672 1217 muta
3698 1176 3783 1216 est

2153 1240 2368 1304 lingua.
2398 1238 2759 1290 Concordent
2781 1251 2993 1290 manus
3020 1243 3078 1289 et
3101 1238 3323 1301 lingua.
3356 1238 3457 1288 illa
3494 1237 3784 1287 contiun—

2153 1313 2267 1373 tur,
2290 1310 2401 1362 illae
2425 1316 2748 1375 operentur.
2775 1310 3011 1359 Jubitatc
3025 1311 3152 1371 Deo,
3180 1310 3236 1359 id
3260 1314 3373 1371 est,
3401 1313 3641 1359 tantum
3659 1307 3782 1356 lau-

2153 1382 2285 1433 dem
2308 1383 2412 1433 Dei
2448 1386 2639 1434 mente
2669 1382 2968 1445 concipite,
3005 1394 3139 1443 quae
3163 1393 3285 1431 non
3318 1381 3509 1443 possit
3535 1379 3780 1442 exprimi

2155 1466 2320 1504 voce:
2348 1458 2403 1504 et
2420 1453 2499 1503 ita
2520 1453 2675 1515 quod
2694 1451 3066 1515 jubilatioilla
3084 1452 3161 1502 sit
3177 1452 3239 1499 in
3260 1467 3380 1500 voce
3396 1452 3778 1500 exultatiom's.

2153 1523 2217 1574 Id
2242 1528 2351 1586 est,
2387 1537 2505 1574 non
2544 1523 2729 1574 solum
2754 1523 3205 1575 Deum‘laudate
3231 1522 3426 1583 corde,
3476 1523 3583 1572 sed
3605 1522 3777 1572 etiam

2154 1596 2438 1647 exultanti
2463 1609 2623 1647 voce.
2650 1594 2815 1645 Illum
2832 1594 2956 1645 aliis
2978 1594 3342 1645 annuntiate.
3370 1596 3445 1644 Et
3466 1594 3775 1657 subjungit

2154 1680 2422 1718 caussam
2448 1680 2622 1730 quare
2647 1666 2974 1717 laudandus
2998 1665 3093 1727 sit,
3121 1665 3351 1716 dicens:

2222 1738 2276 1791 3.
2305 1739 2577 1796 Quoniam
2602 1738 2888 1797 Dominus,
2916 1737 3053 1801 quia
3076 1737 3416 1788 dominatur
3439 1734 3604 1787 omni
3619 1746 3775 1784 crea-

2087 1830 2142 1905 B
2161 1805 3769 1905 se=est8"Sasiae?essetesseesset€-

2161 1881 2228 1930 Et
2255 1893 2324 1930 ne
2351 1880 2409 1930 in
2447 1882 2572 1943 ejus
2605 1880 2862 1930 bonitate
2897 1879 3199 1931 conﬁdatis
3234 1879 3283 1930 si
3314 1878 3473 1930 mala
3507 1878 3773 1939 feceritis,

2161 1951 2295 2013 quia
2315 1951 2437 2014 ipse
2457 1955 2543 2001 est
2562 1951 2813 1999 terribilis
2832 1950 3059 2001 futurus
3079 1951 3263 2015 judex
3283 1970 3293 1999 :
3315 1951 3523 2014 puniet
3547 1950 3770 2011 impios,

2159 2028 2203 2069 et
2224 2038 2320 2071 rem
2367 2022 2502 2085 quia
2527 2035 2666 2073 suos
2713 2022 3083 2085 spiritualiter
3122 2023 3269 2084 regit
3295 2034 3397 2085 per
3431 2023 3767 2085 potentiam.

2160 2094 2394 2156 Magnus
2428 2110 2589 2158 super
2621 2108 2833 2141 omnem
2872 2098 3073 2141 terram
3102 2108 3113 2142 :
3153 2094 3289 2156 quia
3318 2092 3481 2143 nulla
3517 2104 3651 2155 pars
3684 2098 3769 2141 est

2160 2171 2347 2227 terrai,
2380 2166 2475 2216 ubi
2520 2166 2641 2228 ipse
2675 2178 2793 2215 non
2826 2164 3167 2216 dominetur.
3195 2164 3294 2215 Ille
3336 2165 3434 2227 qui
3462 2163 3771 2214 videbatur

2159 2250 2375 2301 parvus
2388 2241 2443 2287 et
2458 2237 2788 2300 despectus,
2808 2236 2993 2285 factus
3005 2240 3096 2288 est
3113 2234 3381 2286 terribilis
3399 2240 3457 2285 et
3470 2235 3767 2284 excelsus:

2165 2314 2221 2361 et
2246 2310 2345 2371 qui
2369 2314 2487 2359 erat
2522 2312 2747 2358 tantum
2774 2307 2831 2356 in
2850 2319 3022 2371 regno
3038 2307 3395 2363 Judmorum,
3418 2306 3541 2369 jam
3569 2310 3769 2369 regnat

2163 2392 2336 2443 super
2359 2392 2589 2431 omnem
2607 2383 2834 2429 terram.
2863 2379 2988 2428 Non
3014 2377 3094 2427 illi
3120 2377 3525 2429 suﬂicitunam
3546 2380 3767 2427 tantum

2160 2454 2388 2514 gentem
2410 2451 2621 2501 habere
2648 2450 2756 2500 sub
2781 2461 2870 2500 se:
2895 2449 3024 2499 ideo
3055 2452 3279 2500 tantum
3308 2449 3557 2513 pretium
3589 2462 3662 2499 ex
3690 2449 3769 2498 la—

2161 2529 2279 2574 tere
2317 2522 2492 2583 dedit,
2542 2525 2606 2571 ut
2640 2524 2857 2571 emeret
2901 2520 3096 2571 orbem
3134 2523 3435 2573 terrarum.
3472 2519 3605 2570 Ideo
3628 2532 3767 2569 voce

2160 2594 2601 2660 praedicatorum
2633 2591 2900 2642 subditur
2928 2610 2938 2638 :

2225 2666 2273 2719 4.
2292 2664 2520 2728 Subjeeit
2543 2663 2788 2727 populos,
2822 2662 2879 2713 id
2903 2667 3010 2722 est,
3035 2661 3294 2723 Judaeos,
3328 2662 3500 2719 nobis,
3525 2668 3571 2709 et
3594 2667 3768 2723 gentes

2160 2737 2255 2786 sub
2277 2736 2497 2801 pedibus
2521 2735 2731 2783 nostris.
2761 2733 2893 2784 Ideo
2918 2733 3073 2795 dicit,
3093 2734 3202 2782 Sub
3226 2734 3466 2797 pedibus,
3704 2739 3765 2782 ut

2162 2806 2552 2859 omnimodam
2580 2804 2939 2855 subditorum
2955 2804 3343 2855 humilitatem
3356 2805 3761 2867 intelligamus.

2160 2879 2251 2929 Sic
2263 2878 2417 2929 enim
2442 2876 2721 2926 Dominus
2736 2874 3021 2926 ordinavit
3037 2875 3375 2935 Ecclesiam,
3397 2880 3466 2926 ut
3486 2875 3627 2925 alios
3656 2874 3760 2923 vel-

2132 2949 2239 3000 ‘let
2275 2961 2403 3000 esse
2449 2946 2735 3011 praelatos,
2774 2945 2916 2995 alios
2950 2945 3232 2996 subditos.
3274 2947 3443 2999 Unde
3484 2951 3539 2996 et
3568 2947 3624 2996 in
3653 2945 3760 2996 alio

2160 3021 2380 3086 psalmo
2397 3020 2593 3069 dicunt
2611 3017 2882 3079 subjecti:
2912 3017 3443 3068 Posuistihomines
3468 3031 3641 3081 super
3673 3031 3761 3067 ca-

2157 3094 2483 3157 pitanostra
2501 3090 2661 3150 (Psal.
2686 3088 2811 3151 65.).
2835 3087 3207 3139 Prmlatorum
3235 3089 3490 3139 ofﬁcium
3504 3094 3591 3139 est
3613 3102 3755 3152 prae-

2157 3165 2363 3226 dicare,
2398 3174 2647 3220 monere,
2667 3160 2973 3220 corrigere:
2992 3164 3050 3210 et
3072 3159 3134 3210 in
3159 3160 3432 3211 Ecclesiis
3454 3161 3657 3211 Christi
3674 3161 3755 3210 vi-

447 3230 907 3310 alibinoveratis,
937 3232 1107 3281 etiam
1123 3232 1799 3310 commonitiruminatis.
1824 3234 1967 3281 Nam
1995 3236 2051 3282 et
2077 3241 2124 3310 ρ
2152 3249 2249 3286 ces
2286 3237 2475 3285 tenere
2637 3232 2769 3279 Tim.
2807 3228 2898 3289 3.).
2945 3230 3347 3310 subjectorum
3392 3232 3639 3310 oilicium
3674 3236 3754 3310 est

446 3301 508 3353 in
533 3302 659 3365 ipsa
682 3303 1082 3363 ruminatione,
1120 3303 1180 3353 in
1204 3316 1316 3366 qua
1347 3303 1635 3367 signiﬁcat
1659 3306 1809 3354 Deus
1834 3304 2052 3355 munda

447 3373 735 3429 animalia,
774 3373 883 3423 hoc
926 3374 1107 3424 voluit
1141 3373 1450 3435 insinuare,
1478 3375 1613 3436 quia
1647 3376 1836 3425 omnis
1860 3375 2049 3435 homo,

450 3445 548 3508 qui
569 3443 750 3506 audit,
781 3444 862 3493 sic
886 3443 1131 3495 debetin
1165 3458 1260 3495 cor
1286 3445 1531 3505 mittere,
1565 3449 1629 3495 ut
1653 3458 1770 3495 non
1794 3447 1954 3508 piger
1979 3446 2053 3495 sit

448 3526 516 3565 ea
539 3514 814 3578 cogitare:
844 3517 905 3564 ut
928 3514 1160 3576 quando
1184 3514 1581 3578 audit,similis
1610 3517 1684 3566 sit
1706 3518 2049 3566 manducunti.

450 3585 591 3635 Cum
608 3588 797 3634 autem
821 3584 1018 3634 audita
1039 3585 1099 3635 in
1125 3587 1459 3635 memoriam
1488 3590 1732 3647 revocat,
1759 3592 1815 3636 et
1839 3586 2055 3649 cogita-

452 3655 607 3706 tione
629 3654 967 3705 dulcissima
992 3654 1186 3706 recolit
1205 3672 1216 3705 :
1238 3656 1336 3706 flat
1352 3656 1558 3706 similis
1577 3657 1907 3707 ruminanti.
1929 3657 2053 3709 Alio

448 3738 587 3777 vero
611 3726 781 3776 modo
810 3726 1008 3777 eadem
1046 3726 1336 3789 dicuntur,
1362 3732 1419 3777 et
1446 3727 1659 3777 faciunt
1684 3740 1790 3777 nos
1815 3727 2056 3779 dulciter

453 3797 723 3859 cogitare,
751 3808 884 3859 quae
909 3796 1182 3847 novimus
1210 3813 1220 3847 :
1242 3801 1299 3848 et
1320 3797 1519 3848 eadem
1540 3798 1663 3861 ipsa
1686 3798 1929 3849 libenter
1951 3811 2055 3850 au-

452 3868 572 3918 dire
598 3882 609 3918 :
640 3868 778 3931 quia
814 3868 1023 3917 modus
1048 3868 1275 3918 dicendi
1310 3869 1575 3933 variatur,
1613 3872 1671 3921 et
1695 3882 1785 3921 res
1817 3870 2057 3934 antiqua

451 3941 576 4003 ipso
601 3940 772 3990 modo
802 3940 1027 3990 dicendi
1062 3945 1384 3992 renovatur.

616 4053 788 4123 232
846 4046 1214 4111 TITULUS
1274 4047 1598 4111 PSALMI
1642 4048 1878 4113 XLVI.

524 4186 574 4246 1._
594 4183 793 4246 Titulus
818 4182 998 4246 psalmi
1016 4185 1099 4246 _sic
1125 4184 1271 4229 habet
1296 4199 1306 4230 :
1328 4183 1392 4230 In
1403 4184 1586 4243 ﬁnem,
1603 4198 1702 4245 pro
1716 4184 1846 4246 ﬁliis
1865 4184 2054 4245 Chore,

453 4243 698 4307 psalmus
718 4244 824 4309 ipsi
850 4244 1043 4293 David.
1064 4246 1288 4292 Psalmus
1314 4248 1406 4292 iste
1419 4243 1656 4294 convenit
1681 4243 1832 4295 David
1848 4243 2057 4309 prophe-

456 4314 537 4369 ιω,
564 4309 653 4365 qui
682 4310 764 4354 hic
788 4308 1077 4365 loquiturin
1098 4322 1312 4367 persona
1325 4310 1691 4367 Apostolorum.
1708 4308 2055 4358 Psalmusdico

452 4371 744 4429 propositus
759 4370 879 4415 ﬁliis
897 4370 1071 4429 Chore,
1097 4372 1300 4416 directis
1328 4385 1414 4429 per
1442 4373 1531 4417 hoc
1557 4372 1615 4417 in
1639 4373 1820 4432 ﬁnem.
1857 4376 2057 4420 Materia

451 4434 770 4479 estChristus
787 4433 1081 4481 ascendens.
1110 4433 1197 4478 Vel
1224 4435 1429 4478 materia
1455 4440 1573 4479 sunt
1598 4434 1777 4481 Gentes
1799 4449 2055 4487 conversa}

452 4494 863 4552 seilicetipsiﬁlii
880 4495 1056 4555 Chore,
1073 4496 1160 4554 qui
1180 4500 1298 4540 sunt
1321 4496 1415 4540 filii
1433 4496 1637 4545 Christi.
1666 4499 1717 4542 In
1745 4499 1905 4556 prima
1918 4505 2054 4556 parte

451 4561 619 4601 monet
647 4569 736 4602 nos
765 4570 939 4602 omnes
968 4557 1027 4601 ad
1053 4556 1251 4603 laudem
1277 4557 1381 4606 Dei.
1402 4558 1457 4602 In
1482 4559 1701 4604 secunda
1713 4560 2051 4605 (lesr'ribitre-

453 4630 609 4675 gnum
628 4617 811 4663 Christi
840 4632 927 4676 per
952 4620 1298 4665 ascensionem
1323 4620 1450 4677 ejus.
1480 4621 1695 4666 Intendit
1721 4628 1885 4668 autem
1911 4623 2052 4670 invi-

456 4684 557 4724 tare
570 4679 630 4723 ad
656 4679 830 4726 laudes
853 4681 957 4727 Dei.
980 4680 1069 4725 Pro
1096 4681 1217 4726 iiliis
1250 4682 1406 4728 Chore
1422 4682 1649 4741 psalmus
1665 4688 1905 4732 cantatur.
1926 4686 2050 4741 Ergo

454 4753 544 4797 pro
557 4741 860 4803 Christianis
882 4745 1107 4787 cantatus
1129 4749 1218 4790 est.
1234 4744 1513 4790 Audiamus
1536 4745 1671 4790 enim
1700 4751 1933 4803 tanquam
1956 4747 2049 4792 ﬁlii

453 4801 803 4861 sponsiillius,
822 4816 971 4861 quem
998 4805 1139 4860 pueri
1161 4805 1471 4854 insensatiin
1498 4806 1739 4853 Calvaria}
1764 4801 1867 4853 loco
1888 4810 2055 4854 cruri-

454 4864 673 4908 ﬁxerunt
709 4861 891 4921 (Joan.
934 4863 1045 4924 19.).
1074 4866 1150 4911 Illi
1178 4881 1294 4913 vero
1320 4874 1615 4915 meruerunt
1638 4883 1665 4912 τι
1702 4869 1877 4916 bestiis
1901 4872 2055 4920 devo-

453 4925 552 4970 rari
576 4935 695 4987 :ynos
720 4925 781 4969 ab
805 4927 1000 4984 angelis
1024 4930 1269 4979 coronari.
1290 4932 1768 4987 Agnoscimusenim
1798 4933 2053 4978 humilita-

456 4992 549 5051 tem
576 4986 774 5051 Domini
802 4990 978 5051 nostri,
1006 4995 1051 5034 et
1086 5003 1185 5036 non
1220 4992 1281 5037 do
1306 4992 1394 5037 illa
1417 4992 1780 5041 erubescimus.
1807 4996 1909 5040 Non
1935 5009 2054 5040 eru-

454 5048 706 5113 bescimus
731 5050 891 5097 deillo
904 5048 1151 5110 appellato
1180 5056 1390 5111 mystice
1414 5054 1574 5113 calvo,
1600 5061 1798 5112 propter
1823 5058 2052 5103 calvaria:

454 5110 638 5176 locum.
656 5113 764 5176 Ipsa
778 5114 913 5159 enim
932 5128 1072 5174 crux,
1102 5116 1155 5159 in
1181 5110 1368 5172 quailli
1390 5110 1796 5175 insultatumﬁest,
1816 5132 1915 5164 non
1941 5132 2056 5176 per-

453 5174 598 5238 misit
628 5174 817 5221 calvam
844 5190 952 5222 essc
988 5177 1200 5221 frontem
1234 5181 1472 5238 nostram,
1506 5191 1658 5235 quam
1692 5174 1957 5237 suo'signo—
1976 5182 2053 5227 si-

454 5237 643 5305 gnavit.
673 5238 915 5305 Denique,
952 5242 1007 5283 ut
1046 5239 1306 5299 noveritis,
1340 5240 1463 5298 quia
1496 5239 1641 5285 nobis
1665 5240 1903 5289 dicuntur
1926 5244 2052 5305 hinc,

454 5297 615 5343 videto
642 5300 765 5358 quid
790 5300 887 5345 dici
898 5305 993 5348 tur.

893 5343 1293 5450 PsALMUS
1370 5343 1607 5452 X‘LVI.

516 5498 567 5572 27.
591 5500 782 5550 Omnes
792 5508 967 5565 gentes
978 5503 1221 5568 plaudite
1237 5504 1507 5555 manibus.
1524 5507 1794 5570 Nunquid
1808 5508 2054 5572 populus

454 5569 790 5622 Judzeorum
810 5587 1011 5624 omnes
1032 5581 1236 5638 gentes
1261 5580 1423 5627 erant
1441 5577 1547 5630 (Eae
1562 5569 1925 5641 nummum-2
1944 5580 2052 5629 Sed

457 5642 686 5692 caecitas
702 5656 773 5693 ex
790 5650 948 5707 parte
969 5646 1029 5696 in
1062 5648 1235 5698 Israel
1270 5648 1418 5698 facta
1442 5653 1548 5711 est,
1577 5654 1641 5699 ut
1667 5652 1823 5711 pueri
1860 5653 2054 5699 insen-

458 5711 566 5761 sati
589 5711 923 5778 clamarent,
953 5717 1139 5781 Calve,
1167 5719 1335 5771 Calve
1372 5719 1438 5783 (4.
1476 5720 1604 5784 Reg.
1632 5718 1701 5783 ‘2.)
1732 5736 1743 5771 :
1776 5725 1949 5783 atque
1975 5721 2053 5772 ita

2150 3305 2370 3359 audire.
2393 3303 2643 3361 obedire,
2669 3313 2897 3351 omnem
2914 3301 3339 3364 subjectionem
3370 3302 3621 3366 praelatis
3638 3303 3752 3352 suis

2151 3376 2445 3439 tamquam
2470 3374 2578 3437 ipsi
2614 3372 2853 3423 Domino
2878 3372 3097 3423 Christo
3131 3373 3408 3424 exhibere
3440 3374 3611 3435 (Hebr.
3640 3374 3751 3431 13

2151 3449 2351 3511 Neque
2378 3446 2531 3497 enim
2548 3444 2700 3507 quod
2723 3443 2956 3494 dicunt:
2980 3443 3211 3507 Subjecit
3244 3445 3476 3508 populos
3501 3446 3662 3504 nobis,
3687 3459 3751 3495 ex

2153 3532 2261 3570 sua
2287 3528 2529 3580 persona
2542 3516 2648 3566 hoc
2666 3514 2892 3565 dicunt:
2921 3514 3023 3565 sed
3051 3528 3124 3566 ex
3148 3518 3277 3578 ejus
3302 3529 3571 3579 persona,
3596 3519 3750 3580 cujus

2152 3588 2536 3641 ministerium
2554 3591 2751 3649 agunt.
2780 3587 2926 3636 Hinc
2950 3588 3154 3638 Petrus
3179 3589 3469 3650 quosdam
3496 3589 3749 3640 admonet

2154 3662 2353 3712 dicens
2390 3676 2400 3710 :
2439 3658 2691 3721 Subjecti
2738 3660 2922 3708 estote
2968 3658 3126 3709 omni
3161 3659 3441 3711 humanae
3490 3666 3749 3712 creatum

2154 3730 2701 3798 prOpterDominum
2724 3728 2944 3791 (LPctr.
2970 3728 3060 3793 9.).
3080 3729 3183 3781 Illa
3212 3733 3419 3794 utique
3440 3745 3573 3795 quas
3606 3745 3749 3797 prop-

2155 3806 2437 3854 terDeum
2457 3802 2522 3852 fit
2541 3800 2841 3864 subjectio,
2857 3813 2973 3851 non
2987 3806 3103 3851 tam
3117 3802 3749 3854 hominibusexhibetur

2157 3886 2331 3937 quam
2360 3876 2489 3924 I‘eo.
2517 3875 2580 3923 In
2612 3885 2678 3922 eo
2704 3884 2837 3936 ergo
2866 3873 3019 3934 quod
3046 3872 3457 3936 praedicatores
3484 3874 3660 3924 sancti
3681 3875 3749 3924 di-

2156 3950 2295 3995 cunt
2314 3961 2325 3995 :
2343 3944 2571 4006 Subjrcit
2586 3944 2813 4007 populos
2828 3943 2992 4005 nobis,
3020 3949 3171 4007 etgen
3183 3950 3253 3992 tes
3276 3946 3375 3993 sub
3393 3948 3537 4009 pedi!
3556 3962 3612 3993 us
3633 3962 3746 3994 nos-

2157 4016 2283 4064 tris:
2316 4026 2683 4077 nequaquam
2710 4014 2787 4065 ita
2812 4013 3251 4077 intelligendum
3282 4022 3390 4075 est,
3416 4022 3485 4067 ut
3516 4018 3619 4067 subi
3640 4017 3747 4067 vel—

2154 4085 2271 4137 lent
2287 4087 2394 4137 hoc
2407 4086 2757 4136 adscribere:
2773 4098 2904 4136 cum
2922 4086 3239 4148 Apostolus
3256 4087 3470 4138 Paulus
3484 4088 3746 4149 quosdam

2154 4157 2417 4209 volentes
2442 4157 2491 4207 ei
2518 4156 2723 4219 subjici
2748 4161 3050 4219 tamquam
3076 4157 3314 4217 homini,
3333 4160 3652 4219 redurguat,
3669 4158 3747 4208 di—

2155 4242 2317 4279 cens:
2343 4228 2630 4290 Numquid
2661 4227 2869 4278 l'aulus
2887 4228 3197 4279 cruciﬁxus
3222 4230 3313 4279 est
3336 4243 3441 4292 pro
3460 4232 3638 4289 vobis,
3658 4234 3747 4279 aut

2154 4299 2217 4350 in
2235 4299 2467 4350 nomine
2487 4298 2931 4362 Paulibaptizati
2957 4299 3097 4349 estis
3131 4299 3198 4363 (1.
3232 4300 3339 4349 Cor
3362 4302 3468 4362 1.)?
3488 4304 3604 4351 Son
3628 4313 3744 4358 ergo

2154 4370 2214 4420 in
2238 4372 2347 4421 hoc
2375 4370 2543 4420 verbo
2567 4369 2786 4432 seipsos
2817 4374 3095 4433 appetunt
3118 4373 3549 4425 commendare.
3582 4372 3671 4422 sed
3692 4371 3745 4420 il-

2154 4441 2274 4493 lum
2300 4441 2506 4505 potius,
2532 4442 2699 4504 cujus
2725 4442 3037 4491 auctoritas
3053 4441 3243 4491 eratin
3258 4442 3401 4505 ipsis
3430 4461 3440 4489 :
3471 4443 3560 4493 cui
3583 4443 3741 4504 magis

2156 4513 2527 4565 obediebatur
2552 4525 2650 4575 per
2684 4512 2864 4577 ipsos,
2890 4524 3067 4576 quam
3092 4512 3251 4576 ipsis.
3294 4515 3551 4575 Quorum
3574 4513 3740 4565 adhuc

2081 4604 2138 4676 D
2158 4598 2299 4676 νοξθ
2326 4584 2694 4676 Ξίὲξλέἒηὲἷξῗῖ
2722 4600 2734 4632 ³

2218 4655 2266 4708 5.
2317 4655 2487 4717 Elegit
2532 4654 2683 4703 nobis
2729 4655 3087 4704 hzereditatem
3119 4670 3301 4706 suam.
3350 4656 3531 4720 Idest,
3566 4659 3742 4719 gentes

2156 4726 2328 4792 elegit
2344 4726 2509 4777 nobis
2530 4725 2584 4775 in
2600 4726 2997 4777 hmreditatem
3021 4727 3344 4777 sociandas.
3365 4727 3472 4778 Vel
3484 4728 3646 4791 elegit
3663 4738 3745 4776 no-

2154 4799 2263 4857 bis,
2298 4803 2362 4849 ut
2385 4810 2493 4847 nos
2522 4798 2909 4849 subsistentes
2944 4798 3067 4849 loco
3103 4799 3308 4861 ipsius,
3342 4799 3405 4848 in
3431 4798 3741 4850 haereditate

2154 4871 2487 4922 excolamus
2506 4881 2650 4931 eam,
2673 4871 2871 4935 spinas
2889 4870 3157 4921 vitiorum
3170 4871 3489 4922 auferendo
3509 4889 3519 4918 ε
3538 4880 3740 4921 vomere

2154 4939 2474 5003 disciplina:
2496 4941 2711 4991 arando
2727 4959 2739 4992 :
2755 4942 2977 4992 semina
2990 4941 3270 4992 virtutum
3294 4942 3593 4992 mittendo.
3612 4942 3667 4989 ln
3682 4951 3741 4989 eo

2154 5012 2309 5075 quod
2334 5010 2561 5071 dicitur,
2607 5010 2799 5074 Elegit,
2850 5012 3033 5075 gratia
3075 5012 3274 5064 divina
3307 5011 3739 5063 commendatur.

2152 5085 2331 5134 Juxta
2365 5082 2514 5145 quod
2554 5083 2676 5146 ipse
2710 5088 2908 5134 auctor
2930 5084 3130 5146 gratia:
3161 5086 3287 5134 suis
3308 5084 3481 5134 dicit:
3512 5085 3627 5133 Non
3650 5093 3740 5131 vos

2153 5167 2245 5205 me
2270 5154 2544 5217 elegistis,
2573 5153 2675 5204 sed
2701 5166 2805 5217 ego
2820 5154 2962 5219 elegi
2981 5168 3082 5207 vos
3107 5156 3293 5217 (Joan.
3328 5154 3607 5218 ‘13.).Quaa
3625 5165 3739 5217 gra-

2154 5225 2233 5275 tia
2266 5224 2449 5287 magis
2476 5224 2817 5281 declaratur.
2847 5239 2979 5275 cum
3015 5226 3318 5277 subditur:
3346 5227 3579 5291 Speciem
3598 5221 3735 5273 Jacob

2154 5310 2314 5360 quem
2366 5295 2573 5346 dilexit.
2628 5298 2754 5346 Duo
2803 5296 3004 5347 fratres
3046 5302 3227 5360 erant,
3280 5299 3461 5349 Jacob
3513 5300 3568 5348 et
3608 5297 3733 5345 Esau

2155 5365 2300 5426 (Gen.
2337 5365 2442 5427 €25.)
2483 5370 2915 5431 :etantequam
2961 5368 3181 5430 aliquid
3214 5370 3481 5431 egissent
3522 5367 3641 5418 boni
3660 5363 3733 5414 vel

2154 5438 2306 5499 mali,
2336 5437 2413 5486 ait
2437 5438 2751 5488 Dominus:
2776 5440 2954 5488 Jacob
2990 5439 3183 5497 dilexi,
3227 5442 3381 5491 Esau
3409 5443 3592 5491 autem
3624 5435 3733 5487 odio

2152 5508 2327 5558 habui
2369 5509 2622 5568 (Mutavit.
2676 5508 2721 5560 1.
2748 5510 2897 5560 Rom.
2939 5509 3030 5571 9.).
3058 5511 3163 5561 Per
3184 5512 3368 5561 Jacob
3392 5524 3528 5575 ergo
3560 5506 3729 5559 intelli-

2152 5583 2372 5640 guntur
2384 5580 2567 5641 gratia
2584 5578 2766 5629 electi.
2811 5579 2992 5643 Elegit
3013 5581 3205 5644 itaque
3222 5584 3504 5632 Dominus
3520 5579 3725 5631 szweciem

2152 5652 2515 5711 Jacobqucm
2548 5651 2747 5699 dilexit
2771 5667 2781 5699 :
2818 5664 2935 5700 non
2960 5653 3096 5713 quia
3127 5658 3266 5703 tunc
3295 5667 3428 5704 esse
3453 5654 3725 5718 speciosus.

2158 5720 2391 5783 quando
2408 5724 2496 5771 est
2521 5721 2758 5783 electus,
2782 5727 2879 5772 aut
2897 5727 3127 5786 propter
3151 5725 3406 5788 speciem
3437 5737 3601 5789 quam
3621 5724 3725 5772 ante

526 5852 540 5870 ·
563 5845 827 5894 Fortasse
856 5855 1068 5899 t‘tlnlalo
1092 5866 1233 5904 rese;
1251 5854 1526 5907 ibeudum
1541 5858 1645 5919 est,
1674 5856 1884 5920 singuli
1901 5856 2049 5909 enim
2065 5856 2134 5908 de
2158 5855 2459 5908 monachis
2487 5856 2746 5921 singulos
2763 5856 3156 5922 praecinebant
3178 5861 3443 5915 Psalmos
3458 5874 3527 5913 ex
3551 5858 3730 5911 ordine.
