3908 6232
252 309 365 365 833

1268 314 1343 363 IN
1380 313 1700 366 PSALMOS
1734 314 1941 366 LXXV
1976 312 2558 366 COMMENTARIUS.

3455 313 3560 368 83/4

251 426 514 505 haberet,
542 428 698 505 esset
718 422 963 505 dilectus
998 438 1010 473 :
1042 423 1143 474 sed
1168 424 1324 505 illam
1356 428 1603 505 speciem
1614 428 1741 505 jam
1768 428 1856 479 di-
1881 432 1934 505 Α
1963 426 2117 505 quod
2144 426 2352 505 totiens
2379 424 2597 505 dictum
2623 430 2712 477 est
2729 425 2960 478 Psallitc.
2979 426 3559 505 Repetensinculcat,

248 498 471 560 ligebat
494 496 552 545 in
576 495 771 553 Jacob,
796 506 969 556 quam
994 508 1091 557 per
1106 497 1346 558 gratiam
1369 499 1736 561 postmodum
1754 506 1858 547 erat

249 566 627 618 daturus.Sic
650 565 821 627 elegit
844 565 949 615 sibi
965 565 1274 618 Ecclesiam
1292 581 1407 619 non
1433 571 1735 621 habentem
1763 587 1863 619 ma-

250 639 449 689 culam
474 642 574 688 aut
596 650 801 700 rugam
826 637 1037 699 (Ephes.
1066 636 1162 699 5.),
1190 653 1308 689 non
1335 641 1469 703 quia
1497 643 1865 692 essetimma-

251 709 712 772 culata,quantlo
739 712 828 757 est
849 708 1029 758 electa
1053 727 1062 755 2
1087 710 1188 760 sed
1204 712 1274 759 ad
1302 710 1409 761 hoc
1433 712 1603 776 elegit
1624 713 1859 774 fcedam,

251 786 325 831 ut
365 780 578 831 faceret
605 777 917 841 pulchram.
959 779 1178 832 Deinde
1218 782 1473 836 ostendit
1508 796 1624 846 quo
1662 784 1859 835 ordine

249 857 463 916 gentes
489 852 687 901 electae
717 851 851 913 sint,
882 863 1011 900 cum
1038 851 1162 913 subj
1174 852 1335 915 ungit
1362 870 1372 899 :

322 922 374 975 6.
401 922 648 972 Ascendit
665 921 806 968 Deus
830 921 890 968 in
909 920 1100 983 jubito.
1132 924 1277 972 Nam
1301 927 1433 986 post
1458 925 1859 976 ascensionem

249 995 479 1043 missus
503 994 592 1042 est
609 991 856 1055 Spiritus
881 996 1119 1043 sanctus
1146 994 1205 1043 in
1221 994 1530 1057 Apostolos
1547 996 1676 1058 (Act.
1695 996 1785 1058 2.),
1805 1001 1862 1048 et

248 1064 639 1127 praedicatum
678 1068 766 1113 est
792 1062 1065 1126 gentibus
1096 1064 1469 1128 Evangelium
1496 1067 1704 1126 (Matth.
1729 1065 1860 1130 ‘28.).

250 1136 320 1186 et
343 1135 425 1185 sic
451 1133 650 1185 electae
675 1138 828 1183 sunt.
856 1133 1000 1193 Quid
1025 1139 1116 1186 est
1140 1135 1244 1199 (Ea:
1261 1136 1585 1201 Augustino)
1608 1140 1859 1201 jubiletio,

248 1206 372 1257 nisi
394 1204 694 1256 admiratio
717 1204 931 1268 gaudii,
951 1217 1082 1267 quae
1099 1206 1290 1257 verbis
1314 1219 1432 1257 non
1466 1212 1658 1271 potest
1686 1209 1864 1273 expli-

250 1278 377 1328 cari
398 1279 426 1325 ‘?
456 1275 752 1338 Quomodo
777 1275 1042 1327 admirati
1073 1281 1211 1328 sunt
1233 1278 1572 1341 gaudentes,
1598 1280 1861 1331 videntes

250 1347 341 1397 ire
356 1350 419 1398 in
442 1348 651 1398 canum
674 1347 860 1407 (Marc.
880 1346 1009 1410 16.).
1029 1360 1207 1410 quem
1220 1348 1556 1413 planxerant
1571 1358 1823 1400 mortuum
1837 1355 1864 1401 ‘P

252 1421 486 1471 Revera
508 1419 642 1470 huic
664 1417 874 1481 gaudio
901 1420 1076 1469 verba
1090 1432 1208 1471 non
1230 1420 1574 1472 sufﬁcerent.
1590 1423 1865 1474 Restabat

246 1489 505 1554 jubilare
531 1489 685 1552 quod
710 1501 881 1540 nemo
904 1491 1446 1555 poteratexplicare.
1464 1492 1547 1542 Ibi
1567 1495 1861 1544 eratetvox

256 1563 444 1624 tubae,
483 1574 600 1612 vox
632 1559 729 1611 illa
764 1563 1119 1624 angelorum.
1147 1563 1374 1613 Dictum
1398 1564 1487 1614 est
1509 1564 1680 1621 enim,
1706 1565 1865 1616 Sicut

254 1634 405 1686 tuba
431 1632 625 1683 exalta
658 1644 861 1683 vocem
885 1637 1044 1682 tuam
1073 1631 1220 1695 (Isai.
1249 1632 1374 1696 38.).
1400 1634 1865 1686 Praedicaverunt

255 1704 470 1768 Angeli
512 1704 913 1754 ascensionem
943 1703 1189 1754 Domini.
1231 1704 1509 1755 Viderunt
1535 1716 1552 1734 ι·
1580 1705 1855 1770 Discipuli

252 1777 668 1827 ascendentem
692 1775 1015 1836 Dominum,
1034 1775 1320 1826 haerentes
1342 1774 1515 1841 234
1534 1778 1855 1836 admirantes,

184 1878 187 1879 ν
258 1849 586 1908 stupentes.
622 1844 762 1893 nihil
799 1844 1074 1905 dicentes,
1116 1845 1216 1895 sed
1243 1848 1411 1897 corde
1432 1845 1765 1910 jubilantes.
1792 1847 1861 1896 Et

260 1929 379 1969 vox
398 1917 518 1979 jam
535 1917 688 1966 tubas
714 1915 774 1965 in
801 1916 952 1966 clara
978 1928 1117 1967 voce
1141 1916 1519 1980 Angelorum:
1540 1918 1645 1970 viri
1666 1919 1859 1964 Galilaei

255 1988 401 2053 quid
444 1987 611 2038 statis
661 1987 1006 2049 aspicientes
1052 1987 1111 2037 in
1156 1989 1362 2039 caelum
1385 1993 1410 2039 ‘t
1447 1990 1539 2040 hic
1573 1991 1746 2040 Jesus
1772 1992 1863 2039 est

259 2061 394 2122 (Act.
428 2058 519 2123 1.).
564 2057 739 2118 Quasi
766 2057 847 2108 illi
879 2071 998 2109 non
1024 2059 1252 2123 scirent,
1279 2060 1416 2122 quia
1439 2061 1561 2124 ipse
1586 2065 1675 2113 est
1698 2062 1859 2107 Jesus.

256 2133 418 2182 Ante
455 2142 515 2180 se
554 2128 724 2193 paulo
755 2134 889 2180 ante
921 2142 1057 2180 eum
1080 2143 1197 2181 non
1222 2131 1538 2183 videbant?
1563 2143 1761 2181 secum
1784 2130 1861 2180 lo-

255 2205 537 2265 quentem
572 2213 689 2251 non
711 2200 1024 2251 audiebant
1049 2201 1227 2263 (Joan.
1256 2200 1342 2255 20.
1361 2203 1486 2253 Luc.
1513 2200 1655 2265 24.)?
1680 2203 1862 2261 Nempe

253 2284 379 2324 non
402 2271 589 2323 solum
608 2274 857 2335 speciem
883 2272 1154 2323 viderunt
1175 2273 1496 2336 praesentis,
1523 2273 1625 2324 sed
1641 2273 1864 2320 membra

252 2344 900 2406 contrectaverunt.1psi
916 2356 1051 2407 ergo
1070 2345 1425 2407 nesciebant,
1442 2345 1599 2408 quod
1617 2342 1709 2395 ille
1736 2349 1863 2391 esset

251 2417 283 2466 J
290 2429 433 2466 esus
457 2419 480 2464 ξ’
516 2415 624 2466 Sed
649 2414 1030 2466 admiratione
1056 2415 1077 2443 ⁸³
1100 2428 1221 2479 prae
1244 2415 1457 2479 gaudio
1482 2414 1860 2479 jubilationis,

251 2491 540 2550 tanquam
569 2490 775 2537 mente
791 2485 1054 2551 alienata,
1079 2486 1398 2549 loquuntur
1420 2488 1778 2552 Angeli,1pse
1792 2490 1866 2534 est

249 2560 284 2609 J
290 2570 447 2609 esus.
488 2558 605 2621 Ille,
643 2570 758 2620 quo
782 2557 1071 2620 cruciﬂxo,
1098 2563 1454 2610 nutaverant
1479 2558 1643 2610 vobis
1666 2557 1861 2621 pedes.

253 2632 384 2692 Quo
413 2629 602 2680 occiso
627 2634 685 2679 et
709 2628 949 2692 sepulto,
984 2641 1147 2693 spem
1172 2630 1336 2682 vobis
1359 2629 1679 2694 perdidisse
1704 2633 1865 2692 puta-

255 2701 414 2752 batis
452 2700 659 2765 (Matth.
709 2698 837 2763 26.).
876 2702 1020 2752 Ecce
1060 2702 1184 2765 ipse
1227 2705 1316 2752 est
1351 2703 1543 2752 Jesus.
1588 2700 1866 2750 Ascendit

254 2777 397 2823 ante
433 2784 538 2822 vos
564 2787 577 2821 :
605 2771 687 2821 sic
722 2772 932 2833 veniet,
960 2771 1454 2835 quemadmodum
1476 2772 1707 2823 vidistis
1729 2783 1865 2822 eum

256 2847 501 2895 euntem
538 2843 595 2893 in
633 2843 840 2894 caelum
874 2844 1005 2906 (Act.
1042 2842 1130 2905 1.).
1162 2842 1402 2894 Tollitur
1424 2843 1636 2907 quippe
1659 2855 1864 2906 corpus

256 2915 334 2966 ab
364 2914 545 2965 oculis
574 2914 807 2976 vestris,
833 2913 933 2964 sed
955 2926 1072 2965 non
1097 2916 1394 2979 separatur
1416 2917 1864 2966 Deusacordibus

264 2987 501 3039 vestris.
546 2988 692 3049 Ergo
738 2998 845 3037 vos
880 2985 981 3036 ﬁlii
1014 2988 1212 3045 Chore,
1243 2987 1365 3050 jam
1403 2986 1453 3037 si
1494 2986 1863 3038 intellexistis

263 3071 400 3119 vos,
442 3062 501 3108 et
533 3057 817 3122 inspicitis
838 3056 931 3107 hic
955 3070 1081 3122 vos,
1105 3062 1163 3110 et
1184 3058 1452 3122 gaudetis
1478 3059 1614 3122 quia
1637 3059 1865 3121 videtis,

262 3129 365 3181 hic
400 3141 522 3179 vos.

333 3200 387 3253 7.
418 3199 634 3287 Psatli‘te
666 3199 833 3287 bene
857 3199 1145 3287 operando
1181 3200 1286 3249 Deo
1318 3205 1527 3287 ‘nosl'fo,
1568 3201 1627 3252 id
1661 3194 1768 3287 est‘,
1791 3200 1864 3253 ad

261 3274 546 3324 honorem
580 3271 680 3321 Dei
705 3270 886 3321 nostri
912 3287 924 3321 :
949 3271 1157 3335 psallite
1178 3275 1387 3323 mente.
1434 3273 1503 3322 Et
1532 3285 1651 3323 non
1675 3273 1863 3323 solum

262 3342 631 3409 psallendum
664 3347 754 3394 est
785 3342 854 3401 ei,
882 3342 942 3393 in
965 3355 1031 3394 eo
1069 3343 1224 3406 quod
1248 3345 1402 3394 Deus
1426 3347 1539 3402 est;
1566 3344 1666 3394 sed
1692 3344 1867 3395 etiam

261 3418 328 3466 in
354 3428 423 3466 eo
449 3413 602 3477 quod
625 3414 798 3464 homo
828 3418 932 3465 est.
962 3415 1076 3465 Nec
1099 3414 1537 3477 qualiscumque
1552 3414 1745 3478 homo,
1765 3414 1867 3466 sed

264 3499 393 3537 rex.
434 3487 502 3536 Et
531 3484 660 3535 ideo
684 3484 1010 3548 subjungit:
1039 3485 1255 3533 Psallite
1276 3486 1390 3547 regi
1414 3491 1612 3543 nostro,
1636 3486 1866 3550 psallite.

264 3555 634 3608 Psallendum
662 3560 753 3607 est
776 3558 910 3619 Deo,
935 3556 1071 3618 quia
1098 3568 1205 3607 nos
1227 3555 1460 3607 creavit.
1498 3556 1868 3609 Psaiiendum

263 3633 378 3691 est,
405 3628 538 3690 quia
561 3641 669 3678 nos
693 3626 949 3678 redemit.
964 3628 1079 3677 Iste
1103 3639 1207 3677 rex
1226 3633 1318 3678 est
1341 3629 1517 3687 Deus,
1544 3630 1633 3678 est
1656 3628 1831 3679 homo
1854 3643 1865 3677 :

270 3701 429 3750 Deus
470 3703 602 3749 ante
638 3710 889 3760 carnem,
928 3699 1077 3748 Deus
1114 3698 1176 3748 in
1199 3710 1386 3750 carne.
1416 3698 1517 3749 Cui
1542 3700 1714 3749 etiam
1742 3699 1870 3751 ideo

266 3769 637 3834 psallendum
661 3774 752 3821 est
787 3783 798 3818 :

336 3840 387 3893 8.
426 3841 699 3898 Quoniam
721 3854 819 3888 reas
838 3840 1016 3888 omnis
1046 3845 1193 3888 terra:
1216 3841 1372 3889 Deus.
1407 3839 1553 3901 Quid
1578 3841 1730 3891 enim
1766 3840 1871 3903 (Ea:

268 3912 595 3975 Augustino)
614 3915 639 3962 ἢ
664 3914 733 3962 Et
756 3916 890 3962 ante
919 3924 1035 3962 non
1057 3912 1247 3963 omnis
1272 3916 1441 3963 terra;
1455 3913 1609 3963 Deus
1624 3914 1651 3961 ‘?
1668 3913 1872 3964 Nonne

268 3988 331 4036 et
354 3983 481 4035 cteli
505 3988 561 4034 et
588 3987 750 4035 terra:
779 3984 966 4033 Deus?
990 3986 1130 4034 Cum
1149 3995 1247 4045 per
1270 3983 1424 4032 illum
1449 3982 1597 4033 facta
1617 3984 1733 4034 sint
1749 3996 1872 4034 om-

268 4056 390 4117 nia,
416 4054 554 4117 quid
593 4056 789 4118 posset
813 4054 999 4104 dicere
1027 4066 1146 4104 non
1169 4065 1294 4103 esse
1320 4055 1504 4104 Deum
1532 4056 1739 4103 suum?
1763 4052 1872 4103 Sed

268 4140 395 4177 non
417 4138 615 4176 omnes
638 4124 902 4176 homines
926 4128 1282 4187 agnoverant
1304 4126 1488 4175 Deum
1504 4128 1767 4185 suum,et
1783 4126 1870 4171 ubi

267 4198 714 4261 agnoscebatur,
733 4197 897 4259 quasi
921 4196 999 4246 ibi
1024 4200 1250 4247 tantum
1276 4197 1430 4245 Deus
1454 4200 1593 4246 erat.
1614 4196 1797 4246 Notus
1812 4195 1872 4245 in

265 4271 297 4320 J
311 4269 477 4319 udzea
500 4270 652 4318 Deus
680 4266 838 4332 (Psat.
880 4265 1010 4325 75.).
1050 4266 1319 4316 Nondum
1343 4274 1361 4293 ο
1385 4264 1483 4316 lilii
1508 4265 1690 4316 Chore
1719 4265 1874 4316 dice-

270 4341 435 4399 bant,
460 4339 675 4390 Omnes
698 4343 896 4403 gentes
921 4337 1172 4402 plaudite
1188 4337 1478 4387 manibus.
1500 4339 1533 4387 J
1538 4349 1632 4387 am
1654 4338 1727 4388 ab
1751 4349 1875 4387 om-

265 4412 447 4463 nibus
467 4410 816 4474 agnoscitur,
831 4410 965 4472 quia
978 4408 1275 4472 impletum
1294 4411 1383 4459 est
1405 4407 1558 4470 quod
1571 4407 1707 4458 dicit
1720 4411 1872 4456 Isaias

266 4485 405 4547 Ipse
436 4483 588 4533 Deus
610 4485 766 4543 tuus,
792 4481 891 4543 qui
918 4480 1067 4531 eruit
1094 4484 1165 4540 te,
1196 4480 1486 4532 universa:
1521 4484 1686 4530 terrae
1720 4481 1872 4531 Deus

265 4553 588 4607 vocabitur.
616 4552 749 4603 Ideo
764 4551 1215 4603 subdit:Psallite
1236 4550 1523 4614 sapienter,
1540 4550 1707 4613 idest,
1728 4552 1873 4603 bene

273 4623 614 4689 operamini,
644 4636 763 4674 non
784 4633 889 4685 pro
917 4622 1179 4685 terrenis,
1202 4634 1275 4673 ne
1300 4621 1425 4672 sitis
1464 4623 1875 4686 comparabiles

265 4696 449 4747 fatuis
460 4694 932 4758 virginibusque}:
946 4693 1287 4757 accipientes
1302 4693 1597 4756 lampades
1614 4706 1750 4745 suas
1764 4709 1867 4742 non

268 4770 615 4818 sumserunt
646 4765 837 4817 oleum
860 4777 1056 4815 secum
1079 4766 1140 4814 in
1166 4764 1322 4816 vasis
1350 4765 1472 4815 suis
1504 4765 1711 4828 (Matth.
1738 4763 1867 4827 25.).

266 4841 382 4889 Per
403 4850 503 4888 eas
540 4837 693 4889 enim
718 4836 1098 4899 designantur
1126 4836 1336 4887 animae
1364 4848 1495 4899 quas
1520 4836 1874 4889 continenter

266 4910 500 4971 vivunt,
526 4913 583 4960 et
606 4910 756 4959 bona
767 4919 937 4971 opera
954 4919 1083 4969 quae
1097 4920 1195 4970 per
1206 4907 1500 4971 lampades
1522 4911 1874 4973 designantur,

265 4979 507 5032 faciunt.
534 4979 644 5030 Sed
671 4979 811 5030 dum
836 4978 968 5029 inde
984 4978 1313 5030 hominibus
1339 4983 1620 5042 appetunt
1635 4978 1873 5044 placere,

268 5052 465 5103 oleum
488 5052 549 5101 in
575 5052 750 5112 vasis,
775 5050 942 5110 idest,
960 5050 1205 5103 nitorem
1221 5052 1416 5114 gloria
1431 5051 1489 5100 in
1505 5052 1876 5103 conscientiis

264 5123 573 5187 negligunt
604 5122 830 5174 habere.
878 5121 1043 5173 Tales
1083 5123 1350 5173 videntur
1372 5124 1491 5173 Deo
1529 5122 1786 5186 psallere,
1818 5125 1876 5175 in

268 5208 339 5246 eo
365 5194 522 5258 quod
546 5196 697 5246 bona
720 5198 932 5258 agunt:
955 5193 1053 5244 Sed
1076 5192 1415 5256 insipienter
1444 5193 1716 5258 psallunt,
1742 5196 1878 5257 quia

269 5267 472 5318 eadem
503 5268 654 5317 bona
678 5279 777 5330 per
799 5267 1029 5317 inanem
1048 5266 1285 5329 gloriam
1303 5265 1597 5316 amittunt.
1618 5270 1879 5325 Sapienter

278 5351 417 5402 ergo
441 5338 700 5401 psallere,
724 5341 813 5388 est
835 5342 989 5389 recta
1012 5349 1197 5401 agere,
1223 5340 1281 5387 et
1313 5337 1383 5387 de
1407 5337 1552 5399 ipsis
1574 5337 1750 5387 rectis
1768 5352 1880 5397 ope-

270 5409 435 5460 ribus
466 5408 571 5459 soli
597 5410 712 5461 Deo
740 5407 890 5460 velle
906 5409 1145 5473 placere.
1175 5410 1299 5460 Non
1319 5410 1407 5459 est
1432 5412 1624 5458 autem
1639 5410 1878 5467 otiosum,

341 5562 359 5581 ·
384 5551 796 5604 Emendandus
822 5553 1029 5604 iterum
1056 5553 1327 5617 vulgatus
1364 5550 1753 5615 Augustinus,
1783 5552 1882 5616 qui

273 5625 505 5689 praefert
543 5623 657 5676 alio
704 5637 900 5688 sensu,
945 5624 1234 5688 discipulos
1252 5623 1601 5673 adscendente
1622 5622 1878 5672 Domino.

276 5695 605 5747 Concinunt
624 5696 860 5747 Auctori
882 5700 1077 5747 nostro
1110 5700 1169 5748 et
1194 5707 1410 5748 novem
1433 5695 1567 5746 Mss.
1602 5705 1748 5757 quos
1772 5694 1884 5759 ipsi

280 5769 638 5822 Benedictini
668 5768 927 5820 Editores
954 5768 1207 5820 laudant.
1234 5768 1478 5822 Inferius
1512 5768 1785 5820 Nostrum
1810 5780 1884 5820 ex

286 5843 383 5895 illo
395 5843 532 5895 resti
540 5842 759 5895 tuimus
769 5842 838 5894 ad
844 5840 1031 5904 posita
1043 5840 1426 5908 interrogandi
1443 5854 1543 5909 pro
1559 5839 1885 5893 afﬁrmandi

1901 4578 1957 4651 D

1963 503 2029 550 ut
2065 498 2256 550 tardos
2288 496 2499 548 excitet
2523 514 2536 546 :
2556 497 2823 560 frequens
2849 510 3075 561 quoque
3098 499 3364 562 repetitio
3398 502 3557 563 ejus-

1961 570 2093 621 dem
2133 569 2312 629 vocis,
2350 567 2545 618 nimiaa
2582 568 2885 619 inculcatio
2918 571 3007 620 est
3024 569 3425 632 jucunditatis.
3454 572 3558 623 Vel

1963 641 2269 704 quinquies
2294 638 2504 702 psallite
2518 638 2591 688 ad
2610 640 2865 702 quinque
2891 653 3099 691 sensus
3123 641 3376 705 corporis
3390 658 3562 703 pussu-

1961 725 2093 763 mus
2126 711 2333 762 referre
2359 724 2371 760 :
2400 713 2463 761 ut
2488 708 2753 761 videlicet
2778 710 2989 774 visum,
3011 712 3559 777 auditum,gustum,

1961 783 2266 835 odoratum
2308 786 2367 833 et
2415 785 2634 833 tactum
2681 785 2974 832 vertamus
3014 782 3073 832 in
3108 784 3323 834 bonum
3364 796 3560 835 usum.

1961 853 2178 906 Deinde
2203 852 2453 905 ostendit
2476 851 2767 915 quomodo
2794 851 2869 902 sit
2891 864 2990 902 rex
3017 854 3203 905 omnis
3227 856 3412 918 terrai,
3429 868 3562 907 cum

1964 925 2161 977 subdit
2187 941 2199 975 :

2026 996 2075 1049 9.
2107 995 2365 1058 Regnavit
2405 994 2543 1043 Deus
2572 1008 2734 1057 super
2755 996 2946 1056 gentes.
2973 994 3043 1043 Et
3063 1005 3136 1045 ne
3165 994 3371 1057 aliquis
3394 996 3561 1047 intel-

1962 1066 2179 1131 ligeret,
2206 1066 2455 1117 utetiam
2478 1065 2537 1115 in
2560 1065 2727 1116 malis
2753 1068 3038 1128 regnaret,
3070 1062 3242 1130 235
3264 1068 3563 1115 determinat

1963 1138 2061 1201 ita,
2084 1138 2223 1187 Deus
2256 1137 2390 1185 sedet
2413 1152 2573 1200 super
2596 1136 2769 1184 sedem
2792 1138 3035 1184 sanctam
3064 1151 3239 1183 suam.
3269 1135 3333 1186 Id
3356 1141 3462 1200 est,
3487 1137 3567 1189 ita

1965 1214 2169 1273 regnat
2193 1209 2250 1259 in
2264 1208 2555 1271 gentibus,
2574 1211 2639 1258 ut
2656 1211 2852 1258 tamen
2866 1206 2927 1256 in
2944 1208 3163 1265 sanctis
3175 1211 3424 1258 maneat.
3442 1210 3565 1256 Inde

1966 1282 2247 1344 scriptum
2265 1284 2373 1331 est.
2391 1280 2600 1329 Anima
2611 1278 2751 1341 justi
2770 1277 2937 1329 sedes
2948 1281 3037 1328 est
3051 1280 3315 1338 sapientiae
3338 1277 3562 1341 (Sap.7).

1964 1351 2073 1402 Ubi
2096 1363 2233 1413 ergo
2258 1350 2537 1414 regnabat
2559 1349 2841 1411 diabolus,
2868 1347 3039 1398 modo
3059 1352 3264 1411 regnat
3282 1347 3564 1400 Christus.

1963 1422 2063 1473 Ille
2081 1422 2356 1485 regnabat
2379 1434 2478 1484 per
2498 1419 2843 1484 superbiam,
2870 1431 2970 1482 per
2990 1418 3566 1484 luxuriam,periram,

1964 1497 2022 1545 et
2045 1506 2145 1557 per
2170 1491 2322 1544 vitia.
2350 1494 2466 1542 Iste
2488 1494 2688 1554 regnat
2712 1503 2811 1554 per
2832 1489 3239 1553 humilitatem,
3266 1503 3368 1553 per
3391 1490 3566 1542 casti-

1966 1568 2163 1626 tatem,
2189 1575 2288 1627 per
2310 1561 2841 1619 mansuetudinem,
2867 1563 2924 1610 et
2948 1573 3046 1623 per
3070 1565 3308 1612 caeteras
3319 1564 3563 1611 virtutes:

1966 1636 2031 1686 ut
2061 1637 2181 1697 jam
2220 1646 2337 1685 non
2362 1633 2544 1683 simus
2568 1633 2722 1683 servi
2745 1630 2979 1694 peccati,
3006 1630 3108 1681 sed
3129 1630 3290 1683 liberi
3317 1632 3564 1694 justitite

1959 1706 2126 1770 (Rom.
2175 1704 2265 1766 6.).
2308 1705 2361 1755 Si
2387 1704 2512 1755 haec
2545 1703 2792 1767 agimus,
2818 1702 3035 1753 erimus
3064 1714 3309 1765 regnum
3348 1703 3479 1767 Dei,
3507 1707 3567 1754 et

1886 1800 1938 1873 B
2164 1774 2557 1873 Exponit
2579 1773 2870 1837 quomodo
2894 1772 3111 1824 factum
3153 1773 3244 1833 sit,
3272 1778 3337 1825 ut
3362 1778 3567 1839 regnet

1966 1860 2140 1912 super
2164 1850 2387 1909 gentes.

2026 1918 2111 1973 10.
2138 1919 2415 1982 Principes
2441 1916 2768 1981 populorum
2792 1916 3098 1981 congregati
3129 1919 3274 1977 sunt,
3301 1930 3427 1964 cum
3449 1916 3561 1966 Deo

1962 1990 2263 2040 Abraham.
2307 1991 2389 2039 Ac
2428 1988 2510 2038 sic
2535 1987 2765 2050 diceret,
2793 1990 2975 2052 Reges
3000 1991 3057 2039 et
3075 1985 3205 2039 alim
3227 1991 3563 2050 potestates,

1965 2061 2061 2124 qui
2088 2060 2245 2124 prius
2271 2061 2387 2110 Deo
2415 2058 2888 2121 adversabantur,
2902 2058 3229 2122 congregati
3246 2063 3384 2109 sunt
3395 2073 3483 2118 per
3504 2060 3562 2105 ii-

1964 2132 2118 2193 dem,
2144 2144 2276 2181 cum
2307 2132 2426 2181 Deo
2451 2129 2544 2179 cui
2567 2129 2805 2179 credidit
2827 2129 3117 2181 Abraham
3130 2126 3309 2195 (Hebr.
3332 2128 3455 2190 11.).
3481 2130 3565 2179 Ex

1962 2204 2073 2254 illis
2098 2202 2453 2266 principibus
2470 2204 2593 2250 erat
2611 2199 2707 2250 ille
2732 2200 3019 2263 Centurio,
3045 2202 3215 2265 cujus
3245 2199 3389 2250 fides
3414 2212 3566 2250 com-

1963 2271 2267 2324 mendatur
2305 2272 2362 2322 in
2402 2270 2713 2333 Evangelio
2749 2270 2954 2334 (Matth.
2992 2270 3082 2333 8.).
3110 2274 3253 2322 Ecce
3276 2268 3566 2333 quomodo

1963 2343 2267 2408 impletum
2302 2346 2410 2406 est,
2451 2340 2605 2405 quod
2646 2341 2901 2392 Joannes
2939 2340 3035 2402 ait,
3058 2343 3268 2393 Potens
3302 2346 3390 2391 est
3415 2342 3567 2390 Deus

1965 2416 2037 2467 de
2077 2413 2365 2478 lapidibus
2411 2412 2691 2464 suscitare
2732 2411 2882 2463 ﬁlios
2929 2412 3178 2465 Abrahae
3216 2412 3422 2475 (Matth.
3474 2410 3564 2476 3.).

1966 2488 2173 2538 Nonne
2185 2484 2406 2549 lapides
2423 2488 2587 2535 erant
2605 2488 2826 2548 gentes,
2846 2484 3078 2547 quando
3088 2483 3307 2548 lapides
3318 2484 3566 2545 colebant,

1967 2559 2117 2608 sicut
2161 2556 2229 2607 de
2272 2554 2383 2606 illis
2416 2555 2553 2606 alibi
2588 2554 2798 2605 dicitur
2832 2554 2893 2605 in
2925 2555 3186 2617 psalmo:
3211 2554 3435 2605 Similes
3456 2552 3568 2604 illis

1966 2628 2128 2689 ﬂant,
2141 2626 2239 2690 qui
2263 2625 2481 2676 faciunt
2496 2637 2563 2675 ea
2586 2623 2747 2687 (Psal.
2775 2621 2915 2687 113.)
2929 2626 3177 2676 ‘2Etideo
3193 2628 3568 2675 accesserunt

1965 2699 2037 2749 ad
2064 2697 2255 2759 ﬁdem,
2285 2697 2557 2755 Quoniam
2581 2695 2673 2743 Dii
2692 2694 2853 2756 fortes
2871 2701 3039 2754 terrae,
3085 2696 3143 2746 id
3167 2699 3278 2757 est,
3303 2694 3567 2758 Apostoli

1968 2774 2026 2821 et
2049 2768 2455 2833 praedicatores
2494 2765 2707 2818 sancti:
2745 2766 2834 2816 Dii
2858 2779 2958 2829 per
2979 2767 3241 2831 gratiam,
3269 2766 3443 2818 fortes
3465 2777 3568 2829 per

1963 2841 2156 2904 iidem,
2196 2841 2528 2889 vehementer
2559 2837 2744 2887 etevati
2779 2843 2944 2888 sunt:
2983 2838 3043 2888 in
3079 2838 3263 2901 signis
3300 2839 3357 2889 et
3382 2837 3567 2889 virtu-

1970 2912 2140 2963 tibus.
2189 2913 2259 2963 Et
2301 2910 2382 2963 ita
2414 2910 2631 2962 factum
2668 2913 2775 2974 est,
2825 2910 2890 2961 ut
2920 2908 3089 2961 multi
3110 2912 3459 2974 generentur
3494 2908 3568 2961 ad

1966 2983 2159 3035 ﬁdem.
2246 3069 2610 3134 TITULUS
2650 3068 2971 3133 PSALMI
3008 3068 3275 3134 XLVII.

2032 3187 2337 3242 1.Psatmus
2347 3185 2549 3235 cantici
2562 3184 2691 3247 ﬁliis
2706 3185 2877 3235 Chore
2888 3185 2949 3233 in
2964 3185 3198 3234 secunda
3207 3183 3563 3236 sabbati.Psal-

1970 3268 2085 3299 mus
2115 3254 2208 3299 iste
2238 3252 2535 3311 proponitur
2558 3250 2679 3296 ﬁliis
2704 3250 2881 3312 Chore,
2908 3250 2959 3295 id
2983 3254 3073 3310 est,
3100 3249 3229 3312 ﬁliis,
3246 3250 3560 3309 Christl,qul

1967 3316 2238 3377 cruciﬁxus
2268 3310 2343 3377 est
2366 3314 2425 3377 in
2443 3312 2550 3377 loco
2582 3312 2839 3359 Calvaiiaa.
2866 3310 3025 3377 Chore
3053 3312 3190 3377 enim
3216 3310 3289 3377 (ut
3327 3325 3459 3377 saepe
3483 3312 3560 3357 di-
3611 3363 3627 3377 .

1967 3383 2101 3424 ctum
2125 3376 2212 3432 est)
2236 3376 2465 3424 Calvaria
2489 3375 2862 3433 interpretatur.
2881 3374 2974 3428 Qui
3000 3374 3225 3432 psalmus
3242 3374 3427 3419 dicitur
3442 3387 3565 3421 can-

1969 3438 2078 3501 tici,
2102 3437 2221 3497 quia
2250 3439 2311 3483 de
2337 3450 2388 3483 re
2412 3437 2532 3497 agit,
2558 3436 2695 3501 unde
2720 3436 2937 3501 maxime
2954 3436 3449 3501 nobisexultandum
3470 3440 3560 3482 est:

1967 3497 2207 3561 quoniam
2244 3512 2476 3556 magnam
2492 3499 2696 3561 exponit
2720 3498 2952 3561 Ecclesiae
2975 3497 3289 3561 dignitatem.
3312 3499 3560 3556 Psalmus,

1968 3557 2096 3621 dico,
2140 3563 2340 3608 habitus
2375 3561 2435 3607 in
2463 3557 2697 3607 secunda
2734 3557 2957 3622 sabbati,
2985 3560 3036 3605 id
3062 3564 3151 3618 est,
3177 3560 3238 3605 de
3269 3560 3566 3622 fundatione

1969 3619 2205 3679 Ecclesia,
2222 3638 2338 3682 quae
2362 3624 2677 3681 signiﬁcatur
2705 3635 2795 3680 pro
2813 3619 3097 3668 fundatione
3119 3626 3279 3681 teri-te,
3294 3635 3408 3680 quas
3439 3619 3566 3668 facta

1969 3688 2064 3733 fuit
2090 3688 2143 3733 in
2178 3688 2400 3733 secunda
2428 3684 2744 3747 dieA(AGenes.
2776 3684 2863 3744 1.).
2890 3685 3053 3730 Prima
3085 3685 3223 3730 enim
3247 3685 3328 3747 die
3351 3685 3565 3747 discreta

1970 3755 2044 3795 est
2072 3750 2158 3795 lux
2184 3763 2210 3793 a
2230 3749 2447 3794 tenebris
2476 3744 2647 3808 (Ibid)
2674 3762 2683 3792 :
2712 3747 2766 3791 in
2798 3760 2897 3805 qua
2923 3747 3238 3803 signiﬁcatur
3266 3744 3566 3792 resurrectio

1971 3812 2175 3872 Christi,
2206 3812 2266 3856 de
2304 3825 2404 3869 qua
2435 3808 2939 3872 luxrlmmortalitatis
2974 3823 3002 3853 a
3034 3809 3329 3854 mortalitate
3354 3809 3567 3872 discreta

1970 3879 2060 3923 est.
2086 3876 2143 3919 In
2165 3870 2387 3919 Secunda
2410 3873 2493 3917 die
2516 3871 2700 3917 factum
2726 3876 2800 3917 est
2816 3872 3204 3932 ﬁrmamentum,
3220 3872 3274 3915 in
3289 3882 3389 3929 quo
3402 3870 3563 3927 signi-

1970 3937 2145 3982 ﬁcatur
2171 3941 2366 3992 tempus
2391 3934 2949 3994 postresurreetionem,
2968 3946 3069 3990 quo
3090 3932 3297 3978 fundata
3312 3937 3383 3978 est
3397 3934 3569 3994 sancta

1971 3998 2207 4044 Ecclesia.
2242 3998 2297 4042 In
2329 3997 2494 4053 prima
2526 4000 2663 4053 parte
2697 3993 2943 4040 describit
2968 4007 3095 4055 eam,
3138 3999 3183 4039 et
3208 3994 3380 4039 multis
3404 3993 3567 4039 modis

1971 4058 2285 4105 commendat
2320 4071 2329 4101 :
2372 4057 2518 4102 modo
2555 4070 2644 4113 per
2687 4056 3022 4114 fundatorein,
3054 4057 3200 4101 modo
3230 4068 3318 4113 per
3343 4057 3566 4113 positum

1971 4121 2087 4179 loci,
2114 4120 2260 4165 modo
2290 4131 2378 4175 per
2401 4118 2761 4164 dilatationem.
2780 4118 2966 4163 Laudat
2990 4118 3137 4164 etiam
3173 4130 3313 4162 eama
3336 4117 3564 4162 muneri-

1970 4182 2087 4227 bus.
2122 4182 2209 4226 Per
2235 4181 2325 4225 hoc
2348 4192 2568 4237 quoque,
2586 4179 2719 4237 quod
2743 4179 2951 4236 quidam
2975 4179 3197 4224 volentes
3209 4191 3318 4223 eam
3338 4179 3565 4223 destrue-

1971 4257 2044 4304 re,
2077 4246 2437 4304 cognoscentes
2469 4242 2578 4298 ejus
2621 4240 2936 4304 dignitatem,
2961 4241 3189 4304 conversi
3212 4243 3332 4304 sunt
3352 4240 3413 4284 ad
3439 4252 3570 4304 eam.

1971 4301 2158 4351 Deinde
2182 4302 2493 4351 commendat
2515 4301 2982 4360 quoddaminsigne
3006 4301 3194 4347 donum
3219 4301 3403 4358 ipsius,
3422 4301 3562 4347 scili-

1972 4372 2047 4413 cet
2069 4366 2202 4425 quod
2224 4364 2570 4411 misericordia
2594 4364 2679 4409 Dei
2707 4362 2895 4425 habitat
2918 4363 2972 4425 in
3006 4375 3079 4407 ea.
3106 4364 3161 4407 in
3187 4362 3407 4408 secunda
3428 4367 3569 4425 parte

1972 4424 2158 4487 agit’de
2181 4427 2446 4473 ordinibus
2471 4425 2632 4483 ipsius
2655 4424 2906 4487 Ecclesia.
2948 4424 3162 4469 Intentio
3186 4429 3259 4487 est
3283 4424 3488 4484 hortari,
3515 4428 3571 4470 ut

1972 4484 2146 4538 omnes
2175 4490 2319 4536 istam
2345 4489 2594 4535 civitatem
2619 4486 2942 4544 ampliﬁcent.
2977 4487 3081 4533 Vox
3112 4484 3462 4544 perfectorum.

2413 4589 2808 4656 PSALMUS
2850 4588 3121 4653 XLVII.

2037 4700 2088 4756 2.
2124 4701 2357 4763 Magnus
2378 4698 2646 4748 Dominus
2664 4701 2709 4746 et
2733 4695 3022 4746 laudabitis
3043 4695 3229 4747 nimis.
3254 4693 3427 4757 Idest,
3455 4707 3570 4747 ma-

1976 4774 2073 4839 gni
2096 4770 2317 4837 imperii
2340 4774 2397 4822 et
2419 4781 2647 4833 magnae
2664 4768 2953 4833 potentiae.
2968 4763 3035 4818 Et
3048 4767 3179 4818 inde
3195 4766 3406 4830 dignus
3419 4769 3567 4816 laude

1974 4849 2147 4901 nimis
2188 4859 2360 4911 super
2396 4856 2572 4909 quam
2598 4844 2799 4908 lingua
2819 4842 3004 4907 possit
3025 4842 3325 4907 explicare.
3358 4843 3428 4894 Et
3461 4842 3570 4894 hoc
3616 4869 3622 4875 -

1977 4919 2131 4984 quod
2154 4930 2401 4981 magnus
2417 4921 2475 4968 et
2495 4914 2796 4967 laudabilis
2809 4915 2899 4975 sit,
2918 4914 3167 4966 maxime
3184 4912 3568 4978 perpenditur,

1977 4993 2042 5040 In
2067 4992 2276 5040 civitate
2304 4989 2399 5038 Dei
2428 4987 2621 5050 nostri,
2641 4986 2698 5037 id
2723 4990 2831 5049 est,
2861 4987 2921 5037 in
2949 4985 3372 5037 constructione
3400 4987 3570 5033 Eccle-

1979 5064 2235 5125 siae,quaa
2260 5065 2349 5112 est
2372 5059 2595 5110 munita
2620 5058 2949 5121 virtutibus,
2974 5058 3163 5122 ampla
3181 5058 3434 5119 caritate,
3459 5054 3578 5107 col-

1977 5134 2126 5185 lecta
2140 5146 2241 5197 per
2264 5132 2437 5183 [idem
2465 5126 2638 5196 236
2674 5129 2748 5180 ad
2772 5129 2899 5193 jure
2933 5129 3264 5180 vivendum.
3290 5129 3407 5177 Nec
3439 5125 3570 5176 talis

1981 5196 2184 5257 civitas
2197 5207 2284 5255 est
2307 5203 2630 5266 Babylonis,
2648 5200 2707 5251 id
2721 5203 2827 5262 est,
2850 5200 3220 5262 confusorum,
3239 5202 3340 5248 aut
3350 5196 3577 5248 haereti-

1982 5289 2177 5327 corum
2204 5292 2215 5325 :
2244 5275 2345 5326 sed
2371 5278 2461 5326 est
2486 5272 2584 5324 Dei
2604 5272 2803 5323 nostri.
2840 5272 2983 5321 Hinc
2998 5268 3364 5321 commendat
3386 5267 3575 5319 Eccle-

1983 5347 2129 5397 siam
2160 5360 2259 5411 per
2295 5346 2570 5397 artiﬁcem
2610 5345 2809 5394 Deum.
2851 5342 3090 5392 Civitate
3119 5340 3247 5391 dico
3286 5338 3491 5404 posita,
3512 5338 3577 5387 in

1984 5424 2158 5466 monte
2187 5422 2371 5466 sancto
2407 5416 2536 5479 ejus.
2570 5414 2635 5465 Id
2659 5418 2766 5473 est,
2789 5414 2851 5464 in
2873 5412 3115 5472 Christo,
3147 5412 3272 5463 sive
3296 5411 3358 5461 in
3380 5415 3579 5462 monte

1982 5563 2285 5678 natalsenes
2324 5626 2737 5690 Augustinum,
2775 5625 2865 5675 sed
2900 5624 3269 5675 admiratione
3316 5624 3440 5688 ipsa
3464 5640 3580 5690 pro:

1981 5698 2183 5764 gaudio
2198 5696 2561 5761 Jubitationis,
2601 5702 2884 5761 tamquam
2906 5701 3080 5745 mente
3106 5694 3378 5759 alienatis,
3401 5702 3512 5750 etc.

2048 5780 2067 5801 ⁵
2099 5769 2277 5834 Idem,
2305 5767 2551 5818 nondum
2574 5767 2705 5832 ﬁliis
2723 5768 2856 5820 Core
2870 5768 3160 5819 dicebatur.
