3908 6232
511 290 615 345 835

1584 283 1849 335 RUFINO
1872 286 2324 340 PRESBY'I‘ERO
2350 289 2735 342 ASCRIPTUS

512 400 813 458 virtutum,
834 396 926 449 vel
943 395 1461 475 constantiaellaec
1476 393 1679 475 vitas
1694 408 1734 475 a_
1754 394 1851 446 tali
1877 395 2109 475 domino
2133 402 2189 475 Α
2212 399 2303 475 E_t_
2319 404 2385 451 tu
2407 400 2514 475 {ac
2534 400 2824 475 similiter.
2846 404 3202 475 Aperiantur
3237 407 3386 458 oculi
3409 408 3616 459 cordis
3644 411 3750 462 tui.
3778 415 3837 465 Et

508 474 596 521 est
609 479 896 534 possessa.
911 468 993 517 De
1005 464 1338 529 hujusmodi
1355 463 1639 527 lapidibus
1657 470 2103 529 estconstructa,

505 541 563 592 id
608 545 718 604 est,
753 539 825 591 de
857 538 1078 589 Judaais
1107 542 1163 587 et
1191 535 1490 587 Gentibus.
1541 536 1611 586 Et
1646 535 1755 586 hoc
1797 541 1903 600 est,
1952 539 2105 601 quod

506 612 936 737 sugidﬁl‘tundatur
949 677 1278 728 exultatione
1300 677 1742 726 unievrswlerrm.
1769 677 1833 728 Id
1863 681 1978 743 est,
2008 680 2104 731 fir-

504 754 670 805 miter
690 751 971 804 aedificata
990 754 1081 801 est
1114 748 1184 801 de
1208 748 1628 800 habitatoribus
1654 748 1939 800 universm
1962 758 2102 800 terra:

502 822 904 876 exultantibus
937 821 1008 871 de
1048 823 1410 883 peccatorum
1439 818 2104 870 remissione:velfunda-

501 901 594 947 tur
617 893 967 946 exultatione
984 891 1272 941 universae
1300 894 1485 948 terrai,
1505 888 1561 938 id
1579 892 1685 952 est,
1700 890 1770 939 ad
1796 890 2101 944 exultatio-

498 980 635 1018 nem
651 964 909 1017 omnium
931 961 1306 1014 credentium.
1334 962 1404 1011 Et
1427 960 1535 1010 hoc
1560 961 1863 1023 exequitur
1878 975 1977 1026 per
1994 979 2100 1023 par-

454 1036 463 1043 ’
500 1043 756 1101 tes,cum
783 1032 1111 1098 subjungit:
1128 1033 1284 1080 Mons
1309 1031 1444 1080 Sion
1465 1031 1633 1079 latera
1655 1032 1944 1095 Aquilonis
1968 1035 2098 1083 civi-

499 1115 580 1159 tas
612 1108 751 1172 regis
774 1105 984 1168 magni.
1012 1104 1177 1157 Mons
1203 1103 1355 1165 Sion,
1381 1101 1439 1152 in
1466 1114 1578 1165 quo
1603 1108 1774 1166 caput
1805 1104 1966 1167 regni
1989 1107 2095 1157 Ju-

499 1180 759 1233 daeorum
800 1182 937 1236 erat,
982 1175 1140 1239 ipsos
1180 1174 1418 1225 Judaaos
1452 1173 1754 1236 signiﬁcat.
1794 1175 1898 1225 Per
1919 1176 2096 1229 latera

495 1251 799 1316 Aquilonis
816 1250 1030 1300 Gentes
1047 1245 1444 1309 designantur,
1460 1256 1590 1307 quae
1609 1249 1900 1309 torpentes
1914 1249 2094 1309 frigore

496 1321 855 1374 inﬁdelitatis
879 1332 913 1370 a
953 1316 1178 1369 diabolo
1200 1316 1659 1379 possidebantur.
1688 1319 1793 1368 Pro
1816 1330 1900 1380 eo,
1938 1319 2092 1382 quod

495 1399 706 1446 ventus
724 1390 933 1455 Aquilo
957 1387 1299 1451 constringit
1320 1387 1380 1436 in
1396 1386 1616 1450 frigore,
1641 1399 1755 1438 non
1778 1389 2091 1453 incongrue

494 1464 795 1528 Aquilonis
817 1461 1050 1512 nomine
1066 1462 1259 1522 torpor
1281 1458 1515 1521 maligni
1539 1458 1770 1521 spiritus
1794 1460 2087 1524 accipitur.

494 1538 653 1597 Quod
685 1535 861 1586 Isaias
887 1544 1119 1596 quoque
1144 1534 1407 1592 testatur,
1433 1529 1533 1593 qui
1556 1529 1771 1580 dixisse
1799 1531 2089 1585 diabolum

489 1606 795 1658 denuntiat
817 1604 1045 1655 dicens:
1088 1601 1307 1653 Sedebo
1330 1601 1389 1651 in
1414 1606 1609 1651 monte
1643 1605 1993 1663 testamenti,
2030 1608 2088 1656 in

485 1678 765 1729 lateribus
778 1674 1081 1739 Aquilonis
1100 1676 1218 1736 (lsa.
1244 1672 1370 1735 14.).
1392 1672 1673 1735 Malignus
1691 1673 1925 1737 spiritus
1943 1691 2089 1724 mon-

487 1754 605 1801 tem
627 1746 961 1801 testamenti
977 1744 1182 1809 tenuit,
1208 1744 1343 1807 quia
1356 1745 1385 1795 J
1393 1742 1659 1795 udaicum
1676 1746 1971 1809 pepulum,
1990 1751 2079 1808 qui

483 1820 671 1885 legem
684 1822 999 1883 acceperat,
1019 1817 1121 1867 sibi
1138 1818 1196 1865 in
1220 1814 1512 1878 perﬁdiam
1533 1816 1660 1878 subj
1671 1817 1883 1879 ugavit.
1902 1821 2080 1868 Adhuc

483 1892 668 1943 monti
684 1888 1015 1943 testamenti
1031 1886 1320 1951 praesidet,
1342 1888 1573 1949 quando
1595 1890 1767 1937 corda
1783 1888 2082 1941 doctorum

482 1967 663 2014 tenet:
690 1963 790 2026 qui
825 1963 998 2013 etiam
1028 1961 1089 2010 in
1126 1958 1398 2008 lateribus
1432 1958 1736 2021 Aquilonis
1760 1960 1926 2024 sedit,
1950 1963 2083 2024 quia

482 2039 706 2085 mentes
728 2032 1031 2084 Gentilium
1057 2028 1291 2092 frigidas
1313 2032 1586 2091 possedit.
1617 2030 1779 2081 Unde
1804 2036 1862 2082 et
1882 2034 2079 2095 sponsi

482 2116 624 2157 voce
648 2106 708 2155 in
733 2102 979 2154 Canticis
992 2100 1219 2161 dicitur,
1238 2101 1418 2162 Surge
1437 2098 1646 2161 Aquilo
1663 2104 1720 2150 et
1735 2102 1867 2151 veni
1882 2108 2078 2165 Auster,

480 2176 658 2239 perﬂa
669 2176 899 2226 hortum
912 2170 1986 2233 meum,etﬂuentaromataillius(Cant.
2006 2174 2079 2237 4.)

479 2246 801 2296 Recedente
826 2244 978 2294 enim
1010 2240 1313 2304 Aquilone,
1344 2240 1403 2289 id
1432 2247 1539 2303 est,
1570 2240 1827 2304 maligno
1853 2244 2075 2309 spiritu,

478 2316 720 2379 Spiritus
765 2316 1010 2366 Sanctus
1044 2315 1271 2362 mentes
1303 2311 1470 2373 quasi
1511 2315 1722 2362 Auster
1745 2317 1941 2376 replet.
1970 2319 2077 2378 Qui

476 2386 617 2436 dum
641 2384 1021 2437 calefaciendo
1044 2383 1286 2445 ﬂaverit,
1328 2382 1524 2433 statim
1548 2384 1618 2434 de
1642 2385 1912 2437 cordibus
1932 2388 2075 2439 iide-

473 2455 617 2508 lium
634 2461 890 2509 aromata
902 2458 1090 2507 ﬂuunt
1108 2455 1405 2506 virtutum.
1432 2454 1596 2506 Tales
1619 2454 1724 2518 (Ea:
1748 2457 2074 2524 Augustino)

473 2526 835 2580 ﬂuntcivitas
861 2526 1011 2591 regis
1028 2525 1243 2590 magni.
1258 2525 1480 2575 liberati
1500 2525 1763 2577 homines
1786 2530 1857 2578 ab
1874 2531 2075 2581 inlide-

471 2598 635 2651 litate
681 2603 739 2651 et
767 2599 1173 2662 superstitione
1213 2595 1652 2660 daemoniorum,
1686 2598 1983 2651 credentes
2012 2602 2071 2653 in

475 2670 764 2722 Christum
798 2679 815 2699 ·
839 2668 1110 2721 collimati
1144 2672 1284 2719 sunt
1318 2666 1401 2718 illi
1426 2668 1661 2719 civitati.
1689 2670 2072 2724 Occurrerunt

469 2741 531 2792 in
584 2743 798 2807 angulo
862 2740 1098 2807 parietis
1164 2740 1235 2790 de
1295 2739 1732 2792 circumcisione
1783 2744 2069 2795 venientis

468 2813 642 2876 (Rom.
678 2812 804 2877 15.).
838 2815 909 2865 Et
949 2812 1083 2863 facti
1126 2815 1266 2863 sunt
1303 2812 1506 2862 civitas
1551 2812 1703 2875 regis
1727 2815 1941 2876 magni,
1969 2816 2068 2878 qui

467 2885 698 2939 fuerant
712 2886 893 2938 latera
914 2885 1235 2948 Aquilonis.
1262 2884 1621 2946 Quicumque
1638 2884 1933 2937 adhaerent
1956 2890 2071 2938 dia-

468 2957 618 3021 bolo,
649 2961 825 3009 latera
846 2956 1149 3020 Aquilonis
1172 2961 1323 3006 sunt.
1350 2955 1704 3006 Adhaet-eant
1736 2957 1977 3020 Christo,
2009 2963 2067 3010 et

464 3031 634 3080 erunt
656 3028 728 3081 de
748 3028 982 3080 civitate
1013 3026 1163 3091 regis
1188 3027 1402 3090 magni.
1429 3028 1493 3077 In
1536 3026 1628 3077 his
1651 3039 1863 3091 magna
1885 3029 2066 3092 gloria

464 3100 520 3150 et
542 3099 733 3152 honor
750 3098 1161 3164 omnipotentis
1185 3103 1289 3149 est.
1320 3100 1524 3162 Magna
1548 3098 1701 3149 enim
1722 3099 1925 3151 medici
1941 3101 2062 3163 glo-

2210 469 2343 522 Vide
2363 475 2420 522 et
2448 472 2731 525 admirare
2769 472 3012 538 gloriam
3045 475 3230 541 hujus
3261 478 3522 530 civitatis
3544 482 3681 532 Dei.
3708 484 3832 535 Per-

2205 541 2390 604 pende
2417 544 2649 605 quantis
2674 545 2988 598 virtutibus
3024 547 3258 612 polleat,
3284 550 3504 612 quibus
3530 552 3831 605 miraculis

2205 618 2488 685 coruscet,
2516 616 2806 678 quomodo
2818 622 3043 670 terrena
3065 620 3380 684 despiciat:
3405 625 3657 685 quantis
3684 625 3828 675 des}-

2202 682 2377 735 deriis
2390 685 2462 736 ad
2488 686 3003 760 caelestiaanhelet,
3039 682 3260 754 quanta
3279 692 3343 743 in
3367 682 3574 745 futuro
3603 696 3683 746 sit
3706 710 3826 760 ejus

2201 766 2423 807 merces
2448 760 2507 808 et
2532 758 2845 812 beatitudo.
2866 761 3024 812 Talia
3038 775 3295 825 pensans
3311 769 3496 827 atque
3511 758 3824 825 admirans,

2200 832 2487 899 revertere
2502 831 2573 880 ad
2604 832 2994 895 temetipsum,
3030 834 3243 897 plange
3276 840 3525 899 peccata
3550 841 3672 889 tua.
3702 842 3821 891 Per-

2201 898 2433 950 timesce
2484 900 2809 953 districtum
2848 903 3134 966 judicium
3181 898 3307 966 Dei,
3350 911 3817 963 contremiscein

2198 969 2403 1046 teipse,
2430 974 2495 1021 ut
2521 973 2711 1046 possis
2738 976 2956 1026 conniri
2978 975 3115 1027 huic
3139 977 3310 1029 beato
3336 979 3582 1043 populo,
3612 981 3686 1033 de
3708 996 3816 1046 quo

2197 1041 2493 1093 subditur:
2515 1042 2597 1091 Ibi
2620 1044 2843 1109 dolores,
2871 1052 2930 1095 ut
2958 1041 3344 1110 parturientis.
3366 1041 3434 1101 ni
3460 1052 3562 1102 illa
3586 1041 3818 1107 contur-

2194 1112 2428 1190 batione
2444 1117 2500 1164 et
2499 1118 2757 1190 _t_remore
2772 1116 3008 1190 inerunt
3021 1118 3253 1171 dolores
3272 1120 3588 1184 fructuosi,
3619 1130 3685 1176 ut
3706 1140 3816 1190 p.11-

2194 1183 2479 1257 turientis.
2499 1186 2681 1237 Vetus
2695 1187 2846 1238 enim
2864 1188 3037 1240 homo
3049 1192 3275 1254 peperit
3288 1204 3521 1244 novum
3542 1183 3776 1257 (Βοωίϋ.
3787 1219 3810 1249 ς.

2194 1255 2396 1332 Mulier
2421 1268 2556 1307 cum
2580 1257 2748 1332 parit,
2775 1259 3067 1311 tristitiam
3089 1260 3285 1313 habet.
3317 1264 3468 1314 Cum
3495 1255 3700 1318 autem
3723 1282 3811 1332 p0:-

2191 1326 2358 1404 perit
2369 1339 2634 1404 puerum,
2652 1329 2773 1392 jam
2798 1332 3217 1404 non‘meminit
3254 1346 3560 1396 pressura:
3586 1326 3813 1404 prop-ter

2190 1398 2626 1470 gaudium,quia
2638 1405 2810 1452 natus
2823 1407 2913 1453 est
2922 1402 3170 1455 homoin
3182 1406 3475 1457 mundum
3490 1398 3807 1470 {Joan.iti.;.

2190 1469 2279 1520 Sic
2296 1470 2587 1533 peccatrix
2598 1471 2792 1523 anima
2808 1473 3040 1537 quando
3056 1476 3321 1540 paenitet,
3346 1469 3645 1541 magnum
3670 1481 3806 1534 dolo

2188 1553 2306 1591 rem
2328 1541 2559 1605 patitur,
2600 1555 2844 1607 magnas
2867 1544 3019 1595 intra
3042 1557 3107 1597 se
3127 1548 3309 1598 sentit
3340 1552 3678 1613 angustias.
3705 1555 3800 1605 Sed

2187 1616 2492 1675 postquam
2506 1613 2760 1666 fructum
2779 1616 3150 1680 paenitentiae,
3168 1618 3229 1669 id
3241 1623 3352 1682 est,
3370 1621 3797 1675 absolutionem

2188 1687 2244 1734 et
2299 1684 2701 1757 remissionem
2742 1688 3112 1750 peccatorum
3156 1692 3503 1755 perceperit,
3546 1695 3672 1757 jam
3694 1709 3797 1747 non

2108 1774 2162 1847 B
2186 1755 2756 1847 meminitpressouraa
2768 1759 3128 1847 ptenitentiaa
3142 1765 3380 1842 propter
3390 1755 3650 1847 gaudium
3675 1770 3797 1847 salu-

2186 1826 2279 1900 tis.
2308 1828 2356 1877 A
2378 1826 2582 1879 timore
2610 1828 2816 1892 (inquit
2843 1830 3038 1893 Isaias)
3066 1834 3444 1897 concepimus
3472 1839 3537 1886 et
3556 1841 3796 1900 parturi-

2185 1898 2377 1950 vimus
2404 1903 2463 1949 et
2498 1901 2825 1963 peperimus
2850 1901 3115 1965 spiritum
3145 1904 3353 1954 salutis
3379 1906 3535 1967 (lsai.
3558 1898 3694 1970 96.).
3714 1910 3794 1960 Sic

2183 1980 2318 2043 ergo
2352 1970 2503 2043 regis
2533 1977 2919 2036 conceperant
2947 1972 3019 2024 de
3066 1974 3274 2026 timore
3314 1977 3555 2041 Christi,
3580 1983 3647 2029 ut
3671 1993 3789 2043 par-

2183 2041 2447 2093 turiendo
2464 2049 2729 2107 parerent
2752 2043 3015 2095 salutem.
3042 2046 3114 2097 Et
3129 2045 3260 2110 hoc,
3287 2048 3446 2110 quod
3472 2041 3704 2101 dolores
3718 2052 3791 2102 illi

2180 2112 2413 2165 fuerunt
2457 2115 2761 2179 fructuosi,
2800 2127 2915 2167 non
2937 2128 3011 2167 ex
3036 2117 3162 2168 suis
3191 2117 3306 2170 fuit
3327 2120 3572 2180 meritis,
3598 2121 3702 2172 sed
3722 2134 3790 2172 ex

2180 2184 2362 2247 gratia
2384 2186 2505 2236 Dei.
2530 2187 2600 2236 Et
2630 2185 2759 2237 ideo
2787 2186 3090 2238 subditur:

2241 2252 2292 2307 8.
2332 2257 2391 2305 In
2424 2257 2623 2321 spiritu
2647 2258 2940 2306 vehementi
2968 2265 3205 2309 conteres
3230 2276 3396 2310 naves
3427 2262 3673 2312 Tharsis.
3697 2265 3788 2316 Se-

2179 2326 2437 2397 cundum
2457 2328 2475 2356 δ
2494 2329 2928 2393 Hieronymum,
2945 2331 3350 2383 Tharsisidem
3365 2339 3473 2393 est,
3499 2335 3655 2397 quod
3673 2338 3787 2385 Car-

2177 2396 2373 2471 thago.
2427 2399 2742 2471 Primordia
2784 2406 2980 2452 autem
3028 2402 3135 2465 (Ea:
3169 2396 3709 2471 Augustinofregni
3727 2410 3786 2457 in

2175 2468 2539 2533 Carthaginis
2564 2472 2813 2539 navibus
2838 2472 3177 2534 ﬂoruerunt,
3202 2468 3517 2535 intantum,
3558 2468 3632 2527 ut
3641 2480 3785 2528 inter

2174 2544 2414 2591 caeteras
2440 2547 2644 2605 gentes
2666 2540 3010 2595 excellerent
3032 2546 3543 2608 negociationibus
3558 2556 3616 2599 et
3632 2550 3784 2599 navi.

2171 2612 2520 2675 gationibus.
2539 2616 2730 2678 Atque
2756 2615 2889 2666 hinc
2911 2616 3159 2667 nimium
3177 2618 3430 2682 superba
3444 2618 3593 2670 facta
3609 2629 3683 2668 est
3698 2624 3782 2668 illa

2171 2683 2399 2742 civitas,
2426 2687 2492 2735 ut
2515 2685 2686 2750 digne
2709 2699 2811 2750 per
2826 2690 2953 2750 ejus
2975 2700 3159 2739 naves
3174 2688 3535 2754 intelligatur
3547 2694 3781 2752 superbia

2170 2754 2453 2817 gentium,
2473 2758 3155 2820 praesumensinincertis
3169 2764 3452 2824 tanquam
3466 2763 3527 2812 in
3546 2763 3776 2814 ﬂatibus

2169 2830 2494 2877 ventorum.
2523 2828 2634 2880 Sed
2649 2829 2709 2879 in
2723 2829 3048 2882 vehementi
3062 2831 3270 2894 spiritu
3287 2838 3665 2886 conterentur
3677 2847 3776 2886 na-

2166 2910 2269 2948 ves
2290 2899 2691 2964 Tharsis,quia
2713 2899 2771 2951 in
2795 2901 3007 2953 virtute
3023 2903 3271 2966 Spiritus
3297 2904 3489 2955 Sancti
3508 2909 3774 2956 destruun-

2167 2974 2260 3020 tur
2284 2983 2486 3021 omnes
2532 2972 2808 3024 elationes
2843 2972 3020 3037 hujus
3043 2974 3270 3025 mundi.
3315 2978 3433 3027 Iste
3462 2977 3770 3030 vehemens

2166 3039 2401 3105 spiritus
2423 3054 2624 3095 omnes
2648 3056 2819 3096 auras
2867 3044 3252 3097 tentationum
3284 3047 3543 3111 expellit,
3566 3062 3765 3101 omnes

2162 3112 2404 3163 nebulas
2440 3114 2857 3177 cogitationum
2882 3114 3106 3167 dividit.
3135 3117 3345 3169 Omnia
3372 3119 3433 3169 in
3456 3126 3657 3172 mente
3680 3134 3765 3172 se-

462 3170 547 3267 gia
561 3176 667 3267 est,
691 3175 918 3267 quando
935 3184 1006 3222 ex
1021 3170 1418 3267 desperatione
1446 3169 1795 3222 convalescit
1824 3180 2056 3232 aegrotus.
2089 3192 2139 3267 Ο
2165 3188 2347 3267 ιιεειτιξιιι3
2493 3169 2632 3267 fuit,
2656 3185 2834 3267 spirat
2865 3186 3172 3267 (mania),
3197 3193 3452 3267 διαρθιὲ
3477 3169 3761 3251 γίιῇξίξιί-

459 3243 728 3306 Sequitur
747 3241 857 3294 alia
880 3241 1301 3294 commendatio
1328 3256 1340 3291 :

522 3313 573 3367 4.
607 3315 748 3363 Deus
779 3314 839 3362 in
864 3313 1108 3362 domibus
1130 3312 1244 3375 ejus
1265 3315 1624 3376 cognoscetur,
1668 3327 1791 3362 cum
1814 3315 2061 3378 suscipiet

457 3399 594 3434 eam.
614 3387 680 3436 In
695 3386 966 3436 domibus
979 3385 1103 3448 ejus
1126 3383 1397 3441 civitatis,
1416 3383 1470 3433 id
1485 3388 1592 3446 est,
1610 3384 1667 3434 in
1681 3384 1928 3448 singulis
1947 3389 2062 3434 tide-

455 3454 631 3520 libus,
656 3456 755 3519 qui
770 3456 1040 3507 dicuntur
1061 3455 1287 3513 domus,
1312 3454 1446 3517 quia
1468 3454 1528 3504 in
1544 3455 1627 3505 eis
1650 3454 1873 3506 habitat
1890 3459 2062 3505 Domi-

454 3538 586 3589 nus,
612 3532 954 3589 cognoscetur
975 3526 1114 3574 Deus
1142 3542 1152 3573 :
1181 3525 1318 3588 quia
1332 3524 1441 3588 ipsi
1471 3525 1854 3587 cognitionem
1884 3527 2055 3580 habe-

454 3597 599 3647 bunt
615 3597 686 3648 de
704 3600 841 3658 Deo,
859 3610 994 3648 cum
1030 3597 1304 3658 suscipiet
1326 3608 1453 3646 eam
1474 3596 1747 3648 tuendam
1775 3602 1832 3648 et
1864 3606 2055 3662 prote-

452 3667 703 3731 gendam
732 3668 805 3718 ab
839 3667 1107 3718 inimicis.
1155 3665 1258 3717 Vel
1287 3665 1350 3716 in
1386 3666 1656 3717 domibus
1700 3668 1916 3719 dictum
1944 3674 2051 3735 est,

450 3743 683 3802 prepter
745 3738 893 3789 duos
953 3737 1197 3801 parietes
1271 3738 1606 3788 Judaeorum
1675 3742 1732 3789 et
1782 3741 2049 3791 Gentium

450 3809 660 3871 (Ephes.
680 3807 769 3871 9.).
792 3809 1240 3859 Commendatur
1262 3813 1459 3860 autem
1476 3808 1677 3873 gratia,
1695 3810 1795 3860 ubi
1819 3809 2048 3875 dicitur,

452 3880 589 3928 Cum
611 3880 862 3944 suscipiet
878 3894 1015 3930 eam.
1042 3881 1187 3931 Nam
1210 3880 1347 3943 quid
1364 3884 1520 3931 esset
1548 3880 1753 3931 civitas
1776 3883 1903 3943 ista,
1936 3884 2048 3934 nisi

446 3949 540 4002 ille
557 3952 914 4016 suscepisset
928 3963 1053 4003 eam
1065 3956 1088 4001 P
1106 3954 1305 4004 Nonne
1323 3952 1517 4003 statim
1543 3953 1911 4017 caderet,nisi
1938 3955 2047 4006 tale

444 4020 890 4075 fundamentum
909 4023 1189 4075 haberet?
1214 4025 1392 4075 Nemo
1417 4035 1551 4087 ergo
1572 4025 1643 4075 de
1674 4026 1795 4076 suis
1828 4027 2045 4077 meritis

443 4093 735 4158 glorietur.
787 4095 894 4147 Sed
941 4096 1038 4159 qui
1064 4094 1358 4160 gloriatur,
1406 4095 1465 4145 in
1487 4096 1730 4148 Domino
1772 4096 2047 4160 glorietur

445 4164 511 4226 (2.
544 4166 662 4216 Cor.
691 4165 960 4230 10.).Jam
984 4180 1115 4220 ecce
1129 4167 1226 4220 illa
1239 4166 1418 4219 latera
1436 4168 1736 4232 Aquilonis
1753 4172 2042 4232 quomodo

442 4237 675 4289 veniant
707 4238 914 4291 videte.

502 4307 553 4363 5.
572 4312 845 4368 Quoniam
877 4326 985 4361 ecce
1023 4327 1167 4378 reges
1202 4317 1352 4362 terra
1374 4313 1679 4377 congregati
1725 4317 1868 4363 sunt.
1897 4315 2039 4367 Ecce

438 4393 602 4446 reges
626 4386 684 4434 et
706 4387 1019 4447 potestates
1042 4384 1220 4451 hujus
1247 4386 1423 4437 seculi
1449 4385 1779 4448 congregati
1806 4392 1945 4437 sunt
1968 4387 2039 4439 de

436 4451 634 4504 multis
683 4454 841 4517 locis,
890 4455 961 4507 de
1012 4456 1212 4509 multis
1264 4459 1537 4522 populis:
1583 4466 1939 4508 couvenerunt
1982 4462 2041 4510 in

434 4537 645 4575 unum:
705 4527 957 4591 lapidem
1000 4531 1354 4595 angularem,
1402 4531 1501 4595 qui
1544 4531 1616 4583 de
1658 4532 1858 4584 multis
1902 4532 2037 4585 facit

437 4605 620 4645 unum
655 4597 866 4661 (Ephes.
893 4597 985 4660 2.).

519 4663 691 4738 237
731 4667 781 4721 6.
806 4670 920 4733 Ipsi
942 4670 1176 4720 videntes
1210 4674 1302 4737 sic,
1326 4673 1715 4738 intelligentes
1740 4674 2030 4727 civitatem

432 4735 538 4810 Dei
563 4738 646 4788 sic
666 4738 989 4803 fundatam,
1006 4741 1087 4792 sic
1105 4735 1618 4807 constructamfsic
1639 4745 1925 4810 decoram,
1950 4747 2033 4799 sic

432 4806 689 4858 ﬁrmam:
713 4810 978 4859 admirati
1003 4819 1146 4864 sunt.
1171 4814 1307 4865 Post
1329 4816 1764 4869 admirationem
1788 4806 2034 4871 miracu-

429 5092 761 5163 verborum.
787 5096 951 5149 Prius
993 5099 1203 5163 vident,
1242 5107 1298 5153 et
1344 5103 1593 5155 videndo
1627 5105 2025 5161 admirantur:

426 5162 632 5217 deinde
648 5165 722 5217 ad
746 5180 808 5220 se
830 5170 1067 5235 reversi,
1093 5174 1511 5226 conturbantur
1531 5182 1589 5227 et
1611 5180 2022 5231 contremiscunt.

487 5315 505 5336 '
531 5309 700 5373 Apud
722 5312 1133 5376 Augustinum,
1160 5316 1445 5366 collimati.

484 5378 683 5461 ﬁHaud
705 5395 811 5434 suo
827 5388 1015 5461 tamen
1029 5398 1228 5461 sensu,
1251 5389 1351 5461 sed
1373 5389 1604 5441 Eusebii
1628 5393 2018 5461 Caesariensis,

421 5450 510 5525 cui
521 5464 589 5501 us
606 5452 816 5525 librum
829 5455 899 5506 de
911 5456 1079 5507 Locis
1092 5459 1289 5509 Latine
1304 5459 1786 5525 interpretabatur
1863 5450 2017 5517 Pater:

424 5518 668 5606 Tharsis,
688 5527 829 5575 unde
850 5542 1055 5576 aurum
1091 5528 1373 5580 Salomoni
1395 5518 1825 5595 deierebatur...“
1850 5543 2018 5606 juxta

417 5589 668 5674 Jesechiel
701 5597 1352 5674 .Prophelammcarthago
1386 5589 1632 5672 sentitur,
1665 5589 2014 5674 εἰριιίάὲὧήέῆ

418 5661 633 5751 conloco,
779 5670 929 5732 apud
1134 5661 1447 5751 Interpretes
1479 5661 1704 5751 legimus

418 5744 560 5813 nam,
579 5733 640 5813 in
655 5735 876 5813 [febres
885 5742 1147 5813 scriptum
1165 5733 1316 5796 habet
1342 5733 1579 5801 Tharsis.
1604 5752 1752 5813 Quid
1776 5733 2013 5813 sentiret

416 5796 561 5864 ipse,
578 5804 773 5856 statim
789 5796 1008 5874 subdit:
1021 5796 1503 5884 edissei‘uissese,
1514 5796 1577 5870 in
1592 5796 2012 5892 23.315313};

2163 3259 2353 3306 mutat
2377 3273 2388 3303 :
2416 3255 2569 3307 Vitia
2598 3257 2853 3318 conterit,
2890 3258 3135 3310 virtutes
3163 3262 3365 3312 nutrit.
3400 3263 3544 3314 Haec
3571 3268 3759 3316 autem

2162 3327 2498 3378 constitutio
2526 3328 2792 3380 Ecclesiae
2820 3340 2938 3380 non
2960 3335 3051 3381 est
3085 3330 3573 3394 impraemeditare
3598 3336 3759 3397 facta,

2160 3398 2264 3469 sed
2295 3398 2392 3449 diu
2436 3402 2571 3450 ante
2619 3400 3028 3465 prOphetizata,
3075 3405 3133 3455 et
3152 3402 3326 3455 modo
3364 3405 3669 3469 completa.
3695 3408 3759 3458 Et

2155 3467 2283 3520 ideo
2310 3470 2582 3522 subditur
2605 3488 2616 3519 :

2219 3540 2270 3594 9.
2306 3542 2454 3591 Sicut
2479 3542 2810 3607 audivimus,
2835 3544 2910 3593 sic
2940 3544 3182 3595 vidimus
3209 3546 3271 3596 in
3303 3547 3516 3597 civitate
3538 3549 3758 3599 Domini

2154 3612 2436 3684 virtutum.
2462 3614 2635 3665 Recte
2651 3615 2934 3666 Dominus
2951 3616 3235 3669 virtutum
3247 3618 3476 3684 dicitur,
3496 3624 3636 3684 quia
3649 3625 3757 3674 An-

2152 3683 2754 3757 gelis,7Archangelis,
2812 3688 3075 3753 Turonis,
3129 3683 3663 3757 Dominationibus,
3702 3698 3753 3745 et

2152 3756 2379 3807 cunctis
2412 3756 2686 3808 cmlorum
2717 3758 3055 3821 agminibus
3088 3759 3443 3815 dominatur.
3470 3766 3541 3814 Et
3566 3756 3750 3816 tantus

2148 3826 2450 3891 Dominus,
2465 3829 2778 3892 quiregnat
2799 3828 2859 3880 in
2874 3829 3128 3894 Angelis,
3155 3844 3277 3884 non
3300 3834 3650 3898 dedignatur
3672 3848 3746 3887 re-

2146 3918 2324 3969 gnare
2357 3908 2417 3958 in
2448 3909 2634 3960 nobis.
2666 3910 2967 3973 PrOpterea
2994 3909 3170 3977 238
3201 3914 3466 3977 protinus
3487 3916 3740 3968 additur:

2143 3986 2210 4059 ln
2234 3987 2444 4036 civitate
2462 3988 2561 4037 Dei
2584 3988 2772 4039 nostri.
2798 3990 2927 4053 Ipse
2943 3992 3043 4053 qui
3067 3993 3352 4043 Dominus
3381 4000 3473 4045 est
3488 3996 3743 4059 virtutum,

2142 4056 2267 4121 ipse
2298 4062 2401 4122 est,
2446 4061 2503 4110 et
2524 4062 2681 4112 Deus
2718 4066 2933 4123 noster,
2963 4062 3023 4113 id
3052 4068 3157 4127 est,
3194 4065 3480 4117 Dominus
3516 4072 3576 4119 et
3594 4056 3742 4119 Deus

2142 4131 2478 4193 angelorum
2495 4136 2553 4183 et
2566 4132 2879 4183 hominum.
2894 4133 3095 4185 Omnis
3116 4147 3235 4186 una
3245 4136 3472 4200 civitas,
3491 4140 3742 4190 omnium

2141 4213 2298 4275 unus
2324 4204 2604 4275 Dominus
2642 4209 2699 4256 et
2742 4206 2895 4256 Deus
2927 4205 3141 4270 (Ephes.
3167 4206 3255 4270 4.).
3284 4210 3434 4271 Quid
3460 4216 3567 4272 est,
3593 4212 3741 4275 quod

2138 4272 2492 4344 audivimus,
2517 4280 2575 4326 et
2598 4275 2888 4327 vidimus?
2912 4279 3178 4340 sequitur
3199 4283 3258 4330 et
3275 4280 3445 4331 dicit:
3464 4272 3740 4344 Deus—fun-

2139 4343 2284 4417 (lavit
2319 4358 2474 4395 eam:
2511 4357 2630 4397 non
2666 4346 2737 4397 ad
2779 4351 3007 4411 tempus
3034 4350 3181 4400 sicut
3218 4343 3621 4417 Synagogam,
3648 4356 3735 4405 sed

2143 4414 2203 4462 in
2232 4421 2509 4466 aeternum.
2538 4418 2799 4469 Fundare
2816 4419 2939 4482 Dei,
2957 4426 3048 4472 est
3069 4414 3618 4478 incommutabiliter
3631 4431 3736 4477 sta-

2143 4484 2320 4559 bilire.
2346 4486 2392 4538 Ο
2421 4488 2587 4539 beata
2615 4488 2868 4541 Ecclesia
2892 4492 2903 4539 ι
2933 4492 3186 4554 quodam
3214 4497 3470 4559 tempore
3501 4497 3733 4558 audivit,

2143 4558 2392 4632 quodam
2408 4563 2662 4632 tempore
2681 4560 2840 4612 vidit.
2859 4561 3166 4615 Audivitin
3183 4558 3586 4632 promissione,
3600 4570 3731 4620 vidit

2138 4627 2200 4678 in
2223 4629 2598 4683 exhibitione.
2623 4632 2862 4683 Audivit
2887 4633 2950 4683 in
2975 4634 3450 4698 l’ropbetia,vidit
3473 4639 3534 4689 in
3560 4627 3730 4691 Evan-

2133 4698 2299 4776 gelio.
2321 4701 2685 4776 Omniaiquaa
2700 4704 2872 4776 modo
2889 4704 3269 4769 complentur,
3297 4714 3471 4761 antea
3493 4712 3727 4776 prophe-

2133 4771 2305 4847 tizata
2318 4777 2474 4847 sunt.
2505 4775 2794 4828 Fundavit
2833 4779 3030 4828 autem
3055 4777 3354 4832 civitatem
3383 4771 3570 4847 suain,
3597 4771 3725 4835 init-

2131 4841 2527 4920 tendoAFilium
2544 4859 2736 4920 suum,
2755 4851 2820 4899 ut
2835 4849 3026 4900 omnis
3051 4851 3150 4914 qui
3174 4852 3360 4905 credit
3374 4854 3434 4905 in
3450 4841 3591 4920 ipso,
3614 4868 3723 4907 non

2128 4918 2337 4990 pereat,
2366 4916 2467 4968 sed
2490 4916 2703 4970 habeat
2723 4920 2902 4972 vitam
2940 4927 3240 4974 aaternam.
3269 4926 3342 4976 Et
3366 4916 3489 4990 ipse
3513 4916 3723 4976 Salvator

2129 4985 2313 5060 factus
2346 4993 2436 5060 est
2471 4991 2863 5060 misericordia
2903 4996 3119 5045 nostra.
3148 4996 3230 5047 De
3264 4985 3589 5060 quo—eidem
3611 5001 3719 5051 Do-

2045 5082 2048 5086 λ
2124 5056 2279 5108 mino
2308 5057 2379 5108 ad
2395 5058 2628 5112 laudem
2662 5062 2844 5126 ipsius
2870 5065 3127 5117 Ecclesia
3149 5056 3335 5120 dicit:

2188 5127 2273 5182 10.
2294 5128 2635 5194 Suscepimus
2665 5134 2804 5183 Deus
2828 5136 3265 5187 misericordiam
3290 5145 3445 5190 tuam
3474 5143 3532 5192 in
3557 5144 3714 5193 medio

2124 5200 2305 5264 templi
2330 5202 2433 5252 tui.
2451 5204 2602 5255 Bene
2617 5205 3003 5259 misericordia
3024 5209 3131 5262 Dei
3147 5210 3362 5264 dicitur
3386 5215 3581 5279 Filius,
3602 5218 3712 5276 quia

2119 5357 2245 5392 rum
2262 5343 2335 5393 ad
2366 5344 2679 5397 Marcellam
2703 5354 2749 5398 et
2772 5349 2831 5398 in
2863 5349 3016 5399 libris
3042 5352 3446 5406 Hebraicarum
3472 5360 3706 5416 Quaestio-

2119 5428 2278 5493 num.
2301 5416 2515 5493 Revera
2531 5416 2634 5493 his
2648 5418 2807 5484 locis,
2831 5422 2953 5473 sive
2969 5425 3152 5487 Epist.
3167 5424 3254 5478 37.
3281 5428 3357 5478 ad
3383 5430 3703 5493 Marcellam,

2119 5489 2174 5535 et
2197 5486 2596 5559 Quaestionum
2619 5489 2681 5540 in
2707 5493 2909 5544 Genes.
2936 5486 3059 5559 cap.
3084 5495 3171 5550 10.
3187 5497 3252 5547 in
3265 5498 3380 5551 alia
3398 5486 3698 5553 omniaabiti

2118 5567 2248 5637 quae
2272 5557 2506 5637 recitare
2519 5572 2648 5637 non
2673 5569 2858 5637 vacat.
2876 5567 2941 5615 In
2960 5557 3237 5621 Commen
3246 5570 3407 5622 tariis
3422 5585 3638 5637 quoque
3651 5576 3697 5621 in

2114 5625 2320 5708 insaiam
2343 5627 2443 5692 lib(
2482 5633 2537 5708 et
2560 5644 2681 5696 cap.
2718 5635 2784 5684 II.
2808 5634 3068 5708 itemque
3091 5640 3188 5691 lib.
3230 5625 3591 5708 XVllifcap.

2113 5696 2351 5748 Tharsis
2373 5699 2605 5778 nomine
2622 5717 2774 5778 mare
2798 5696 3322 5778 aulae—significari,
3353 5728 3428 5766 ex
3452 5696 3689 5767 Hebrae-

2110 5772 2588 5851 rutnusententia,
2633 5777 2728 5829 vel
2768 5780 2947 5833 Indiae
2996 5772 3320 5848 regionem.
3345 5788 3515 5851 juxta
3550 5787 3687 5848 alios,

2117 5839 2303 5892 tradit.
