3908 6232
157 335 264 391 837

1169 340 1241 391 ΙΝ
1276 338 1599 392 PSALMOS
1633 337 1840 391 LXXV
1874 337 2449 391 COMMENTARIUS.

3352 349 3459 406 838

155 463 261 514 per
283 449 721 528 eum_misert_us
741 449 1011 528 estnobis
1027 451 1197 502 Deus.
1216 454 1297 528 De
1317 466 1432 528 quo
1454 453 1626 528 etiam
1643 454 1766 501 dici-
1789 455 1846 528 Α
1870 450 2385 528 dicin_i_s;sic_contra
2395 453 2726 528 violentiam
2736 458 2987 512 caritatis
2997 466 3153 512 mund
3163 481 3222 515 us
3234 467 3363 515 nihil
3378 482 3464 528 po-

158 524 261 572 tur
292 522 351 572 in
388 520 498 572 alio
537 520 759 584 psalmo
793 535 805 571 :
842 523 996 573 Deus
1032 535 1196 574 meus
1221 525 1612 577 misericordia
1636 537 1764 575 mea

162 593 332 655 (P811.
359 592 485 653 58.).
518 594 571 643 Si
590 597 812 643 tantum
838 599 1073 656 peccata
1095 595 1422 655 dimitteret,
1443 597 1765 647 misericors

155 664 428 715 Christus
457 663 567 714 dici
591 664 887 727 potuisset.
918 665 1026 715 Sed
1058 666 1191 728 quia
1214 672 1272 717 et
1302 667 1500 732 culpas
1529 667 1764 729 dimisit,

159 738 223 785 et
254 735 490 797 insuper
512 738 788 785 aeternam
813 735 991 786 vitam
1015 735 1317 787 immeritis
1341 738 1499 789 dedit
1516 752 1528 787 :
1548 750 1665 788 non
1678 749 1768 787 so-

159 805 290 856 lum
316 806 765 869 misericordem,
796 806 894 856 sed
919 808 1104 870 ipsam
1128 809 1573 859 misericordiam
1597 808 1769 872 digne

160 878 495 941 appellavit.
524 877 629 938 Qui
650 882 801 928 recte
824 878 1095 929 in'medio
1119 879 1328 930 dicitur
1356 882 1597 944 positus,
1634 880 1769 942 quia

161 948 239 997 ad
265 960 471 998 omnes
495 946 794 1009 aequaliter
819 959 881 996 se
904 946 1095 1009 habet,
1128 953 1247 999 tam
1270 949 1343 1000 ad
1359 949 1601 1009 nobiles,
1615 963 1766 1009 quam

161 1018 241 1069 ad
263 1018 542 1082 ignobiles
568 1031 580 1066 :
609 1021 726 1067 tam
753 1017 825 1067 ad
858 1018 1082 1082 idiotas,
1119 1030 1295 1081 quam
1328 1020 1401 1071 ad
1434 1022 1726 1084 sapientes
1753 1034 1763 1066 :

162 1090 325 1141 sicut
358 1090 634 1153 scriptum
671 1092 778 1151 est,
813 1088 1153 1153 Quicunque
1177 1091 1531 1143 invocaverit
1558 1102 1770 1141 nomen

162 1162 419 1217 Domini,
452 1160 648 1211 salvus
673 1159 783 1211 erit
802 1159 954 1222 (Joet.
982 1159 1071 1223 2,).
1098 1165 1169 1216 Et
1193 1163 1401 1214 iterum
1429 1178 1441 1213 :
1476 1164 1771 1225 Quotquot

159 1236 367 1283 autem
396 1233 736 1293 receperunt
761 1242 914 1294 eum,
952 1230 1113 1283 dedit
1139 1234 1225 1285 eis
1246 1235 1590 1297 potestatem
1620 1232 1769 1283 ﬁlios

164 1304 273 1355 Dei
297 1303 419 1353 fieri
448 1302 623 1365 (Joan.
644 1301 734 1360 1.).
758 1302 911 1353 Bene
934 1314 1067 1365 ergo
1085 1305 1463 1367 subjunctum
1488 1308 1611 1355 est:

234 1373 321 1428 11.
351 1373 659 1424 Secundum
694 1386 889 1421 nomen
911 1377 1066 1422 tuum
1100 1376 1259 1439 Deus,
1289 1377 1363 1423 sic
1392 1381 1437 1423 et
1463 1375 1690 1424 taustua
1708 1374 1771 1422 in

161 1449 307 1510 ﬁnes
332 1451 497 1494 terra.
516 1444 812 1505 Quomodo
834 1456 1049 1496 nomen
1075 1449 1239 1498 tuum
1266 1448 1419 1498 Deus
1442 1448 1659 1510 ubique
1685 1454 1775 1494 ter-

164 1529 369 1569 rarum
407 1515 680 1566 diliusum
715 1519 822 1577 est,
843 1515 922 1566 sic
959 1522 1014 1566 et
1039 1518 1166 1569 laus
1192 1522 1291 1569 tua
1316 1530 1502 1581 usque
1525 1519 1598 1569 ad
1626 1518 1773 1568 lines

168 1593 340 1639 terrae
365 1587 652 1637 universa:
672 1587 995 1649 proceditet
1010 1588 1231 1639 crescit.
1262 1589 1424 1639 Nulla
1448 1589 1601 1639 enim
1627 1591 1776 1639 terra

166 1663 283 1719 est,
309 1659 369 1708 in
393 1669 507 1720 qua
530 1656 736 1708 Christi
756 1669 971 1708 nomen
989 1671 1107 1709 non
1130 1660 1206 1710 sit
1231 1660 1516 1711 auditum.
1547 1661 1614 1709 Et
1640 1671 1775 1711 vere

166 1730 342 1782 multi
359 1730 552 1791 eruntj
562 1728 794 1790 usti,qui
807 1733 862 1779 te
877 1729 1215 1782 iaudabunt:
1233 1730 1598 1794 quiajustitia
1615 1730 1774 1794 plena

167 1808 245 1851 est
270 1802 489 1849 dentem
512 1806 621 1848 tua.
651 1800 794 1860 Quia
804 1813 905 1863 per
923 1803 1075 1851 omni
1084 1803 1397 1865 potentiam
1412 1808 1573 1855 tuam
1586 1818 1631 1851 ω
1641 1805 1772 1850 ullos

164 1877 364 1938 justos
381 1874 503 1937 jam
520 1868 873 1923 con‘vertisti.
902 1871 1064 1923 Multi
1080 1874 1326 1937 suntilli,
1341 1876 1436 1937 qui
1455 1876 1694 1925 stabunt
1709 1876 1771 1921 ad

171 1948 477 1997 dexteram
502 1949 659 1995 tuam
685 1943 892 2007 (Matth.
920 1942 1049 2007 ‘25.).
1070 1946 1195 1996 Non
1211 1945 1399 2000 solum
1422 1946 1592 1997 multi
1607 1948 1778 1997 erunt

172 2019 275 2082 qui
323 2017 562 2069 stabunt
604 2014 676 2066 ad
724 2015 1060 2066 sinistram:
1102 2016 1204 2067 sed
1249 2017 1327 2067 ibi
1350 2017 1456 2069 erit
1480 2016 1776 2081 plenitudo

172 2100 392 2141 massas
420 2087 494 2139 ad
518 2086 814 2137 dexteram
839 2087 1173 2138 constitutae
1197 2101 1210 2137 :
1231 2089 1300 2138 Et
1316 2088 1443 2139 ideo

240 2159 328 2215 12.
353 2160 577 2209 Laetetur
600 2173 752 2206 mons
773 2157 927 2221 Sion,
945 2163 990 2206 et
1012 2159 1246 2208 exultent
1266 2160 1391 2223 ﬁliae
1406 2160 1579 2210 Judaz.
1598 2158 1663 2210 Id
1687 2164 1775 2224 est,

172 2236 422 2295 uterque
435 2230 730 2295 populus,J
740 2229 907 2281 ud‘aea
919 2234 976 2281 et
987 2231 1325 2282 Gentillitas.
1336 2232 1496 2283 Unde
1509 2235 1535 2282 ‘I
1558 2237 1779 2296 propter

162 2305 387 2369 judicia
418 2309 529 2362 tua,
554 2302 800 2351 Domine.
834 2302 920 2351 Tu
949 2302 1101 2353 enim
1129 2303 1495 2366 judicaturus
1525 2315 1589 2354 es
1612 2303 1778 2355 vivos

174 2381 235 2427 et
259 2379 543 2433 mortuos,
567 2377 624 2424 et
643 2377 1012 2435 Separaturus
1029 2374 1261 2437 paleasa
1277 2379 1447 2435 granis
1466 2376 1672 2437 (Matth.
1691 2373 1777 2428 13.

174 2449 201 2502 1
214 2449 265 2502 6.
280 2453 326 2496 et
343 2444 481 2507 “25.):
504 2444 621 2495 etsi
635 2443 809 2494 modo
825 2443 990 2494 electi
1003 2444 1085 2496 tui
1095 2446 1389 2509 patiuntur
1405 2448 1587 2494 multas
1599 2448 1780 2494 moles-

175 2518 505 2582 tias,adhuc
519 2516 668 2566 inter
681 2514 864 2566 malos
880 2516 1210 2579 positi,quia
1220 2533 1321 2565 non
1333 2520 1689 2566 discernuntur
1698 2520 1781 2566 ad-

173 2594 292 2643 huc
310 2589 525 2654 judicia
538 2592 638 2639 tua
662 2601 674 2636 :
702 2590 839 2638 tunc
862 2587 1111 2651 profecto
1138 2590 1244 2640 erit
1266 2592 1502 2653 plenum
1516 2592 1777 2651 gaudium,

175 2668 237 2715 et
259 2661 515 2727 perfecta
524 2659 800 2711 exultatio
817 2660 1047 2722 quando
1060 2666 1190 2724 post
1198 2661 1415 2724 judicia
1430 2664 1543 2711 data
1557 2663 1781 2711 audituri

176 2738 325 2786 sunt
359 2747 371 2782 :
419 2731 642 2795 Venite,
674 2730 957 2781 benedicti
996 2732 1181 2783 Patris
1214 2734 1343 2794 mei,
1382 2734 1655 2798 percipite
1691 2745 1780 2784 re-

176 2817 387 2871 gnum.
427 2801 583 2867 quod
619 2801 786 2854 vobis
811 2808 1074 2866 paratum
1105 2808 1194 2855 est
1215 2805 1288 2855 ab
1319 2805 1536 2868 origine
1577 2803 1779 2854 mundi

176 2877 397 2940 (Matth.
436 2872 561 2937 ‘25.).
608 2874 711 2925 Per
748 2874 881 2925 Sion
905 2879 1163 2939 montem
1206 2876 1335 2927 ideo
1376 2876 1781 2941 intelliguntur

174 2946 394 3009 Judaei,
433 2945 567 3007 quia
598 2944 748 2995 sicut
764 2943 887 3007 jam
910 2958 1082 3009 supra
1101 2945 1317 2997 dictum
1346 2952 1452 3010 est,
1477 2948 1557 2998 ibi
1579 2953 1668 3000 est
1687 2962 1783 3001 ca-

178 3023 291 3086 put
331 3016 508 3081 regni.
546 3013 705 3067 Filiae
737 3014 907 3067 Judee
943 3029 1063 3067 non
1100 3016 1388 3069 immerito
1423 3019 1782 3084 accipiuntur

179 3088 441 3143 Gentiles
467 3102 479 3138 :
513 3086 612 3138 sed
639 3091 866 3151 propter
888 3088 1305 3141 confessionem
1335 3087 1507 3158 239
1524 3090 1781 3146 ﬂdei.Ju-

178 3162 291 3213 das
311 3160 473 3232 enim
488 3158 745 3221 confessio
774 3163 845 3232 est
871 3174 883 3208 :
909 3162 967 3210 et
990 3172 1193 3232 omnes
1223 3161 1354 3214 tilia:
1379 3163 1778 3232 confessionis,

181 3234 323 3285 tiliae
369 3231 749 3303 Judmgsunt.
779 3231 925 3303 Hinc
960 3231 1064 3303 (Ea:
1103 3232 1431 3297 Augustino)
1464 3231 1783 3303 Apostolus

178 3306 265 3358 ait
290 3318 304 3354 :
332 3305 458 3354 Non
480 3301 633 3379 enim
657 3301 832 3379 quiin
858 3302 1159 3379 manifesto
1182 3305 1425 3357 Judaeus
1448 3301 1561 3371 est,
1574 3320 1781 3379 neque,

179 3387 320 3442 quin
357 3377 416 3425 in
452 3373 754 3424 manifesto
778 3378 837 3423 et
857 3374 918 3424 in
942 3386 1111 3425 carne
1139 3380 1230 3427 est
1252 3378 1611 3431 circumcisio
1641 3373 1784 3436 {sed

180 3449 290 3512 qui
314 3445 377 3496 in
397 3443 737 3496 abscondito
762 3443 1003 3497 Judaeus
1027 3450 1137 3507 est,
1156 3449 1583 3503 etcircumcisio
1596 3456 1786 3507 cordis

181 3521 246 3572 in
273 3517 479 3592 spiritu
495 3529 612 3567 non
635 3516 822 3592 litera:
854 3520 1032 3592 cujus
1038 3518 1165 3592 laus
1188 3532 1307 3571 non
1333 3533 1406 3571 ex
1430 3522 1782 3592 hominibus,

182 3590 295 3643 sed
324 3602 397 3640 ex
434 3590 548 3639 Deo
572 3592 661 3638 est
683 3588 852 3650 (Rom.
873 3586 963 3651 2.).
991 3588 1142 3640 Talis
1178 3591 1422 3643 Judaaus
1458 3600 1584 3647 esto
1610 3609 1623 3657 ;
1651 3586 1785 3650 Glo-l

182 3663 339 3715 riare
363 3660 434 3711 de
465 3660 899 3734 circumcisione
923 3661 1130 3734 cordis.
1157 3663 1560 3719 Admonentur
1582 3668 1694 3734 alii,
1723 3672 1790 3723 ut

183 3734 622 3795 convertantur,
647 3743 780 3782 cum
805 3733 1110 3784 subditur:

252 3803 344 3859 13.
369 3804 707 3853 Circumdate
734 3804 886 3863 Sion,
908 3809 953 3852 et
975 3805 1387 3869 complwtimini
1405 3824 1543 3860 eam.
1562 3814 1790 3862 Circum-

183 3876 325 3929 date
359 3887 485 3926 eam
518 3886 619 3938 per
657 3874 848 3935 fidem,
891 3889 991 3938 per
1024 3879 1433 3944 operationem,
1468 3896 1568 3946 per
1606 3885 1790 3945 bonos

185 3959 407 4006 mores,
421 3951 478 3998 et
497 3945 939 4009 complectimini
954 3959 1083 3998 eam
1100 3948 1453 4003 dulcissimis
1470 3945 1791 4015 amplexibus

186 4017 466 4072 caritatis.
504 4018 686 4069 Nolite
709 4018 815 4079 (Ea:
847 4018 1047 4082 eodem)
1097 4021 1382 4073 scandalis
1417 4024 1788 4089 circumdare,

189 4090 303 4143 sed
325 4090 579 4153 caritate,
606 4093 672 4140 ut
703 4089 802 4152 qui
825 4090 973 4141 bene
991 4091 1267 4144 vivuntin
1280 4094 1469 4146 medio
1491 4098 1688 4158 vestri,
1708 4112 1791 4146 eos

186 4161 502 4214 imitemini
526 4177 536 4208 :
564 4165 623 4211 et
645 4173 837 4212 eorum
865 4161 1183 4215 imitatione
1206 4164 1432 4227 Christi,
1450 4168 1618 4229 cujus
1635 4182 1793 4216 mem-

188 4237 304 4286 bra
328 4237 482 4294 sunt,
508 4233 947 4296 incorporemini
969 4234 1140 4297 (Rom.
1171 4232 1539 4297 12.).Narrate
1554 4239 1614 4286 in
1633 4239 1798 4287 ιιιντ-ί.

186 4308 293 4355 bus
316 4304 448 4368 ejus.
474 4304 653 4363 Idest,
680 4306 736 4355 in
764 4304 1068 4356 altitudine
1092 4307 1477 4358 munitionum
1501 4310 1633 4373 ejus
1654 4322 1795 4361 con-

189 4377 406 4437 stituti,
431 4376 734 4441 praadicate
764 4377 966 4428 laudes
1003 4378 1149 4441 ejus.
1186 4378 1334 4429 Hinc
1355 4379 1501 4430 alius
1520 4381 1799 4445 propheta

188 4450 475 4503 admonet
498 4449 719 4499 dicens:
748 4450 927 4513 Super
948 4454 1208 4501 montem
1219 4450 1515 4502 excelsum
1530 4453 1797 4518 ascende,

194 4529 265 4575 tu
302 4522 403 4585 qui
434 4521 797 4585 evangelizas
831 4522 966 4573 Sion
998 4522 1141 4585 (lsai.
1174 4522 1299 4586 40.).
1334 4525 1460 4574 Non
1484 4525 1639 4576 enim
1669 4539 1798 4578 ver-

191 4597 343 4678 bum
374 4592 792 4689 Dcipraidi'care
816 4591 1014 4689 debet,
1034 4593 1330 4689 quiadhuc
1353 4606 1530 4689 prave
1546 4597 1795 4689 viv‘endo
1824 4614 1883 4689 D

190 4668 260 4719 in
298 4664 433 4715 imis
460 4664 625 4727 jacet.
653 4663 815 4716 Unde
847 4666 1126 4729 scriptum
1159 4670 1249 4717 est
1283 4666 1348 4717 in
1386 4666 1497 4718 alio
1531 4669 1754 4731 psalmo
1782 4688 1791 4719 :

192 4735 491 4789 Peccatori
515 4740 707 4787 autem
736 4737 882 4789 dixit
905 4738 1078 4798 Deus,
1101 4740 1284 4799 Quare
1307 4742 1369 4789 tu
1393 4741 1802 4804 enarrasjusti-

193 4810 314 4861 tias
342 4819 522 4871 meas,
557 4811 614 4859 et
649 4811 902 4860 assumis
942 4814 1355 4862 testamentum
1381 4824 1577 4863 meum
1600 4826 1702 4877 per
1734 4826 1800 4864 os

192 4887 374 4933 tuum
408 4878 567 4943 (Psat.
608 4880 755 4944 49.)?
800 4883 886 4933 Tu
916 4895 1052 4934 vero
1089 4882 1262 4933 odisti
1283 4882 1662 4948 disciplinam,
1688 4890 1796 4937 etc.

192 4954 355 5015 Ergo
376 4951 436 5002 in
460 4952 715 5004 turribus
739 4957 798 5004 et
817 4954 876 5004 in
896 4959 1094 5006 monte
1118 4955 1349 5007 excelso
1372 4956 1697 5007 narrandus
1714 4957 1803 5008 est

192 5022 443 5075 divinus
476 5035 682 5075 sermo.
720 5025 958 5077 Justum
991 5030 1097 5088 est,
1132 5030 1196 5077 ut
1228 5026 1340 5077 alte
1366 5028 1543 5091 vivat,
1568 5028 1665 5091 qui
1687 5027 1803 5081 alta

193 5095 515 5161 praedicat:
564 5101 631 5147 ut
664 5108 799 5147 cum
840 5097 1116 5150 doctrinis
1148 5098 1457 5150 concordet
1490 5100 1628 5152 vita.
1653 5102 1802 5165 Apte

190 5169 400 5230 itaque
429 5167 556 5231 subj
567 5173 806 5220 unctum
839 5175 928 5221 est
948 5185 962 5221 :

266 5238 355 5292 14.
391 5239 580 5287 Ponite
602 5240 765 5290 corda
790 5247 961 5291 vestra
972 5242 1240 5293 invirtute
1255 5243 1387 5307 ejus.
1404 5246 1601 5297 Virtus
1620 5244 1799 5309 hujus

191 5310 472 5373 civitatis,
499 5312 622 5375 ipsa
652 5316 740 5363 est
765 5313 853 5364 vis
878 5314 1151 5367 caritatis.
1175 5317 1326 5367 Nihil
1354 5322 1443 5368 est
1471 5317 1675 5369 fortius
1698 5319 1803 5369 hac

192 5384 434 5445 virtute,
457 5382 529 5434 de
552 5396 667 5446 qua
696 5385 963 5436 Salomon
978 5387 1085 5438 ait:
1112 5389 1298 5440 Fortis
1322 5392 1430 5451 est,
1458 5393 1523 5441 ut
1546 5403 1701 5441 mors
1717 5390 1804 5441 di-

191 5453 374 5506 lectio
398 5454 579 5515 (Cant.
605 5456 695 5519 8.).
725 5458 1019 5518 Quomodo
1044 5462 1195 5510 enim
1217 5461 1447 5523 quando
1470 5461 1627 5513 venit
1646 5477 1799 5523 mors,

193 5525 400 5579 resisti
414 5526 466 5578 ei
480 5539 598 5579 non
612 5529 763 5581 valet
773 5530 1689 5598 quibuslibetartibus,quibuslibet
1706 5548 1807 5583 me-

265 5680 286 5701 ·
309 5671 816 5744 Adinsequentem
831 5676 1090 5738 proxime
1102 5677 1394 5729 Psalmum
1413 5678 1682 5744 pericopa
1696 5682 1805 5730 haec

194 5743 471 5810 pertinet,
499 5748 556 5797 et
578 5744 741 5798 facile
764 5745 1021 5813 Prologo,
1050 5749 1171 5802 sive
1193 5752 1257 5801 ut
1272 5751 1475 5802 Noster
1496 5743 1682 5815 vocat,
1710 5752 1806 5803 Ti-

196 5816 328 5870 tulo
359 5816 757 5870 subnectenda
786 5823 896 5870 est.
922 5820 1003 5873 Re
1036 5821 1208 5874 etiam
1224 5833 1358 5873 vera
1373 5824 1805 5888 Augustinus,a

198 5901 324 5953 quo
371 5901 502 5941 eam
538 5891 742 5944 Noster
774 5892 1064 5958 descripit,
1096 5892 1513 5947 Prwfatinculie
1550 5894 1614 5947 in
1644 5895 1807 5948 Psal-

1797 1826 1851 1900 B

1869 522 2153 594 test.IIinc
2166 522 2375 594 Paulus
2388 524 2624 586 ait:Quis
2637 540 2744 579 nos
2761 533 3047 594 separabit
3062 546 3096 585 a
3110 540 3309 588 caritate
3321 522 3463 590 Clit-i-

1867 593 1940 643 sti
1956 596 1982 642 ?
1998 593 2326 668 Tribulatio,
2343 606 2419 668 an
2448 600 2736 668 angustia,
2751 593 3173 668 an'perseculio,
3192 622 3265 660 an
3283 614 3437 665 fames

1864 674 1936 713 an
1953 663 2206 727 nuditas,
2221 676 2296 713 an
2310 658 2638 745 periculum,
2654 658 3205 745 an'gladiuS?Certu's
3214 658 3459 745 sun;

1863 746 2050 816 neque
2072 747 2244 794 mors,
2272 747 2459 816 neque
2484 737 2614 816 vita,
2640 751 2826 802 neque
2848 744 3142 809 instantia,
3160 737 3460 816 neque'fu.

1866 810 2013 887 tura,
2038 819 2231 887 neqﬁue
2248 811 2509 857 creatura
2526 808 2735 887 aliqua
2765 817 2971 887 poterit
2992 830 3098 870 nos
3130 808 3460 887 separares.

1868 878 2101 951 caritate
2132 879 2251 951 Dei,
2286 890 2427 951 qua;
2456 882 2544 929 est
2564 878 2624 929 in
2650 882 2873 934 Christo
2893 888 3033 939 Jesu
3056 878 3297 948 Domino
3321 878 3458 951 nos;

1866 951 1954 1034 tro
1970 950 2137 1009 (Rom.
2164 950 2197 1002 8
2222 953 2259 1011 ).
2274 950 2391 1034 Ubi.
2403 955 2606 1014 regnat
2628 954 2856 1033 caritas,
2873 969 3218 1034 non-regnat
3242 950 3461 1034 cupidi-

1866 1024 1977 1092 tas,
2013 1032 2129 1070 non
2165 1021 2448 1084 superbia,
2485 1035 2602 1074 non
2624 1023 2727 1087 ira,
2751 1038 2868 1076 non
2890 1021 3122 1091 invidia,
3149 1047 3262 1088 non
3293 1021 3464 1092 luxu-

1865 1091 1971 1171 ria,
1991 1096 2334 1171 nonctetera
2350 1093 2749 1171 vit_ia._Caritas
2775 1098 2915 1171 vitia
2940 1105 3228 1168 extinguit
3245 1108 3310 1171 (1.
3341 1091 3459 1161 Cor.

1870 1159 1995 1245 13.).
2010 1162 2265 1245 ‘virtutes
2287 1165 2485 1243 nutrit.
2511 1167 2642 1245 pse.
2663 1171 2752 1218 est
2775 1159 3285 1245 virtutumAv‘irtus,
3301 1159 3363 1233 et
3384 1159 3467 1245 (ut

1868 1231 1948 1283 ita
1992 1232 2196 1295 dicam)
2244 1234 2437 1285 anima
2468 1235 2765 1289 virtutum.
2818 1242 3115 1301 Quomodo
3170 1231 3468 1303 caro’si‘ne

1869 1304 2063 1384 anima
2086 1304 2280 1384 vinvere
2302 1317 2421 1384 non
2444 1311 2653 1384 potest,
2679 1309 2763 1360 sic
2785 1310 3021 1381 reliquae
3052 1315 3313 1384 virtutes,
3342 1323 3468 1374 sine

1871 1375 2102 1427 caritate
2126 1376 2371 1439 figuram
2401 1377 2613 1430 habere
2643 1376 2902 1445 possunt,
2939 1386 3237 1442 veritatem
3260 1375 3470 1445 habere

1871 1458 1989 1521 non
2010 1452 2272 1510 possunt.
2294 1450 2365 1499 Et
2391 1451 2680 1521 quomodo
2703 1454 2895 1505 anima
2923 1469 3131 1521 corpus
3155 1462 3373 1515 animat
3391 1466 3471 1517 ita

1872 1519 2078 1594 caritas
2102 1524 2340 1594 caeteras
2357 1520 2598 1594 virtutes
2626 1524 2896 1576 vivilicat.
2926 1519 3068 1579 Nam
3097 1544 3195 1594 per
3216 1538 3466 1585 caritatem

1872 1590 2037 1663 viget
2054 1590 2369 1663 humilitas,
2414 1592 2678 1655 splendet
2712 1596 2980 1648 castitas:
3022 1590 3124 1663 per
3173 1606 3469 1658 caritatem

1876 1660 2201 1741 obedientia
2237 1663 2430 1725 servit,
2466 1664 2741 1741 patientia
2765 1666 2957 1719 vincit.
2986 1660 3076 1721 Sic
3099 1686 3471 1741 unaquaeque

1875 1732 2057 1783 virtus
2100 1735 2280 1783 totam
2328 1734 2573 1797 speciem
2617 1748 2802 1802 suam,
2855 1742 3035 1792 totam
3073 1732 3471 1799 fortitudinem

1878 1816 2043 1883 suam
2066 1817 2186 1883 non
2211 1804 2648 1883 trahitabunde,
2673 1809 2785 1859 nisi
2808 1811 3106 1883 acaritate.
3130 1816 3322 1867 Ponite
3339 1831 3474 1883 ergo

1876 1874 2041 1924 corda
2060 1882 2235 1954 vestra
2254 1876 2315 1923 in
2345 1876 2539 1954 virtute
2561 1878 2675 1954 eius
2701 1897 2710 1927 :
2734 1885 2784 1954 et
2805 1881 3108 1933 distribuite
3133 1887 3316 1938 domos
3338 1874 3470 1954 ejus,

1876 1952 1934 1995 ut
1944 1947 2206 1995 enarretis
2217 1947 2277 1995 in
2291 1948 2744 2021 progenierattetja.
2754 1953 2971 2005 Domus
2983 1955 3018 2005 d
3027 1968 3117 2009 uw
3132 1947 3472 2021 intelligeudte

1875 2022 2042 2069 sunt:
2075 2030 2193 2068 una
2219 2030 2291 2069 ex
2316 2020 2614 2084 prteputio,
2640 2019 2749 2073 alia
2772 2035 2846 2074 ex
2858 2019 3321 2083 circumcisione:
3327 2034 3475 2083 Con-

1877 2089 2147 2140 stitutum
2170 2094 2259 2140 est
2289 2089 2394 2151 (Ea:
2416 2092 2761 2157 Augustino),
2786 2101 2852 2146 ut
2874 2099 3135 2161 Apostoli
3163 2100 3476 2156 distribue-

1877 2164 2019 2220 rent,
2047 2161 2157 2211 hoc
2179 2165 2269 2211 est
2290 2161 2693 2224 discernerent,
2728 2164 2930 2218 domos
2954 2169 3117 2222 istas.
3143 2173 3287 2224 Cum
3312 2180 3477 2227 Voca-

1878 2236 1974 2283 tus
2008 2236 2161 2307 esset
2196 2232 2425 2307 Saulus,
2458 2237 2518 2284 et
2553 2234 2737 2287 factus
2778 2244 2935 2290 esset
2966 2241 3177 2293 Paulus
3212 2245 3343 2305 (Act.
3380 2244 3471 2307 9),

1876 2304 2227 2383 conveniens
2240 2303 2551 2383 inunitate
2574 2308 3035 2383 coapostolorum
3052 2303 3277 2375 suorum,
3298 2303 3470 2383 240

1879 2374 1960 2425 sic
1976 2387 2107 2425 cum
2133 2374 2213 2425 eis
2238 2375 2441 2426 habuit
2461 2374 2835 2441 placitum,ut
2854 2380 2935 2431 illi
2968 2382 3119 2435 irent
3141 2384 3204 2436 in
3234 2374 3480 2438 uiuid-

1878 2446 2149 2523 θίξξοηθιῐξ
2176 2463 2186 2494 ε
2220 2446 2329 2497 is“?
2346 2446 2411 2523 ξιξ
2432 2449 2785 2523 ριέθρμιτὶιιωλ
2798 2450 2926 2515 (Act.
2961 2452 3087 2518 11.).
3114 2457 3231 2508 Ista
3247 2457 3483 2523 dispen-

1879 2517 2099 2567 Satione
2122 2517 2495 2580 Apostolatus
2516 2519 2609 2569 sui
2628 2517 3266 2579 distribueruntdomos
3282 2517 3479 2581 civita-

1880 2590 1953 2666 tis
1975 2588 2172 2666 magni
2201 2590 2371 2666 regis,
2389 2594 2446 2641 et
2468 2591 2885 2666 concordantes
2900 2594 2962 2646 in
2974 2599 3207 2663 angulo,
3225 2602 3479 2666 Evange-

1876 2660 2019 2712 lium
2043 2660 2474 2724 dispensatione
2498 2662 2838 2726 diviserunt,
2864 2660 3101 2721 caritate
3142 2660 3474 2723 vinxerunt.

1878 2733 2317 2783 Distribuuntur
2344 2731 2518 2782 etiam
2544 2732 2751 2785 domus
2778 2737 2948 2788 istius
2973 2752 3076 2799 per
3098 2741 3361 2794 diversas
3387 2755 3477 2794 re-

1878 2805 2095 2870 giones,
2138 2815 2236 2867 per
2267 2802 2527 2876 diversas
2561 2808 3059 2874 congregationes,
3085 2825 3184 2876 per
3207 2812 3475 2865 diversos

1879 2875 2128 2937 ordines,
2164 2885 2263 2937 per
2284 2872 2511 2925 diversa
2530 2877 2749 2927 merita.
2773 2880 2913 2939 Qum
2932 2872 3261 2936 distributio
3282 2884 3477 2936 domo-

1877 2960 2006 2999 rum
2038 2946 2210 2997 habet
2233 2945 2293 2995 in
2308 2946 2448 2997 caelo
2472 2946 2903 3001 distinctionem
2918 2954 3308 3016 praemiorum.
3332 2958 3473 3005 Unde

1884 3019 2145 3072 Salvator
2165 3018 2261 3080 ait,
2287 3019 2353 3068 In
2372 3017 2545 3069 domo
2566 3019 2745 3082 patris
2770 3022 2882 3072 mei
2911 3024 3239 3077 mansiones
3270 3026 3473 3079 multae

1877 3094 2017 3142 sunt
2053 3090 2228 3163 (Joan,
2248 3087 2369 3152 14.).
2400 3089 2557 3163 Sicut
2583 3090 2753 3163 modo
2777 3091 3023 3146 diversa:
3049 3095 3260 3148 domus
3273 3098 3472 3163 gratim

1879 3163 1940 3215 in
1970 3173 2089 3213 una
2112 3160 2369 3222 (civitate,
2404 3159 2483 3211 ita
2507 3165 2646 3212 tunc
2669 3162 2915 3217 diversas
2944 3169 3113 3219 erunt
3139 3159 3473 3221 mansiones

1886 3233 2084 3299 gloriae
2127 3233 2189 3281 in
2220 3230 2418 3282 eadem
2441 3232 2757 3285 aeternitate
2784 3234 2851 3298 (1.
2891 3236 3011 3288 Cor.
3039 3236 3163 3303 15.).
3192 3240 3302 3292 Sed
3335 3239 3478 3304 quid

1889 3312 1995 3369 est,
2029 3306 2185 3378 quod
2214 3303 2543 3378 praecipitur
2572 3305 2779 3378 vobis,
2811 3320 2845 3358 ο
2884 3310 3067 3360 sancti
3103 3303 3381 3378 Apostoli,
3417 3316 3477 3362 ut

1882 3376 2144 3430 enarratis
2167 3375 2226 3423 in
2246 3375 2505 3438 progenie
2528 3374 2737 3426 altera?
2760 3377 3027 3441 Sequitur
3048 3386 3107 3433 et
3139 3374 3277 3435 dicit
3303 3403 3314 3433 :

1948 3450 2032 3504 15,
2060 3446 2333 3505 Quoniam
2362 3446 2448 3495 hic
2468 3452 2543 3495 est
2564 3447 2724 3512 Deus,
2754 3450 2896 3498 Deus
2919 3458 3095 3501 noster
3114 3453 3171 3502 in
3196 3460 3476 3517 aeternum,

1884 3527 1929 3572 et
1951 3522 2013 3570 in
2029 3518 2263 3567 secutum
2279 3517 2439 3566 secuti
2459 3532 2472 3568 :
2497 3517 2608 3582 ipse
2618 3524 2757 3583 reget
2771 3535 2865 3569 nos
2881 3522 2941 3570 in
2955 3524 3149 3575 secuta.
3171 3527 3286 3578 Nos
3301 3542 3479 3576 sumus

1887 3592 2196 3664 pregenies
2207 3589 2402 3664 altera.
2420 3591 2501 3641 Re
2525 3604 2657 3642 vera
2676 3591 2873 3659 altera,
2892 3595 3028 3658 quia
3048 3610 3219 3650 nova.
3236 3599 3482 3664 Prophe-

1890 3667 2004 3717 tata
2029 3666 2167 3713 sunt
2184 3662 2382 3713 haecin
2410 3663 2680 3727 progenie
2703 3666 2934 3728 carnali,
2959 3668 3268 3732 prmdicata
3290 3662 3481 3722 et'im-

1885 3735 2038 3800 pleta
2076 3734 2136 3784 in
2174 3733 2444 3806 progenie
2480 3735 2759 3798 spirituali
2785 3754 2795 3785 :
2822 3745 3090 3791 narratur
3121 3754 3257 3805 ergo
3291 3742 3478 3806 nobis,

1888 3806 2160 3871 quoniam
2185 3805 2278 3855 hic
2305 3807 2477 3870 Deus,
2509 3807 2609 3869 qui
2621 3810 2735 3858 tam
2760 3816 3129 3877 magnus‘est,
3153 3819 3212 3865 et
3228 3819 3346 3865 tam
3362 3805 3484 3865 lau-

1888 3878 2111 3938 dabilis,
2146 3879 2300 3928 Deus
2322 3880 2517 3928 noster
2535 3883 2625 3930 est
2651 3896 2661 3927 :
2693 3892 2810 3931 non
2831 3883 2903 3932 ad
2930 3887 3177 3948 tempus,
3198 3885 3299 3936 sed
3330 3885 3388 3936 in
3412 3896 3487 3936 ae-

1888 3954 2134 4001 ternum.
2179 3948 2223 4000 Ο
2262 3947 2428 3999 dulce
2452 3948 2759 4012 gaudium!
2795 3947 3081 4007 ineffabile
3106 3956 3350 4008 donuml
3378 3956 3483 4008 ha-

1890 4023 2138 4072 buerunt
2175 4019 2366 4070 Judaei
2397 4022 2580 4071 Deum
2617 4021 2758 4079 caeli,
2794 4026 2896 4075 sed
2929 4039 3047 4077 non
3075 4027 3136 4078 in
3160 4033 3441 4079 internum
3470 4043 3481 4076 :

1891 4092 2027 4155 quia
2036 4105 2096 4142 re
2102 4090 2531 4154 pulerunteum.
2559 4094 2901 4147 Habuerunt
2914 4104 3115 4161 gentes
3134 4101 3281 4151 Deos
3297 4102 3483 4148 multos

1892 4175 2092 4224 aereos,
2117 4162 2360 4225 ligneos,
2382 4161 2655 4227 lapideos,
2692 4177 2898 4217 aureos
2924 4185 2934 4216 :
2962 4169 3061 4219 sed
3097 4182 3215 4220 non
3242 4171 3303 4220 in
3332 4171 3492 4221 mter-

1892 4245 2052 4293 num,
2079 4232 2213 4295 quia
2246 4231 2316 4283 de
2340 4233 2689 4297 corruptibili
2710 4238 2950 4289 materia
2972 4240 3203 4291 fuerunt
3226 4255 3239 4291 :
3274 4239 3346 4291 de
3363 4238 3490 4302 qui-

1893 4307 2005 4357 bus
2022 4305 2299 4367 scriptum
2317 4308 2422 4369 est,
2444 4305 2532 4355 Dii
2556 4306 2655 4369 qui
2678 4311 2884 4360 cauum
2908 4312 2963 4361 et
2986 4316 3196 4362 terram
3211 4325 3330 4364 non
3340 4316 3491 4369 fece-

1894 4380 2048 4439 runt,
2092 4378 2325 4438 pereant
2360 4376 2432 4426 de
2472 4379 2638 4440 terra,
2688 4382 2743 4428 et
2776 4379 2847 4429 de
2878 4380 2988 4440 his,
3031 4394 3164 4444 qum
3210 4385 3324 4434 sub
3345 4391 3487 4441 caelo

1898 4451 2035 4499 sunt
2058 4446 2266 4509 (Jerem.
2294 4445 2419 4508 10.).
2446 4448 2728 4508 Quoniam
2761 4462 2964 4501 omnes
2990 4452 3067 4501 dii
3082 4453 3342 4515 gentium
3372 4458 3489 4511 dag-

1894 4518 2091 4571 monia
2116 4516 2426 4593 :Dominus
2449 4522 2642 4567 autem
2665 4519 2839 4593 caelos
2869 4520 3005 4573 fecit
3028 4523 3190 4585 (Psat.
3219 4523 3345 4586 95.).
3361 4530 3489 4593 Ipse

1899 4595 1989 4643 est
2011 4588 2291 4641 Dominus
2310 4589 2463 4639 Deus
2479 4593 2675 4640 noster
2688 4590 2748 4641 in
2761 4597 3059 4656 aeternum,
3078 4588 3424 4659 regnaturus
3442 4608 3491 4649 et

1898 4664 1959 4714 in
1995 4663 2104 4736 hoc
2129 4660 2320 4736 seculo
2352 4665 2409 4736 et
2431 4661 2493 4736 i_n
2517 4661 2725 4713 futuro.
2751 4665 2881 4727 Ipse
2906 4668 2963 4718 et
2994 4680 3113 4719 non
3143 4666 3311 4734 alius,
3334 4678 3493 4736 reget

1898 4746 2007 4786 nos
2030 4733 2091 4783 in
2108 4731 2318 4783 secula.
2356 4732 2413 4782 Si
2437 4733 2594 4783 Deus
2618 4738 2818 4787 noster
2840 4742 2947 4802 est,
2972 4744 3029 4791 et
3044 4751 3147 4790 rex
3164 4731 3362 4794 noster
3378 4731 3488 4796 e'st.

1901 4804 2148 4879 Protegit
2178 4816 2304 4864 nos,
2345 4804 2481 4867 quia
2515 4806 2671 4879 Deus
2703 4810 2810 4872 est,
2842 4822 2916 4861 ne
2940 4811 3265 4864 moriamur.
3314 4814 3497 4879 Reget

1898 4890 2023 4937 nos,
2042 4876 2177 4940 quia
2199 4887 2299 4927 rex
2324 4881 2415 4928 est
2442 4891 2513 4928 ne
2536 4877 2826 4931 cedamus.
2863 4883 3134 4947 Regendo
3158 4888 3352 4937 autem
3381 4876 3491 4938 nos

1898 4962 2018 5001 non
2038 4947 2249 5012 frangit
2272 4960 2396 5000 nos.
2416 4951 2560 5001 Nam
2580 4962 2727 5013 quos
2750 4964 2869 5005 non
2889 4956 3053 5020 regit,
3072 4956 3298 5021 frangit.
3313 4959 3393 5009 De
3412 4961 3494 5008 his

1901 5032 2048 5095 quos
2070 5021 2531 5095 regittscriptum
2566 5026 2682 5082 est;
2714 5024 2898 5089 Reges
2923 5041 3019 5095 eos
3043 5028 3104 5079 in
3128 5029 3288 5092 virga
3314 5029 3493 5081 ferrea

1903 5092 2062 5156 (Psat.
2101 5091 2192 5155 2.).
2227 5094 2309 5144 De
2342 5094 2450 5155 his,
2486 5106 2633 5157 quos
2669 5108 2789 5148 non
2820 5091 2982 5163 regit,
3013 5091 3276 5166 protinus
3300 5101 3497 5153 subdi-

1902 5169 1995 5217 tur
2021 5183 2031 5214 :
2073 5168 2142 5217 Et
2164 5171 2441 5230 tanquam
2464 5179 2566 5220 vas
2588 5167 2750 5232 figuli
2772 5172 3099 5239 confringes
3128 5185 3245 5224 eos.
3275 5173 3364 5223 Ab
3398 5172 3495 5224 illo

1902 5250 2035 5301 ergo
2080 5242 2344 5302 optemus
2381 5239 2504 5303 regi
2544 5242 2603 5291 et
2629 5241 2855 5293 liberari
2884 5242 2996 5307 hic,
3020 5245 3083 5296 in
3105 5247 3409 5308 aeternum,
3432 5244 3494 5296 in

1904 5310 2119 5364 saecula
2144 5313 2512 5364 saeculorum.

1968 5465 1985 5484 ·
2007 5456 2364 5509 Murmurant
2381 5456 2485 5519 (Ea:
2508 5456 2830 5521 Augustino)
2852 5456 3115 5508 homines
3139 5456 3499 5523 plerumque,

1904 5526 2003 5590 qui
2021 5532 2319 5592 propterea
2341 5527 2547 5580 volunt
2565 5529 2751 5579 Deum
2774 5527 2977 5591 colere,
3004 5529 3068 5580 ut
3102 5527 3195 5579 hic
3217 5526 3330 5580 illis
3354 5528 3499 5581 bene

1904 5682 2068 5723 mum
2082 5670 2479 5734 insequentem
2493 5670 2718 5723 intexit.
2744 5673 2862 5725 Nos
2886 5670 3070 5723 satius
3092 5670 3375 5724 duximus
3390 5686 3502 5723 eam

1904 5757 1937 5795 a
1962 5741 2309 5808 praecedenti
2324 5743 2802 5807 contexualiquot
2824 5745 3008 5810 spatio
3023 5757 3300 5798 versuum
3313 5744 3393 5810 sej
3402 5758 3506 5799 un-

1905 5828 2057 5882 gere,
2076 5827 2256 5878 eaque
2270 5814 2339 5866 de
2351 5827 2410 5866 re
2443 5814 2728 5867 monitum
2750 5816 3047 5870 Lectorem
3058 5817 3261 5870 facere.
