3880 6222
526 257 631 311 839

1579 255 1845 307 RUFINO
1883 257 2344 311 PRESBYTERO
2379 261 2769 315 ASCRIP'I‘US

3743 276 3826 325 δέη

526 372 621 447 sit,
645 368 1405 447 quandovideript_eos,qui
1428 370 1615 419 Deum
1638 380 1756 418 non
1772 367 1991 447 colunt,
2008 369 2122 431 pol-
2144 375 2199 445 Α
2284 371 2447 447 4.__Os
2472 386 2656 447 meum
2678 390 2791 426 non
2830 376 3081 442 loquatur
3109 383 3473 447 sapientiam,
3500 389 3550 431 et
3570 384 3824 433 meditati:

520 441 635 493 lere
656 445 831 503 atque
857 440 1058 491 ﬂorere
1078 440 1369 491 fcelicitate
1391 446 1647 492 terrena:
1669 451 1731 489 se
1751 443 1944 489 autem
1966 443 2117 489 Deum

522 511 780 563 colentes
805 512 1056 561 laborare
1071 510 1128 561 in
1152 512 1457 574 angustiis,
1479 520 1494 539 ·
1506 510 1759 574 jejuniis,
1784 511 2122 573 cmterisque

520 582 956 634 ditilcultatibus
1004 583 1364 633 mortalitatis
1400 582 1690 632 humanae.
1737 582 1943 631 Contra
1966 582 2121 632 hunc

523 655 793 706 morbum
808 664 995 703 sermo
1008 652 1242 703 divinus
1260 653 1511 716 loquitur
1529 652 1696 702 nobis
1712 651 1773 701 in
1788 651 1896 703 hoc
1908 656 2117 712 psalmo.

762 758 1129 822 TITULUS
1190 759 1510 823 PSALMI
1569 758 1874 822 XLVIII.

584 880 629 925 1.
650 876 847 921 Titulus
863 876 974 921 talis
986 876 1143 935 est,ln
1162 875 1467 936 ﬁnem/iliis
1486 874 1654 923 Chore
1666 874 1907 938 psalmus
1925 875 2115 929 David.

519 940 746 1002 Psalmus
780 938 871 984 iste
905 941 1139 1002 convenit
1172 940 1322 984 David
1354 940 1621 996 propheta,
1649 940 1737 997 qui
1768 939 1846 984 hic
1875 940 2116 1002 loquitur,

516 1001 804 1059 propositus
830 1001 951 1046 ﬁliis
976 1001 1134 1047 Chore
1151 1002 1209 1046 ad
1231 1002 1636 1057 intelligendum.
1664 1002 1863 1045 Materia
1888 1001 2117 1051 Christus

516 1069 621 1120 est;
646 1075 746 1108 non
771 1063 1038 1118 malorum,
1073 1064 1157 1107 sed
1178 1065 1429 1119 justorum
1458 1064 1768 1121 Redemptor.
1800 1063 1883 1109 Vel
1908 1065 2120 1113 materia

511 1138 583 1180 est
799 1137 1110 1190 contemptus
1133 1134 1330 1181 mundi.
1356 1134 1409 1178 In
1436 1134 1599 1191 prima
1621 1137 1758 1190 parte
1782 1134 1924 1190 ponit
1948 1135 2113 1190 prolo-

515 1217 654 1262 gum,
668 1204 727 1248 ad
745 1203 1229 1248 commendationem
1251 1204 1323 1248 rei
1350 1216 1500 1261 quam
1517 1204 1744 1248 dicturus
1761 1208 1851 1249 est.
1868 1205 1921 1249 In
1940 1216 2116 1249 secun-

516 1267 578 1311 da
602 1270 740 1324 parte
762 1266 997 1323 proponit
1019 1265 1275 1310 Christum
1302 1266 1699 1326 Itedemptorem,
1725 1278 1825 1310 non
1862 1266 2110 1310 malorum

514 1328 752 1373 etsteculi
785 1332 1081 1387 amatorum,
1117 1327 1203 1372 sed
1226 1328 1499 1386 justorum,
1526 1328 1647 1373 etin
1677 1327 1847 1372 eadem
1875 1333 2009 1385 parte
2033 1342 2110 1372 re-

513 1390 832 1448 prehendens
844 1388 983 1434 stulti
994 1390 1109 1433 tiam
1123 1402 1315 1445 eorum,
1331 1395 1465 1435 notat
1485 1390 1746 1446 vanitates,
1760 1390 1949 1446 quibus
1974 1402 2108 1434 ama-

516 1456 644 1497 tores
682 1453 829 1497 istius
862 1451 1036 1496 saeculi
1075 1457 1193 1496 sunt
1226 1452 1424 1497 intenti.
1468 1452 1523 1497 In
1552 1453 1692 1496 tertia
1719 1456 1857 1508 parte
1881 1452 2112 1497 admonet

508 1513 673 1569 justos
684 1526 949 1571 pauperes,
965 1526 1027 1558 no
1044 1518 1221 1558 curent
1242 1514 1363 1559 istos
1383 1514 1563 1559 divites
1582 1514 1729 1572 :quia
1752 1514 1848 1557 cito
1875 1513 2111 1571 peribunt

511 1588 684 1621 eorum
710 1575 1206 1620 divitizeJntendunt
1239 1582 1403 1621 autem
1440 1576 1659 1633 Apostoli
1689 1575 1765 1619 vel
1792 1576 2031 1632 Propheta
2056 1576 2109 1619 in

512 1636 603 1681 hoc
628 1638 837 1695 psalmo,
853 1638 1092 1682 omnesin
1116 1638 1211 1681 fide
1236 1639 1525 1698 existentes,
1546 1643 1641 1683 tam
1660 1651 1718 1682 ex
1742 1637 1930 1682 Judzeis
1953 1650 2102 1694 quam

508 1710 569 1744 ex
586 1699 849 1757 Gentibus,
876 1706 971 1744 tam
994 1699 1176 1743 liberos
1193 1712 1342 1758 quam
1358 1713 1526 1745 servos
1538 1701 1904 1757 cujuscumque
1927 1700 2099 1743 condi-

508 1761 660 1807 tionis
686 1762 808 1821 sint,
834 1762 1086 1806 dehortari
1126 1762 1187 1805 ab
1210 1763 1432 1819 appetitu
1460 1768 1769 1807 terrenorum
1796 1762 1854 1806 ad
1882 1774 2099 1806 amorem

508 1824 808 1871 caalestium.
830 1824 881 1868 Et
908 1825 980 1869 sic
1005 1836 1104 1868 non
1130 1824 1225 1868 erit
1243 1826 1295 1869 in
1312 1825 1392 1869 die
1411 1825 1594 1881 judieii
1611 1824 1907 1870 timendum.
1929 1824 1983 1867 In
2000 1824 2101 1880 pri-

506 1887 605 1931 mis
620 1890 785 1931 autem
798 1886 972 1930 multis
999 1885 1282 1931 faciunteos
1297 1890 1524 1943 attentos,
1546 1892 1649 1931 tum
1664 1888 1786 1943 quia
1809 1886 2097 1944 prudenter,

506 1947 557 1992 id
576 1953 648 1993 est
679 1948 932 1993 moraliter
960 1948 1034 1992 eis
1056 1947 1359 2004 loquuntur:
1390 1953 1492 1993 tum
1518 1949 1638 2006 quia
1654 1948 1967 2004 parabolice:
1996 1953 2099 1992 tum

506 2011 657 2055 etiam
684 2011 805 2068 quia
830 2009 957 2054 illud
974 2022 1002 2053 a
1017 2011 1257 2065 magistro
1274 2010 1489 2055 interius
1506 2010 1806 2067 praesidente
1824 2011 2097 2068 addiscunt,

510 2076 556 2117 et
582 2073 714 2131 quod
755 2072 871 2117 aliis
896 2084 1013 2117 voce
1036 2071 1402 2131 praedicabunt,
1428 2084 1577 2129 opere
1603 2072 1942 2129 complebunt.

930 2164 1329 2228 PSALMUS
1373 2164 1674 2229 XLVIII.

563 2268 614 2323 2.
632 2270 831 2319 Audite
857 2271 964 2319 hac
986 2286 1169 2319 omnes
1192 2277 1383 2334 gentes,
1400 2270 1627 2320 auribus
1642 2271 1893 2335 percipite
1918 2286 2099 2321 omnes

502 2341 599 2403 qui
629 2340 885 2389 habitatis
908 2340 1102 2391 orbem.
1121 2342 1282 2401 Quod
1306 2342 1451 2405 dico,
1467 2342 1709 2391 Auribus
1721 2344 1991 2406 percipite,
2008 2346 2098 2391 hoc

500 2415 609 2473 est,
637 2410 814 2463 nolite
837 2415 1205 2463 transeunter
1220 2412 1438 2465 audire.
1464 2413 1623 2464 Sicut
1643 2419 1734 2464 est
1752 2426 1887 2477 ergo
1911 2415 2104 2477 aliqua

500 2481 792 2534 distinctio
815 2484 967 2534 inter
988 2484 1204 2547 Audite,
1239 2489 1297 2535 et
1332 2483 1573 2533 Auribus
1598 2486 1853 2548 percipite
1875 2503 1886 2532 :
1912 2486 1992 2537 ila
2014 2488 2104 2537 est

499 2553 795 2606 distinctio
842 2553 1035 2618 aliqua
1071 2554 1219 2606 inter
1241 2570 1423 2604 omnes
1445 2562 1638 2618 gentes,
1663 2561 1721 2606 et
1750 2555 2102 2607 habitatores

500 2625 673 2676 orbis.
702 2625 1135 2690 Signiﬁcantius
1157 2627 1309 2677 enim
1339 2626 1463 2678 vult
1482 2626 1922 2690 nosintelligere
1948 2628 2099 2690 quod

476 2697 593 2757 ‘ait,
621 2697 834 2749 Omnes
859 2698 957 2762 qui
984 2698 1263 2749 habitatis
1304 2695 1501 2749 orbein
1537 2712 1549 2748 :
1586 2701 1651 2749 ut
1670 2702 1868 2762 gentes
1890 2698 2103 2749 intelli-

498 2781 727 2833 gamus,
765 2781 967 2820 omnes
991 2770 1223 2832 iniquos
1259 2785 1270 2820 :
1314 2770 1663 2821 habitatores
1707 2774 1902 2820 autem
1926 2770 2099 2835 orbis,

498 2852 699 2891 omnes
721 2840 929 2903 justos.
954 2842 1096 2892 Nam
1115 2842 1214 2905 qui
1236 2840 1460 2892 habitat
1480 2853 1599 2892 non
1624 2844 1864 2891 tenetur.
1884 2842 2097 2901 Quiau-

499 2915 616 2962 tem
646 2911 750 2975 (Eae
783 2912 1109 2976 Augustino)
1142 2917 1383 2976 tenetur,
1428 2925 1547 2963 non
1586 2912 1843 2964 habitat:
1871 2914 1971 2964 sed
1995 2913 2100 2965 ha-

499 2982 730 3034 bitatur.
750 2984 867 3034 Ista
895 2985 1072 3036 verba
1104 2983 1354 3035 audituri
1375 2988 1667 3035 erantnon
1684 2984 1867 3035 solum
1896 2997 2096 3049 pecca-

498 3057 652 3105 tores
676 3058 735 3106 et
755 3054 933 3119 impii,
953 3055 1056 3106 sed
1080 3060 1138 3106 et
1156 3056 1317 3119 justi.
1344 3056 1629 3107 Permixte
1665 3054 1834 3106 modo
1855 3056 2098 3107 audiunt

494 3137 717 3189 omnes,
736 3126 837 3177 sed
863 3139 993 3176 cum
1020 3130 1255 3178 ventum
1273 3126 1445 3178 fuerit
1465 3126 1537 3177 ad
1554 3126 1899 3177 reddendam
1925 3128 2097 3179 ratio-

492 3208 644 3258 nem,
674 3197 1099 3260 separabuntur
1135 3198 1235 3261 qui
1264 3197 1391 3249 sine
1430 3209 1639 3248 caussa
1669 3197 1990 3260 audierunt,
2021 3199 2095 3251 ab

490 3266 603 3318 illis
630 3269 729 3330 qui
751 3269 991 3320 auribus
1008 3274 1401 3333 perceperunt.
1422 3269 1670 3320 Audiant
1687 3281 1819 3331 ergo
1838 3275 2095 3332 peccato-

492 3340 734 3390 res.Hoc
765 3345 855 3390 est
871 3340 1025 3403 quod
1063 3341 1161 3399 ait,
1197 3340 1395 3389 Audite
1421 3340 1527 3388 haec
1543 3355 1725 3388 omnes
1747 3346 1938 3403 gentes.
1973 3343 2092 3392 Au-

490 3408 657 3459 diant
681 3414 738 3459 et
759 3410 923 3474 justi,
949 3410 1049 3473 qui
1072 3424 1191 3462 non
1216 3411 1337 3462 sine
1362 3423 1571 3461 caussa
1593 3410 1913 3473 audierunt,
1932 3416 1989 3463 et
2009 3426 2092 3464 re-

487 3481 634 3543 gunt
654 3482 848 3543 potius
875 3487 1109 3544 terram,
1135 3494 1307 3544 quam
1341 3487 1613 3544 regantur
1630 3494 1665 3532 a
1688 3486 1854 3533 terra.
1880 3485 1949 3534 Et
1981 3483 2091 3535 hoc

486 3555 579 3600 est
593 3551 745 3612 quod
764 3551 891 3615 subj
901 3551 1086 3615 ungit,
1098 3552 1337 3600 Auribus
1348 3552 1798 3615 percipiteomnes
1820 3555 1915 3617 qui
1933 3554 2090 3603 habi-

490 3620 614 3668 tatis
635 3620 831 3671 orbem.
859 3623 929 3671 Et
950 3622 1157 3671 iterum
1182 3622 1319 3673 dicit
1344 3637 1356 3671 :

552 3689 601 3744 3.
619 3690 828 3754 Quique
849 3692 1143 3754 terrigenae,
1168 3696 1213 3739 et
1235 3692 1339 3753 filii
1363 3691 1672 3744 hominum.
1701 3695 1863 3755 Quod
1876 3695 1956 3746 ait
1982 3693 2088 3759 (Ea:

485 3762 684 3823 eodem)
721 3762 1031 3825 Terrigenae,
1056 3762 1128 3813 ad
1150 3767 1478 3825 peccatores
1496 3764 1705 3815 retulit.
1733 3766 1893 3825 Quod
1906 3767 2000 3826 ait,
2018 3769 2086 3817 Et

481 3831 586 3891 ﬁlii
610 3832 920 3893 hominum,
945 3833 1017 3884 ad
1042 3833 1241 3899 ﬁdeles
1257 3834 1537 3897 etjustos.
1558 3835 1777 3886 Videtis
1803 3850 1936 3899 ergo
1950 3841 2084 3902 quia

486 3906 750 3953 servatur
765 3904 877 3955 ista
903 3904 1209 3956 distinctio.
1225 3905 1332 3965 Qui
1347 3910 1485 3956 sunt
1500 3918 1633 3970 ergo
1658 3908 1947 3970 terrigenae,
1968 3912 2082 3962 nisi

480 3972 581 4022 ﬁlii
604 3974 771 4025 terrm
783 3977 809 4024 ‘l
821 3975 927 4037 Qui
945 3980 1084 4027 sunt
1102 3975 1203 4026 lilii
1225 3979 1391 4028 terrai
1408 3980 1433 4026 Ρ
1452 3978 1557 4038 Qui
1583 3978 1953 4030 hmredltates
1980 3989 2079 4029 ter-

478 4055 647 4094 renas
672 4045 971 4109 requirunt
999 4063 1011 4097 :
1031 4050 1135 4109 Qui
1162 4053 1300 4099 sunt
1313 4048 1417 4110 ﬁlii
1442 4049 1768 4099 hominum?
1784 4051 1891 4111 Qui
1912 4055 2079 4115 perti-

477 4118 619 4166 nent
634 4116 706 4167 ad
733 4117 913 4168 illium
936 4118 1204 4170 hominis.
1226 4118 1552 4182 Aliquando
1574 4120 1721 4183 l’jam
1739 4121 1851 4172 ista
1873 4123 2080 4174 distin-

478 4186 674 4238 ximus
699 4189 993 4241 sanctitati
1017 4194 1243 4244 vestraa.
1280 4194 1349 4243 Et
1372 4191 1706 4242 invenimus
1732 4196 1869 4254 quia
1891 4194 2076 4245 Adam
2105 4198 2113 4206 ‘

475 4257 650 4311 homo
667 4264 802 4323 erat,
835 4260 985 4312 illius
1007 4261 1259 4313 hominis
1282 4275 1401 4314 non
1425 4267 1563 4313 erat.
1582 4265 1651 4313 Et
1668 4264 1819 4314 Deus
1840 4277 1957 4315 non
1973 4273 2077 4314 erat

473 4329 597 4393 ipse
618 4331 836 4383 Adam:
870 4332 1132 4385 Christus
1161 4339 1353 4386 autem
1387 4337 1445 4385 et
1471 4332 1627 4384 illius
1659 4334 1911 4385 hominis
1934 4342 2072 4401 erat,

472 4406 531 4451 et
552 4403 707 4454 Deus
738 4405 873 4455 erat.
903 4404 1256 4469 Quicumque
1278 4406 1566 4470 pertinent
1588 4404 1660 4456 ad
1681 4405 1885 4471 Adam,
1920 4409 2069 4455 terri-

469 4486 636 4534 genae:
653 4475 1006 4539 quicumque
1030 4478 1317 4539 pertinent
1337 4476 1410 4528 ad
1434 4476 1745 4540 Christum,
1768 4478 1871 4538 ﬁlii
1888 4478 2067 4526 homi-

469 4518 624 4594 ἵιιιτη.
651 4518 865 4597 amnes
881 4518 1074 4598 tame;
1090 4549 1342 4599 audiant.
1362 4550 1481 4612 Ego
1498 4546 1672 4598 nullis
1684 4518 1958 4599 sdbtraho
1970 4564 2070 4597 ser-
2093 4518 2151 4591 D

468 4625 699 4683 monem
722 4628 938 4668 meum.
956 4619 1260 4681 Terrigena
1280 4622 1406 4670 est?
1428 4619 1639 4670 Audiat
1662 4624 1890 4683 prapter
1909 4619 2065 4683 judi-

467 4682 637 4754 cium.
671 4686 847 4738 Filius
878 4688 1127 4739 hominis
1174 4691 1525 4742 est‘?Audiat
1548 4695 1779 4754 propter
1799 4682 2062 4754 regnum.

467 4752 648 4804 Simul
672 4757 732 4803 in
759 4772 935 4806 unum
954 4760 1095 4808 dives
1116 4766 1162 4809 et
1174 4776 1401 4825 pauper.
1427 4752 1789 4825 Iterumipsa
1813 4752 1950 4812 sunt
1978 4775 2066 4813 re-

465 4827 659 4889 petita.
687 4829 851 4888 Quod
874 4831 973 4894 ait,
998 4831 1255 4896 Dives,ad
1282 4834 1598 4897 terrigenas
1623 4834 1885 4897 pertinet.
1902 4834 2063 4896 Quod

465 4902 660 4948 autem
684 4900 921 4965 Pauper,
945 4902 1015 4951 ad
1041 4901 1189 4954 ﬁlios
1212 4903 1532 4955 hominum.
1565 4906 1785 4955 Divites
1808 4905 2063 4969 intellige

468 4972 781 5042 superbos:
808 4984 1087 5036 pauperes
1104 4973 1369 5026 humiles.
1389 4977 1612 5026 Habeat
1639 4974 1810 5042 242
1848 4980 2061 5028 multas

467 5036 769 5093 facultates
800 5044 1186 5108 pecuniarum,
1213 5048 1261 5097 si
1285 5048 1343 5097 in
1359 5047 1441 5099 eis
1466 5061 1581 5098 non
1604 5036 1897 5099 cadit—itur
1921 5061 2063 5106 pau-

464 5117 678 5184 perest.
703 5116 826 5165 Non
841 5115 1051 5169 habeat
1073 5117 1308 5181 aliquid,
1337 5120 1531 5182 cupiat
1560 5124 1617 5170 et
1640 5119 1891 5184 inﬂetur,
1910 5122 2063 5171 Inter

462 5181 668 5234 divites
712 5188 982 5250 reprobos
1027 5188 1265 5251 deputat
1296 5181 1428 5239 eum
1462 5191 1636 5241 Deus.
1684 5194 1751 5242 Et
1773 5181 1981 5242 divites
2006 5192 2062 5242 et

460 5265 737 5327 pauperes
751 5256 808 5308 in
826 5260 996 5309 corde
1010 5260 1320 5321 intermgat
1335 5262 1634 5312 Dominus.
1657 5264 1783 5312 Non
1801 5274 1976 5327 parva
1998 5274 2061 5314 se

459 5324 740 5388 Propheta
766 5328 1060 5380 dicturum
1090 5330 1365 5393 insinuat,
1392 5344 1525 5383 cum
1554 5337 1771 5385 tantam
1798 5324 2060 5385 omnium

459 5393 628 5469 iaciat
669 5398 1146 5469 advocationem.~
1174 5404 1243 5452 Et
1265 5402 1424 5466 ponit
1455 5417 1738 5467 caussam,
1769 5418 1942 5469 quare
1967 5405 2059 5458 de-

456 5464 587 5517 beat
608 5468 793 5521 audiri
817 5483 948 5523 cum
982 5472 1179 5524 subdit
1206 5487 1219 5523 :

524 5625 542 5686 f
572 5617 749 5669 Penes
771 5622 1185 5686 Augustinum,
1211 5625 1273 5674 in
1293 5627 1708 5678 necessitatibus.

524 5684 544 5713 "
560 5687 627 5760 I_n
648 5684 1004 5753 expositione
1019 5684 1231 5747 Psalmi
1261 5699 1405 5749 VIII.
1437 5698 1635 5750 itidem
1659 5712 1731 5751 ex
1754 5702 2054 5760 Augustino.

462 5752 638 5806 Paulo
659 5752 852 5812 autem
867 5770 999 5825 post
1012 5765 1241 5819 videtur
1256 5769 1463 5821 Noster
1484 5772 1680 5836 verba,
1691 5770 1760 5820 Et
1780 5752 1923 5820 eius
1944 5752 2057 5821 nou

2220 443 2516 517 cordisimei
2526 447 2902 509 prudentiam.
2922 443 3217 515 Saipenti‘a
3238 459 3331 504 est
3359 455 3625 517 cognitio
3648 459 3824 503 divin-.-

2219 527 2368 590 rum.
2396 516 2702 590 Prudentia
2720 525 2809 570 est
2833 521 2904 572 de
2920 522 3308 576 instructione
3333 516 3593 576 morum.
3626 528 3695 577 Et
3717 542 3823 590 ph.»-

2220 585 2392 660 pheta
2417 586 2506 637 vel
2547 591 2804 652 Apostoli
2851 592 2942 643 hic
2967 598 3327 647 annuntiant
3353 585 3734 660 sapientiam,-
3750 604 3822 648 ut;

2219 656 2507 708 Christum
2531 659 2735 732 Filium
2772 663 2873 713 Dei
2896 667 3157 716 omnium
3186 656 3643 732 Redemptorem
3664 673 3823 726 iuste

2217 738 2342 777 rum
2361 730 2728 782 annuntiant.
2754 734 2941 784 Mores
2964 735 3301 797 informant,
3329 730 3469 789 cuin
3496 741 3705 789 docent
3724 741 3821 791 haec

2219 802 2445 870 terrena
2468 813 2586 850 non
2609 815 2735 853 esse
2750 807 3095 870 appetenda,
3123 814 3183 859 et
3207 810 3469 859 divitum
3496 809 3733 861 divitias
3749 826 3823 860 Dc-

2216 867 2533 930 gligendas.
2569 873 2709 922 Haec
2741 880 2937 925 autem
2978 867 3094 928 non
3127 881 3291 942 puris
3331 881 3508 931 labiis
3540 895 3605 932 se
3630 881 3819 933 dixisse

2217 942 2612 1015 pronuntiant,
2626 943 2728 1015 sed
2756 947 3046 1009 meditate,
3068 954 3135 1000 ut
3158 950 3467 1002 auditores
3482 957 3819 1015 magismag-

2219 1014 2307 1059 tos
2330 1010 2759 1085 reddantliazc
2789 1016 2961 1066 etiam
2982 1030 3100 1069 non
3125 1032 3158 1069 a
3183 1021 3419 1085 seipsis,
3448 1022 3557 1072 sed
3580 1010 3816 1072 interiore

2214 1080 2520 1155 magistro,
2557 1082 2832 1136 videlicet
2864 1088 3077 1150 Spiritu
3103 1080 3336 1152 Sancto,
3366 1080 3581 1143 audire
3609 1099 3668 1144 et
3690 1092 3815 1155 loqui

2215 1152 2568 1222 senasseruit,
2592 1166 2724 1205 cum
2748 1158 2872 1220 subj
2884 1160 3064 1222 ungit,

2275 1220 2695 1297 5,1nclinaboin
2710 1220 3032 1288 parabolaﬁm
3054 1220 3248 1279 aurem
3270 1248 3482 1294 meam,
3502 1236 3748 1297 aperiam
3772 1241 3809 1285 is

2209 1293 2464 1366 psalterio
2486 1297 2907 1357 proposilionem
2941 1316 3137 1351 meam.
3166 1305 3229 1353 In
3261 1293 3613 1366 ρδταῡὸιθζω
3645 1320 3811 1358 aurem

2209 1362 2501 1434 inclinare,
2528 1370 2617 1415 est
2638 1369 2902 1419 eamdem
2925 1362 3605 1434 parabolam_humiliter
3639 1379 3809 1429 audire

2212 1433 2582 1508 {Alalth,_93.).
2628 1438 2811 1498 Quam
2836 1452 2952 1491 non
2989 1443 3261 1507 audiunt,
3303 1447 3411 1508 qui
3458 1459 3587 1497 non
3628 1448 3811 1499 iaciunt

2211 1505 2363 1579 quod
2393 1505 2618 1558 dicunt:
2638 1508 2836 1572 quales
2866 1516 3030 1563 erant
3052 1505 3351 1577 Pharisaei,
3380 1529 3540 1579 quos
3566 1520 3701 1568 dicit
3724 1523 3812 1570 Do-

2209 1576 2403 1651 minus
2427 1580 2623 1651 sedere
2670 1592 2840 1644 super
2875 1583 3205 1636 cathedram
3242 1576 3432 1650 Moysi
3475 1590 3699 1651 (Matth.
3736 1592 3763 1643 ὃ
3799 1632 3807 1640 .

2206 1646 2313 1721 Qui
2337 1648 2729 1721 vero°_doctor
2752 1656 2839 1701 est
2870 1652 2975 1715 (Eae
2997 1646 3423 1717 Augustinofet
3441 1646 3570 1709 non
3593 1662 3806 1721 auditor.

2132 1739 2184 1813 B
2207 1716 2639 1813 plrgd'e‘s‘t,
2665 1721 2925 1813 sibine}?
2954 1726 3573 1813 prodestquuiautein
3598 1720 3805 1813 iaciunt.

2208 1790 2265 1838 et
2299 1788 2382 1839 sic
2406 1789 2639 1841 dicunt:
2681 1792 2922 1843 audiunt
2968 1797 3125 1859 quod
3172 1798 3398 1850 dicunt.
3446 1802 3524 1851 Et
3558 1802 3687 1852 ideo
3716 1804 3806 1854 fru-

2208 1864 2407 1910 ctuose
2431 1860 2633 1912 dicunt
2656 1863 2807 1925 quod
2833 1866 3097 1917 audiunt.
3121 1868 3273 1919 Talis
3299 1875 3427 1921 erat
3450 1872 3569 1923 iste
3596 1875 3681 1923 vir
3704 1888 3803 1925 san-

2202 1934 2351 2005 ctus.
2372 1932 2644 2005 Quiprius
2661 1935 2988 1996 parabolam
3006 1937 3304 1991 humiliter
3325 1941 3519 2005 audit,
3539 1950 3803 2005 quatenus

2202 2002 2522 2079 instructus
2542 2004 2810 2079 interiore
2825 2008 3124 2071 magistro,
3144 2010 3355 2062 deinde
3372 2002 3604 2077 aperiat
3624 2029 3804 2079 propo-

2204 2072 2473 2123 sitionem
2499 2087 2664 2125 suam
2689 2076 2748 2126 in
2772 2079 3061 2140 psalterio.
3082 2081 3381 2134 Parabolas
3407 2072 3805 2137 suntsiinilitu-

2203 2142 2369 2218 dines
2384 2156 2603 2218 rerum,
2616 2159 2749 2209 quas
2774 2155 3187 2212 comparantur
3198 2153 3374 2204 rebus
3387 2153 3459 2204 de
3486 2156 3701 2218 quibus
3716 2163 3802 2217 agi-

2205 2218 2315 2264 tur.
2334 2215 2754 2288 Propositiones
2771 2222 2908 2269 sunt
2920 2222 3302 2285 quiestiones,
3318 2225 3380 2274 in
3394 2215 3614 2288 quibus
3631 2215 3803 2287 aliquid

2204 2289 2294 2335 est
2318 2287 2469 2357 quod
2508 2287 2895 2351 disputatione
2940 2290 3291 2344 solvendum
3321 2287 3423 2345 sit.
3444 2299 3636 2357 Quare
3666 2298 3803 2348 audit

2204 2356 2533 2429 parabolam
2546 2362 2569 2408 ε’
2586 2362 2728 2419 Quia
2745 2360 3007 2411 videmus
3023 2376 3183 2413 nunc
3195 2377 3297 2428 per
3313 2356 3621 2429 speculum
3634 2369 3693 2418 in
3706 2373 3807 2415 sui.

2202 2431 2414 2489 gmate,
2443 2428 2592 2479 sicut
2609 2430 2747 2480 dicit
2762 2432 3098 2494 Apostolus.
3124 2428 3397 2495 Quamdiu
3414 2437 3511 2487 hic
3526 2444 3803 2499 peregrina-

2203 2510 2337 2548 mur
2359 2512 2392 2549 a
2416 2500 2679 2562 Domino,
2697 2503 2955 2553 nondum
2980 2506 3071 2555 est
3098 2505 3358 2557 illavisio
3376 2515 3582 2559 nostra
3596 2511 3732 2560 facie
3752 2514 3801 2557 ad

2207 2568 2427 2631 faciem,
2447 2571 2685 2643 ubijam
2704 2586 2819 2623 non
2845 2579 2984 2624 sunt
3008 2577 3299 2639 parabolae
3316 2592 3514 2643 neque
3529 2585 3800 2641 aenigmata.

2206 2651 2398 2715 neque
2411 2641 2837 2715 similitudines.
2859 2646 3126 2709 Enigma
3150 2653 3243 2700 est
3259 2641 3515 2702 obscura
3528 2654 3798 2715 parabola,

2204 2722 2338 2773 quas
2367 2711 2597 2785 diiIlcile
2621 2714 2972 2778 intelligitur.
2996 2717 3053 2768 Si
3076 2730 3214 2782 ergo
3237 2720 3301 2771 in
3324 2711 3643 2785 aenigmate
3669 2711 3799 2774 vide

2202 2793 2355 2844 mus,
2381 2783 2724 2836 inclinemus
2759 2786 2819 2836 in
2846 2787 3179 2849 parabolam
3207 2803 3415 2843 aurem
3438 2783 3718 2844 nostram.
3742 2796 3800 2845 Et

2204 2853 2289 2904 sic
2312 2854 2635 2917 aperiamus
2658 2857 2712 2906 in
2738 2860 3007 2921 psalterio
3038 2863 3497 2925 propositionem
3532 2870 3795 2917 nostram.

2204 2925 2695 3001 Audiamusquod
2712 2928 2943 3001 dicitur,
2970 2931 3251 2984 faciamus
3277 2936 3434 2997 quod
3458 2937 3789 3001 praecipitur.

2195 2996 2457 3072 Apertum
2487 2998 2724 3072 _(inquit)
2758 3002 3188 3064 propositiOnem
3231 2996 3416 3053 meam
3454 2996 3514 3055 in
3535 2996 3790 3072 psallens.

2197 3067 2332 3140 quia
2354 3067 2507 3130 quod
2538 3082 2789 3132 propono
2813 3072 3307 3126 manifestandum
3330 3077 3393 3127 in
3424 3067 3657 3140 ρεδίωο
3680 3080 3788 3130 hoc.

2196 3138 2396 3214 faciam
2446 3152 2564 3190 non
2588 3140 2771 3191 solum
2800 3144 2993 3214 verbo,
3037 3145 3140 3197 sed
3199 3148 3375 3199 etiam
3401 3138 3671 3214 exemplo
3695 3168 3707 3200 :
3737 3159 3787 3202 ut

2193 3209 2348 3273 quod
2362 3210 2537 3261 doceo
2567 3224 2681 3272 ore,
2710 3213 3025 3277 compleam
3050 3229 3240 3281 opere.
3261 3209 3606 3272 Psalterium
3631 3224 3784 3281 enim,

2191 3281 2247 3352 in
2265 3293 2379 3343 quo
2395 3282 2667 3333 manibus
2689 3284 2966 3336 feriuntur
2980 3287 3236 3352 chordae,
3258 3294 3322 3340 ut
3342 3291 3783 3352 audiaturmelus,

2190 3350 2341 3426 idest
2350 3353 2631 3426 psalmus,
2651 3354 2859 3426 bonam
2883 3350 3276 3420 operationem
3305 3361 3635 3423 signiﬁcare
3651 3350 3787 3426 saepe

2186 3422 2307 3498 jam
2331 3423 2605 3498 diximus.
2632 3427 2696 3476 In
2727 3420 2995 3490 psalterio
3016 3442 3155 3494 ergo
3180 3420 3636 3496 propositionem
3668 3420 3789 3498 ape.

2190 3497 2315 3555 rire,
2335 3500 2427 3546 est
2438 3497 2616 3547 verba
2631 3509 2762 3560 qua:
2778 3504 3071 3562 ponuntur
3086 3503 3360 3565 operibus
3384 3497 3785 3558 demonstrare.

2191 3566 2465 3641 luclinabo
2490 3569 2550 3616 in
2561 3569 2881 3641 parabolam
2905 3587 3097 3620 aurem
3114 3589 3316 3626 meam.
3345 3581 3428 3627 Ac
3453 3578 3504 3627 si
3527 3578 3696 3641 dicat,
3708 3590 3787 3628 au-

2189 3637 2343 3712 diam
2366 3638 2528 3689 inme
2551 3640 2823 3703 Spiritum
2845 3648 3114 3694 sanctum
3139 3645 3654 3711 loquentem,etea
3668 3637 3785 3712 quis

2185 3706 2380 3759 futura
2404 3714 2561 3771 sunt,
2580 3712 2639 3761 in
2657 3712 2939 3774 parabolis
2962 3716 3019 3764 et
3044 3706 3548 3780 propositionibus
3578 3706 3785 3771 den'un-

2188 3779 2444 3856 tiantem.
2477 3782 2767 3833 lnclinabo
2789 3796 2924 3847 ergo
2950 3787 3007 3835 et
3033 3779 3352 3839 humiliabo
3368 3789 3433 3840 in
3453 3790 3608 3842 hanc
3630 3804 3780 3856 para,-

2185 3849 2375 3925 bolam
2408 3866 2605 3903 aurem
2643 3867 2849 3911 meam,
2887 3867 3077 3919 neque
3100 3858 3174 3909 de
3197 3858 3311 3909 illis
3334 3874 3451 3923 ero,
3489 3862 3564 3913 de
3587 3849 3780 3925 quibus

2183 3920 2416 3994 dicitur:
2446 3925 2547 3975 Vm
2580 3925 2892 3989 prophetae,
2927 3928 3025 3990 qui
3053 3929 3361 3994 prophetat
3384 3920 3458 3983 de
3482 3920 3657 3984 corde
3688 3947 3779 3984 suo

2184 3992 2385 4070 (Ezeeli.
2425 3994 2492 4047 13
2516 3998 2781 4070 )._Postea
2805 4010 2941 4049 vero
2974 3992 3233 4063 aperiam
3273 4005 3335 4053 in
3358 4004 3637 4067 psalterio
3659 4019 3778 4070 pro-

2182 4064 2522 4140 positionem
2550 4065 2722 4134 243
2759 4081 2963 4119 meam.
2979 4071 3223 4124 Audivit
3237 4064 3391 4124 enim
3407 4064 3707 4140 propheta,
3731 4083 3777 4127 et

2178 4135 2315 4207 quid
2327 4136 2583 4188 audisset
2593 4140 2654 4188 in
2664 4140 2773 4191 hoc
2784 4141 3052 4203 psalterio
3066 4144 3273 4207 psalmi
3286 4135 3576 4195 manifestat
3588 4135 3773 4196 dic-eus:

2240 4205 2291 4259 6.
2311 4207 2422 4281 ραν
2440 4209 2632 4281 timebo
2656 4212 2719 4260 in
2734 4212 2818 4261 die
2839 4212 3026 4263 mala?
3048 4205 3220 4278 idest,
3246 4216 3309 4266 in
3331 4217 3426 4268 die
3442 4219 3667 4281 judicii.
3691 4219 3775 4269 Di-

2177 4277 2255 4349 cit
2276 4278 2500 4341 aliquis,
2549 4282 2693 4343 Quia
2736 4283 2918 4336 fecisti
2965 4284 3208 4344 furtum,
3256 4277 3659 4349 homicidium,
3698 4287 3773 4339 vel

2170 4348 2331 4423 aliud
2364 4363 2538 4413 grave
2550 4360 2869 4416 peccatum.
2888 4358 3012 4407 Non
3035 4357 3186 4420 ideo,
3206 4358 3415 4423 inquit,
3441 4360 3657 4411 timebo.
3679 4362 3773 4410 Cur

2166 4422 2343 4495 Igitur
2360 4423 2587 4495 _timebo
2623 4429 2646 4495 ἒ
2671 4426 2936 4489 sequitur
2967 4433 3027 4479 et
3057 4428 3214 4491 dicit,
3254 4431 3532 4495 lniquitas
3551 4431 3771 4480 calcanei

2178 4492 2304 4562 mei,
2320 4492 2488 4565 idest,
2515 4494 2703 4547 ﬁnalis
2726 4498 2999 4561 iniquitas
3024 4492 3388 4550 circumdabit
3408 4517 3511 4550 me.
3526 4503 3769 4565 Idest,e1

2176 4563 2515 4638 omniparte
2530 4567 2781 4618 ostendit
2803 4582 2894 4621 me
2920 4570 3331 4624 damnabilem.
3356 4574 3486 4624 Non
3509 4587 3647 4638 ergo
3666 4563 3768 4625 tam

2169 4634 2465 4700 iniquitas,
2490 4650 2666 4700 quam
2701 4639 2835 4690 ﬁnis
2871 4640 3200 4705 iniquitatis
3228 4645 3489 4696 timenda
3513 4634 3619 4697 est.
3658 4648 3769 4697 Non

2169 4708 2323 4757 enim
2348 4708 2446 4770 qui
2484 4710 2632 4761 male
2668 4711 2893 4773 vixerit,
2921 4712 3025 4764 sed
3067 4715 3169 4777 qui
3198 4716 3351 4766 mala
3393 4718 3519 4767 vita
3551 4717 3769 4779 ﬁnierit,

2172 4779 2459 4842 periturus
2483 4784 2588 4831 est.
2614 4782 2669 4833 Si
2693 4795 2827 4847 ergo
2852 4784 2992 4835 vitet
3014 4785 3383 4848 iniquitatem
3400 4787 3655 4839 calcanei
3672 4788 3769 4847 sui,

2156 4853 2215 4922 et
2232 4850 2488 4922 ambulet
2526 4852 2586 4903 in
2610 4854 2718 4905 viis
2731 4855 2855 4918 Dei,
2881 4868 2996 4906 non
3022 4855 3266 4919 timebit,
3295 4863 3356 4909 ut
3382 4860 3684 4922 perveniat
3703 4858 3767 4908 ad

2161 4919 2313 4971 diem
2339 4921 2572 4974 malam.
2594 4926 2706 4975 Cur
2728 4938 2863 4989 ergo
2876 4927 3215 4979 timebimus
3239 4929 3299 4979 in
3316 4919 3410 4980 die
3441 4931 3595 4981 mala
3614 4937 3640 4980 τ
3662 4934 3765 4981 Aut

2163 5003 2337 5054 quare
2359 5006 2474 5044 non
2500 5008 2609 5045 nos
2635 4997 3429 5063 emendubimus,antequam
3454 5003 3647 5053 veniat
3667 5004 3764 5048 dies

2157 5063 2309 5137 mala
2330 5066 2357 5113 εἰ
2386 5066 2744 5137 Praeceptum
2777 5073 2865 5119 est
2888 5070 3042 5133 Evm,
3073 5076 3139 5121 ut
3160 5073 3436 5124 observet
3459 5080 3632 5137 caput
3653 5073 3763 5124 dia-

2162 5132 2273 5205 boli
2293 5134 2458 5197 :quia
2481 5136 2743 5188 diabolus
2756 5132 3092 5190 calcaneum
3107 5142 3294 5205 ipsius
3323 5132 3599 5195 observ-at
3619 5144 3757 5205 (Gen.

2161 5202 2251 5266 3.).
2275 5207 2391 5255 Eva
2424 5212 2513 5257 est
2538 5220 2668 5259 caro
2690 5213 2904 5260 nostra.
2944 5212 3050 5262 Per
3072 5202 3313 5264 carnem
3337 5214 3563 5266 facilius
3585 5202 3759 5263 lubilur

2159 5274 2348 5325 homo.
2365 5276 2421 5328 Si
2446 5277 2623 5340 igitur
2645 5279 2922 5342 iniquitas
2946 5282 3207 5333 calcanei
3232 5284 3613 5336 circumdabit
3635 5297 3754 5341 nos,

2159 5358 2262 5395 cur
2290 5346 2623 5400 timebimus
2653 5350 2713 5401 in
2746 5352 2838 5401 die
2866 5350 3372 5406 mala?Habemus
3398 5357 3549 5408 enim
3567 5356 3622 5405 in
3663 5367 3756 5418 po-
3852 5346 3853 5407 Ῐ

2160 5421 2366 5491 testate
2394 5420 2497 5483 (Eae
2539 5422 2861 5486 Augustino)
2903 5424 3222 5476 auxiliante
3257 5428 3530 5491 Domino,
3552 5432 3613 5479 ut
3643 5438 3750 5476 non

2159 5488 2434 5542 faciamus
2459 5492 2817 5556 iniquitatem
2844 5513 2856 5543 :
2881 5500 2981 5546 aut
3015 5496 3065 5547 si
3099 5496 3369 5561 fecimus,
3420 5505 3485 5552 ut
3503 5488 3745 5551 emende-

2158 5636 2271 5705 erat
2291 5633 2402 5705 ipse
2423 5634 2623 5701 Adam,
2648 5635 2719 5687 de
2732 5648 2837 5687 suo
2856 5636 3206 5705 intexuisse,
3231 5641 3347 5694 nisi
3373 5620 3426 5695 si
3446 5645 3519 5697 ab
3538 5646 3737 5705 Augus-

2158 5703 2263 5755 tini
2295 5704 2589 5759 codicibus
2625 5707 2995 5771 postmodum
3024 5703 3391 5766 exciderunt.

2221 5784 2239 5804 ⁶
2262 5776 2521 5830 Pressius
2546 5790 2707 5831 sacro
2730 5780 2915 5832 textui
2937 5782 3378 5844 Augustiniana
3398 5785 3577 5849 lectio,
