3880 6222
106 347 217 404 841

1142 364 1216 414 ΙΝ
1252 362 1573 415 PSALMOS
1606 363 1813 414 LXXV
1849 362 2431 419 COMMENTARIUS.

3322 374 3428 431 842

416 467 531 552 θῇς
555 481 671 552 non
694 471 808 552 erit.
830 473 928 535 qui
952 476 1415 552 nos_circumdet.
1450 479 1519 529 Et
1544 477 1605 528 in
1628 476 1720 527 die
1745 487 1800 552 Α
1829 477 2161 552 constitutis
2197 478 2404 530 diebus
2436 479 2660 544 aliquos
2686 483 3102 547 conducebant,
3128 490 3194 537 ut
3217 490 3425 539 invoca-

111 535 448 609 novissima
467 551 587 589 non
614 540 967 607 timebimus,
992 545 1093 597 sed
1117 547 1520 609 gaudebimus.

175 606 208 659 7
217 644 232 657 .
263 607 391 681 Qui
410 614 551 681 sunt
575 623 709 674 ergo
735 624 881 675 quos
907 606 1285 669 circumdabit
1306 618 1585 681 iniquitas
1609 618 1723 670 cal-

102 678 434 753 caneisui?
458 680 563 738 Qui
589 684 867 745 conﬁdunt
889 686 947 734 in
972 688 1165 737 virtute
1186 704 1307 753 sua,
1329 695 1374 738 et
1395 678 1455 738 in
1481 690 1722 738 multitu-

102 748 246 824 dine
263 749 833 824 divitiarumsuarum
849 756 1177 819 gloriantur.
1198 748 1304 812 νώ
1317 761 1499 823 vobis,
1516 760 1721 824 Judaei,

107 820 217 893 qui
242 832 373 893 non
389 820 451 871 in
476 822 722 893 Christo,
750 826 852 877 sed
876 827 938 878 in
962 834 1156 881 vestra
1166 830 1393 893 justitia
1409 820 1718 882 confiditis;

100 890 219 964 Yae
247 892 433 964 vobis,
461 892 689 955 divites,
718 896 816 958 qui
841 898 900 948 in
923 900 1134 951 vestris
1152 890 1366 953 divitiis
1381 902 1717 964 gloriamini.

99 962 299 1036 Vobis
321 963 644 1015 timendum
670 972 778 1028 est,
808 970 964 1031 quod
991 971 1260 1022 subditur
1282 973 1340 1023 in
1366 962 1588 1036 psalmo
1612 988 1623 1023 :

172 1030 227 1087 8.
253 1034 442 1104 Frater
484 1050 599 1084 non
646 1030 880 1098 redimit,
930 1042 1150 1091 redimet
1198 1030 1396 1095 homoiP
1446 1044 1586 1104 Quis
1632 1048 1722 1095 est

95 1103 221 1155 iste
245 1103 440 1167 frater,
463 1105 578 1156 nisi
604 1107 884 1172 Christus,
914 1112 1013 1174 qui
1038 1118 1282 1165 caeteros
1306 1103 1509 1165 fratres
1537 1113 1720 1165 salva-

96 1175 194 1249 Yit
206 1177 436 1249 {Cujus
449 1179 665 1249 typum
687 1181 904 1245 Joseph
915 1182 1007 1235 ille
1024 1185 1225 1249 tenuit,
1240 1186 1338 1247 qui
1360 1185 1566 1237 fratres
1580 1198 1717 1236 suos

92 1244 176 1296 de
228 1246 375 1297 fame
402 1244 684 1320 liberavit
732 1244 881 1313 (Gen.
929 1252 1015 1306 42.
1053 1254 1181 1318 43.).
1214 1244 1430 1307 Frater
1454 1257 1563 1307 iste
1589 1261 1720 1320 post

96 1317 591 1391 resurrectionem
613 1323 1031 1391 suamcuidam
1057 1326 1203 1377 dixit
1228 1341 1241 1377 :
1273 1326 1446 1391 Vade,
1475 1327 1567 1378 dic
1590 1317 1717 1377 'fra-

98 1387 297 1438 tribus
344 1388 491 1439 meis
538 1390 719 1451 (Joan.
771 1390 903 1455 20.).
943 1395 1135 1447 Frater
1161 1402 1361 1448 noster
1379 1387 1565 1448 voluit
1588 1410 1717 1449 esse

96 1458 394 1509 Dominus
406 1464 617 1519 noster,
634 1464 990 1514 assumendo
1005 1472 1265 1519 nostram
1285 1470 1719 1519 naturam.Chri-

100 1533 239 1579 stus
264 1529 418 1580 enim
444 1531 544 1593 qui
568 1531 779 1584 dicitur
805 1534 981 1586 Filius
1008 1538 1129 1600 Dei,
1155 1543 1211 1590 et
1235 1543 1342 1601 est,
1369 1539 1576 1589 dicitur
1602 1538 1716 1590 fra-

100 1604 196 1671 ter
220 1605 419 1651 noster
444 1601 622 1664 (Hebr.
643 1602 738 1666 2.).
774 1606 924 1671 Ergo
955 1608 1002 1657 si
1028 1609 1290 1661 Christus
1314 1622 1431 1661 non
1451 1609 1715 1669 redimet,

97 1670 283 1722 homo
306 1671 707 1744 redempturus
720 1680 848 1727 est?
859 1670 914 1727 Si
940 1678 1033 1730 ille
1058 1693 1176 1732 non
1190 1681 1430 1733 redimet
1441 1681 1539 1744 qui
1560 1683 1714 1732 Deus

98 1744 197 1815 est
220 1747 279 1794 et
304 1742 495 1807 homo,
522 1745 761 1797 redimet
785 1747 934 1800 alius
959 1750 1057 1813 qui
1084 1752 1159 1802 sit
1177 1765 1357 1815 purus
1368 1742 1701 1803 homo?Non

98 1813 323 1876 utique.
342 1815 503 1866 Unde
526 1815 653 1865 Non
679 1817 825 1866 dabit
848 1820 955 1869 Deo
986 1813 1348 1884 placationem
1371 1838 1549 1873 suam.
1584 1825 1705 1874 Non

98 1884 317 1949 poterit
340 1887 521 1937 Deum
544 1886 768 1950 placare
793 1890 998 1952 malus,
1026 1906 1213 1957 neque
1239 1907 1337 1957 per
1358 1893 1705 1946 oblationem

96 1968 295 2028 neque
320 1968 417 2028 per
440 1958 778 2023 orationem,
812 1974 999 2025 neque
1032 1977 1129 2028 per
1170 1965 1529 2016 sacrificium.
1558 1965 1706 2016 Hinc

98 2026 322 2078 Paulus
340 2027 459 2099 ait:
499 2030 830 2084 Voluntarie
855 2026 1420 2098 nobis‘peccantibus
1440 2036 1563 2099 jam
1587 2048 1704 2087 non

100 2098 484 2171 relinquimur
504 2100 697 2152 hostia
720 2115 821 2166 pro
846 2109 1081 2167 peccato
1106 2106 1287 2169 (Hebr.
1302 2106 1429 2171 10.).
1448 2098 1704 2169 Quamdiu

100 2169 261 2220 enim
286 2169 457 2221 homo
481 2175 569 2223 est
591 2172 649 2223 in
672 2173 973 2227 voluntate
998 2176 1288 2240 peccandi,
1316 2169 1489 2228 nullis
1518 2178 1704 2229 Deum

100 2245 299 2313 potest
338 2242 559 2305 placare
592 2245 952 2309 muneribus,
990 2248 1165 2299 nullis
1191 2249 1503 2313 sacrificiis,
1529 2248 1703 2301 nullis

98 2312 375 2375 operibus
400 2313 586 2365 bonis.
615 2316 685 2366 Et
708 2316 835 2368 ideo
856 2318 1088 2369 subdit:
1397 2339 1403 2345 ι

165 2382 219 2436 9.
245 2383 319 2457 Et
344 2385 581 2447 pretium
601 2386 949 2437 redemtionis
971 2391 1173 2440 animae
1193 2406 1334 2441 suae:
1360 2403 1479 2442 non
1496 2391 1707 2457 poterit

98 2454 257 2505 dare.
280 2456 406 2507 Non
430 2461 522 2508 est
543 2457 697 2508 enim
722 2459 847 2523 ejus
863 2461 981 2512 Deo
997 2461 1349 2526 beneplacita
1363 2454 1697 2526 eleeniosyna,

96 2528 272 2589 cujus
296 2526 487 2579 adhuc
506 2528 778 2581 voluntas
790 2533 1067 2584 retinetur
1082 2534 1141 2584 in
1152 2533 1336 2597 culpa.
1352 2533 1419 2582 Et
1436 2533 1701 2582 laborabit

97 2598 164 2646 in
189 2603 447 2647 mternum
488 2599 671 2663 (Vere.
708 2601 839 2667 10.],
865 2608 911 2653 et
932 2604 1064 2653 vivet
1088 2605 1270 2653 adhuc
1302 2605 1363 2652 in
1386 2606 1569 2668 ﬁnem.
1595 2603 1700 2666 Qui

96 2668 174 2719 ad
203 2673 431 2733 tempus
456 2670 773 2725 delectatus
801 2681 891 2726 est
914 2675 974 2725 in
999 2675 1305 2739 divitiis,in
1331 2677 1611 2726 aeternum
1631 2678 1702 2723 la-

94 2739 328 2792 borabit
376 2741 437 2792 in
474 2746 775 2796 tormentis
821 2747 1001 2810 (Apoc.
1030 2745 1122 2809 9.).
1150 2745 1510 2797 Desiderabit
1535 2746 1698 2809 mori,

96 2811 205 2862 sed
257 2824 373 2863 non
422 2815 647 2876 poterit.
675 2816 764 2867 Ad
788 2817 897 2867 hoc
924 2821 1148 2868 tantum
1174 2817 1348 2880 vivet,
1388 2821 1452 2868 ut
1478 2829 1701 2881 semper

94 2881 338 2935 laboret.
386 2885 492 2936 Vae
522 2886 643 2947 tibi,
686 2887 840 2939 mala
864 2888 1162 2953 cupiditas,
1194 2900 1371 2952 quam
1395 2888 1544 2939 male
1567 2893 1700 2940 tuos

98 2953 323 3019 decipis
344 2957 632 3008 amatores
645 2994 660 3009 .

166 3024 251 3078 11.
277 3026 606 3077 Nonvidebit
629 3028 928 3089 interitum,
955 3043 1080 3078 cum
1103 3029 1299 3078 viderit
1312 3029 1577 3093 sapientes
1590 3043 1702 3079 mo-

94 3096 311 3146 rientes.
349 3098 562 3150 Vident
591 3100 877 3163 sapientes
893 3100 1054 3152 mori.
1083 3100 1408 3152 Attendunt
1425 3105 1699 3166 tempora-

93 3166 213 3219 lem
224 3170 596 3234 mortem,sed
611 3170 869 3222 futurum
882 3170 1271 3224 damnationis
1286 3171 1582 3224 interitum
1594 3188 1693 3222 non

90 3238 421 3302 provident.
472 3241 628 3293 Talia
674 3240 1013 3306 plerumque
1050 3242 1195 3294 solet
1233 3242 1454 3295 dicere:
1488 3246 1691 3296 Nonne

95 3312 361 3361 mortuus
413 3316 505 3363 est
558 3311 730 3379 244
764 3313 856 3365 ille
880 3314 1150 3378 sapiens?
1176 3314 1231 3367 Si
1255 3314 1470 3378 aliquid
1496 3320 1693 3379 posset

98 3380 201 3444 qui
222 3379 439 3445 aliquid
464 3385 669 3447 sapuit,
698 3397 815 3435 non
826 3387 1155 3437 moreretur.
1169 3386 1397 3437 Faciam
1413 3398 1547 3450 ergo
1567 3387 1696 3435 mihi

92 3452 258 3514 bene,
290 3454 429 3504 dum
457 3454 606 3506 vivo.
632 3456 706 3506 Hi
730 3461 869 3507 sunt
888 3456 985 3520 qui
1010 3456 1370 3520 voluptatem
1396 3471 1694 3509 summum

94 3523 311 3576 bonum
325 3537 459 3576 esse
474 3530 764 3590 putantes,
776 3528 1002 3579 cunctis
1018 3528 1267 3592 corporis
1284 3531 1695 3578 delectationibus

90 3593 393 3648 inhaerent.
422 3597 493 3646 Hi
518 3602 657 3649 sunt
684 3598 782 3661 qui
806 3597 1022 3649 dicunt.
1040 3598 1423 3650 Comedamus
1452 3604 1509 3651 et
1532 3599 1694 3651 biba-

94 3679 248 3731 mus,
297 3680 423 3718 cras
471 3668 625 3719 enim
669 3669 980 3720 moriemur
1028 3670 1236 3732 (Eccles.
1287 3669 1377 3732 7.).
1411 3671 1693 3723 Viderunt

91 3738 198 3799 (Ea:
215 3738 259 3786 A
272 3738 543 3801 ugustino)
567 3741 598 3790 J
606 3739 756 3792 ιιᾱωὶ
780 3740 1069 3791 Christum
1097 3740 1441 3804 pendentem
1451 3742 1512 3793 in
1524 3758 1686 3802 cruce,

91 3812 149 3861 et
195 3813 630 3862 contemserunt
666 3810 827 3863 illum
851 3808 1144 3863 dicentes:
1182 3812 1288 3863 Hic
1314 3813 1362 3863 si
1386 3812 1563 3864 Filius
1590 3813 1692 3865 Dei

90 3885 263 3943 esset,
313 3881 688 3933 descenderet
732 3882 804 3934 de
851 3894 1019 3933 cruce
1048 3882 1254 3945 (Matth.
1291 3882 1399 3947 27.)
1428 3901 1438 3933 :
1468 3897 1586 3935 non
1610 3884 1690 3935 vi-

89 3950 294 4003 dentes
316 3953 419 4015 qui
445 3952 521 4004 sit
543 3952 811 4005 interitus
837 3962 874 4001 ·.
901 3953 1000 4004 Ille
1026 3955 1374 4006 moriebatur
1400 3959 1688 4019 tempora-

86 4022 231 4085 liter,
259 4027 324 4074 ut
348 4023 717 4076 revivisceret
740 4024 800 4074 in
824 4028 1125 4076 mternum.
1152 4023 1238 4075 Illi
1262 4027 1538 4077 vivebant
1552 4029 1690 4077 tem-

85 4093 378 4158 poraliter,
427 4094 684 4146 morituri
720 4094 780 4146 in
828 4100 1128 4147 internum.
1183 4097 1265 4147 De
1312 4097 1525 4160 quibus
1550 4110 1687 4148 mox

87 4164 451 4216 subinfertur
483 4183 493 4215 :
527 4164 704 4216 Simul
720 4167 984 4230 insipiens
1006 4172 1051 4215 et
1074 4166 1268 4215 stulius
1286 4167 1557 4230 peribunt.
1572 4169 1687 4220 Insi

82 4237 251 4300 piens
281 4241 389 4300 est,
416 4236 516 4299 qui
540 4249 659 4288 non
675 4237 851 4289 credit
875 4238 936 4288 in
959 4237 1214 4288 futuram
1225 4249 1475 4301 pcenam.
1492 4241 1684 4287 Stultus

83 4307 184 4370 qui
229 4306 368 4358 licet
389 4307 605 4373 credat,
633 4310 824 4360 tamen
847 4321 967 4359 non
991 4311 1175 4360 cavet.
1204 4310 1352 4360 Cave
1386 4321 1520 4373 ergo
1543 4309 1686 4360 insi-

80 4376 367 4443 pientiam
394 4396 405 4428 :
426 4391 575 4451 cave
600 4379 903 4432 stultitiam
922 4378 1183 4443 :provide
1206 4379 1465 4451 futurum
1482 4380 1687 4451 interi-

82 4454 228 4500 tum.
257 4450 371 4501 Fac
399 4449 500 4501 tibi
512 4451 727 4502 amicos
741 4451 814 4502 de
823 4462 1157 4502 mammona
1172 4453 1458 4511 iniquitatis
1472 4450 1662 4515 (Matth
1674 4494 1686 4507 .

79 4520 173 4585 6.).
204 4521 371 4573 Vade
395 4521 468 4572 ad
494 4521 788 4574 formicam
814 4523 988 4587 (Prov.
1018 4520 1108 4585 6.),
1143 4524 1201 4573 et
1217 4521 1374 4573 disce
1386 4526 1684 4583 sapientiam

80 4594 236 4657 (quia
264 4596 470 4645 aastate
495 4599 828 4658 congregat,
841 4594 993 4645 unde
1016 4593 1172 4645 vivat
1196 4592 1258 4643 in
1273 4592 1496 4657 hyeme)
1515 4599 1683 4646 etnon

72 4663 296 4728 peribis
318 4663 380 4714 in
405 4668 704 4716 aeternum.
731 4664 817 4715 Illi
832 4670 1027 4716 autem
1044 4663 1217 4715 simul
1234 4663 1516 4729 peribunt,
1530 4665 1597 4714 Et
1609 4681 1685 4716 re-

1828 552 1957 600 rent
1979 549 2215 600 nomina
2229 554 2589 602 mortuorum
2605 552 2752 603 circa
2766 553 3122 618 sepulturam
3133 569 3348 610 eorum.
3367 563 3424 608 In

1820 631 1935 682 quo
1963 621 2241 693 propheta
2262 634 2536 685 magnam
2552 635 2751 675 eorum
2768 629 2928 676 notat
2945 627 3265 689 stultitiam,
3287 631 3424 693 quia

1819 704 1952 741 cum
1977 692 2085 756 ipsi
2108 705 2208 755 per
2230 692 2358 743 haec
2383 694 2724 756 memoriam
2751 700 3025 747 mternam
3049 698 3262 751 habere
3282 692 3425 762 puta-

1821 766 1950 812 rent
1997 766 2189 814 tamen
2233 763 2293 814 in
2320 764 2455 814 solis
2490 764 2655 814 terris
2681 766 2803 816 suis
2828 767 2938 818 hoc
2964 769 3269 822 faciebant.
3317 772 3421 822 Vel

1819 831 2023 904 aliter:
2073 833 2441 904 tabernacula
2485 847 2706 895 eorum,
2742 835 2892 886 idest
2929 838 3136 890 domus
3162 841 3421 904 lapideae,

1819 915 1964 965 quas
1992 903 2061 953 de
2086 903 2305 955 divitiis
2331 908 2802 969 construxerunt,
2823 906 2884 956 in
2899 910 3109 969 quibus
3124 911 3198 961 ad
3218 903 3422 963 horam

1817 973 2247 1025 habitaverunt:
2267 976 2558 1026 manentia
2570 976 2627 1026 in
2640 977 2907 1038 progenie
2922 977 3169 1030 filiorum
3183 986 3238 1031 et
3252 997 3426 1042 proge-

1817 1044 1911 1095 nie
1933 1048 2209 1108 nepotum
2238 1059 2250 1095 :
2278 1052 2598 1095 vocaverunt
2625 1047 2858 1095 nomina
2880 1047 3425 1113 sua,idest,fuerunt

1819 1128 2028 1167 caussa
2051 1128 2229 1179 quare
2253 1118 2490 1167 nomina
2513 1130 2709 1168 eorum
2725 1116 3076 1169 haberentur
3088 1120 3147 1169 in
3161 1125 3419 1171 memoria.

1817 1187 1886 1237 Et
1909 1199 2028 1238 non
2053 1187 2286 1251 ubique,
2316 1187 2416 1238 sed
2442 1188 2503 1238 in
2516 1188 2679 1239 terris
2691 1188 2832 1249 suis,
2852 1188 3075 1240 idestin
3091 1190 3297 1242 vicinio
3309 1208 3422 1244 suo.

1817 1258 1939 1308 Hoc
1951 1262 2135 1309 totum
2149 1259 2391 1322 pertinet
2401 1259 2473 1310 ad
2487 1259 2579 1310 red
2587 1260 2940 1323 arguendam
2954 1260 3187 1313 inanem
3209 1264 3422 1311 divitum

1817 1328 2229 1389 extollentiam,
2243 1330 2379 1381 utin
2394 1329 2599 1394 amplis
2612 1331 2873 1382 aediliciis
2891 1344 3121 1395 operam
3135 1345 3254 1384 non
3270 1334 3427 1384 insu-

1816 1405 1979 1450 mant
2004 1416 2016 1450 :
2043 1413 2178 1451 cum
2198 1401 2434 1452 tandem
2464 1406 2671 1465 praeter
2699 1402 3031 1465 sepulcrum
3056 1403 3198 1454 nihil
3223 1416 3423 1457 eorum

1815 1470 2165 1534 possideant.
2214 1472 2336 1522 Hoc
2360 1476 2556 1523 autem
2585 1472 2714 1523 ideo
2740 1473 2977 1536 faciunt,
3008 1475 3141 1537 quia
3168 1474 3423 1528 intellec-

1819 1546 1941 1593 tum
1976 1555 2146 1592 suum
2170 1544 2505 1593 amiserunt.
2532 1545 2601 1594 Et
2626 1543 2734 1594 hoc
2758 1548 2847 1594 est
2873 1544 3027 1607 quod
3054 1545 3252 1596 subdit
3280 1560 3292 1596 :

1877 1611 1964 1666 13.
1992 1613 2163 1661 Homo
2197 1627 2321 1661 cum
2348 1614 2405 1662 in
2448 1614 2651 1663 honore
2672 1619 2815 1678 esset,
2841 1629 2951 1663 non
2975 1615 3252 1668 intellexit.
3282 1618 3421 1679 Quis

1814 1683 2000 1746 major
2045 1682 2228 1735 honor
2259 1684 2480 1734 homini
2505 1684 2628 1735 dari
2653 1688 2855 1747 potuit,
2883 1696 3058 1747 quam
3089 1689 3231 1738 ratio
3256 1692 3313 1739 et
3334 1689 3422 1739 in-

1804 1752 2083 1815 tellectus,
2136 1753 2352 1817 Deique
2392 1754 2750 1805 similitudo?
2782 1755 2849 1804 In
2890 1758 3048 1805 tanto
3074 1755 3287 1808 honore
3311 1770 3419 1822 po-

1730 1841 1784 1913 B
1803 1824 1980 1913 eius-
1998 1837 2116 1913 seu
2151 1825 2675 1913 iesliniwieéa
2693 1838 2824 1913 991,1,
2836 1825 3228 1913 intelligam!"
3251 1830 3369 1892 egit
3398 1849 3410 1877 =

1805 1894 1901 1945 sed
1916 1895 2355 1960 Comparatusest
2366 1895 2627 1959 jumentis
2654 1895 3054 1956 insipientibus.
3088 1899 3215 1949 Non
3237 1915 3415 1947 secun-

1806 1965 1944 2017 dum
1983 1968 2137 2019 aliud
2185 1967 2297 2019 nisi
2335 1967 2658 2018 secundum
2681 1967 3091 2031 insipientiam,
3115 1971 3171 2019 et
3194 1970 3255 2019 in
3278 1975 3411 2022 actu

1803 2035 2014 2087 Similis
2034 2038 2210 2100 factus
2233 2042 2303 2087 est
2328 2037 2457 2086 illis.
2478 2038 2624 2099 Quia
2651 2038 2800 2089 sicut
2811 2040 3077 2102 jumenta
3102 2051 3279 2103 prona
3290 2047 3409 2089 sunt

1804 2112 1991 2169 terrae,
2038 2113 2097 2161 et
2144 2113 2372 2161 tantum
2420 2109 2607 2161 ventri
2632 2110 2976 2172 obedientia,
3005 2111 3085 2160 ita
3120 2114 3410 2163 amatores

1801 2179 2003 2230 mundi
2035 2180 2279 2232 terrenis
2301 2180 2474 2231 rebus
2504 2183 2731 2231 tantum
2757 2183 2892 2231 sunt
2915 2180 3092 2232 dediti
3119 2198 3129 2229 :

1866 2249 1952 2304 14.
1978 2252 2104 2300 Haec
2121 2252 2210 2300 via
2226 2250 2448 2299 illorum
2468 2251 2792 2299 scandalum
2809 2251 2959 2315 ipsis.
2977 2254 3116 2303 Haec
3127 2254 3210 2299 via
3496 2304 3499 2307 λ

1804 2321 2123 2373 secundum
2148 2321 2305 2385 quod
2320 2322 2430 2385 ipsi
2454 2320 2684 2372 fuerunt
2705 2320 2763 2371 in
2786 2320 3019 2381 honore,
3038 2326 3224 2373 etnon
3240 2324 3410 2374 intel-

1799 2390 2082 2455 lexerunt,
2111 2397 2335 2444 terrena
2362 2397 2586 2443 tantum
2614 2390 2973 2457 appellando,
2992 2392 3097 2444 erit
3112 2395 3406 2442 scandalum

1799 2462 1958 2526 ipsis,
1988 2463 2045 2514 id
2094 2468 2185 2515 est
2230 2464 2484 2521 oll‘ensio,
2513 2475 2647 2526 quas
2677 2462 2850 2514 ducet
2874 2475 2974 2514 eos
2999 2464 3070 2514 ad
3097 2464 3407 2516 interitum.

1798 2534 1945 2598 Ipsis
1970 2534 2045 2585 sit
2067 2534 2403 2585 scandalum
2420 2534 3017 2597 (ExAugustino).non
3034 2534 3151 2585 tibi.
3168 2536 3409 2595 Quando

1799 2606 1905 2657 erit
1931 2605 2069 2656 tibi?
2093 2605 2149 2657 Si
2174 2609 2362 2668 putes,
2379 2604 2533 2667 quod
2559 2604 2729 2667 beati,
2752 2604 2869 2654 sint
2894 2604 3058 2656 tales.
3084 2606 3140 2656 Si
3168 2619 3303 2657 vero
3322 2607 3405 2657 in-

1801 2675 2045 2739 telligas,
2085 2675 2220 2738 quia
2252 2687 2371 2725 non
2409 2676 2548 2725 sunt
2570 2675 2742 2732 beati,
2768 2675 2910 2737 ipsis
2935 2675 3041 2725 erit
3065 2675 3401 2727 scandalum

1799 2746 1894 2800 via
1932 2747 2207 2809 ipsorum,
2241 2758 2361 2796 non
2405 2744 2646 2803 Christo,
2688 2757 2807 2795 non
2843 2746 3119 2797 membris
3158 2747 3300 2809 ejus.
3336 2747 3407 2795 Et

1796 2822 1977 2883 postea
2000 2818 2063 2866 in
2087 2832 2176 2866 ore
2213 2832 2314 2865 sua
2342 2815 2757 2880 comptacebunt.
2789 2817 2931 2866 Cum
2955 2816 3084 2867 facti
3111 2817 3321 2868 fuerint
3346 2823 3405 2869 ta

1798 2890 1903 2951 les,
1931 2892 1995 2939 ut
2012 2901 2131 2939 non
2159 2891 2425 2951 quarunt
2448 2887 2561 2937 nisi
2574 2888 2727 2938 bona
2744 2887 3101 2951 temporalia,
3120 2890 3401 2937 laudabunt

1800 2973 1862 3011 se
1899 2959 2191 3023 placentes
2237 2958 2365 3010 sibi.
2397 2959 2501 3010 Vel
2525 2964 2725 3023 postea
2747 2958 2808 3009 in
2833 2971 2929 3009 ore
2951 2971 3056 3009 suo
3080 2959 3401 3022 complace—

1797 3032 1961 3091 bunt,
1991 3030 2224 3094 quando
2253 3028 2446 3080 dicent
2469 3030 2529 3080 in
2549 3029 2783 3093 judicio,
2813 3030 3053 3079 Domine
3076 3031 3401 3093 Deusaperi

1794 3101 1963 3153 nobis
2001 3101 2212 3165 (Matth.
2263 3098 2390 3163 25.).
2439 3100 2546 3151 Sed
2584 3104 2722 3151 tunc
2769 3099 2886 3162 ﬂet,
2914 3099 3066 3163 quod
3095 3100 3396 3163 sequitur:

1797 3172 1947 3222 Sicut
1974 3186 2089 3221 oves
2126 3172 2187 3221 in
2226 3170 2442 3232 inferno
2465 3171 2624 3235 positi
2646 3175 2790 3231 sunt,
2828 3185 2972 3219 mors
3015 3171 3253 3234 depascet
3294 3186 3395 3223 eos.

1795 3244 1937 3305 Quia
1957 3255 2129 3307 grege
2154 3241 2301 3294 facto
2327 3241 2541 3293 divitiis
2560 3241 2728 3304 tonsi,
2744 3245 2802 3292 et
2816 3241 3119 3305 exspoliati
3133 3255 3166 3293 a
3184 3254 3399 3307 magna

1794 3316 2091 3380 nigrorum
2116 3314 2422 3378 spirituum
2446 3312 2815 3364 multitudine
2840 3312 2900 3364 in
2926 3314 3190 3364 tenebras
3214 3313 3399 3365 dedu-

1794 3390 2015 3438 centur.
2064 3387 2133 3436 Et
2173 3385 2394 3449 merito,
2432 3384 2531 3448 qui
2556 3384 2848 3435 Christum
2871 3386 3158 3448 pastorem
3180 3384 3395 3438 habere

1792 3459 2120 3518 noluerunt,
2161 3468 2196 3507 a
2237 3458 2426 3508 morte
2452 3455 2851 3520 depascentur,
2876 3458 2933 3507 et
2954 3467 2988 3507 a
3019 3454 3154 3519 lupo
3190 3469 3394 3521 rapace

1791 3529 2242 3582 devorabuntur.

1855 3598 1940 3654 15.
1966 3600 2034 3648 Et
2059 3596 2493 3647 dominabuntur
2514 3611 2701 3647 eorum
2712 3596 2849 3661 justi
2866 3596 2926 3646 in
2946 3598 3238 3649 matutino.
3253 3598 3395 3661 Quia

1785 3670 2012 3736 judices
2036 3681 2236 3721 eorum
2259 3672 2430 3719 erunt
2452 3669 2512 3719 in
2531 3668 2768 3731 judicio.
2786 3667 2852 3716 Et
2878 3668 3157 3717 auxilium
3181 3684 3391 3734 eorum,

1792 3742 1948 3806 quod
1991 3741 2209 3793 habent
2245 3740 2307 3791 in
2337 3740 2446 3791 hoc
2471 3740 2683 3800 seculo,
2709 3744 3000 3802 veterascct,
3024 3739 3080 3790 id
3116 3744 3222 3803 est,
3250 3740 3395 3793 deii-

1791 3814 1918 3875 ciet,
1946 3813 2007 3862 in
2043 3812 2261 3875 inferno
2290 3826 2326 3861 a
2348 3811 2529 3875 gloria
2551 3825 2757 3862 eorum.
2784 3810 2845 3861 Id
2871 3814 2979 3873 est,
3009 3815 3256 3875 propter,
3282 3812 3394 3864 hoc

1790 3884 1946 3949 quod
1992 3883 2217 3947 gloriati
2264 3888 2402 3935 sunt
2444 3882 2505 3933 in
2545 3882 2760 3934 divitiis
2788 3881 2929 3933 suis.
2961 3883 3135 3933 Recte
3160 3882 3391 3945 dicitur,

1788 3955 2082 4005 Auxilium
2125 3970 2313 4004 eorum
2348 3970 2384 4002 a
2419 3953 2600 4018 gloria
2635 3967 2825 4002 eorum
2856 3957 3232 4017 veterascere,
3260 3955 3396 4017 quia

1790 4027 1971 4091 gloria
1996 4030 2053 4077 et
2075 4025 2297 4078 divitia
2324 4036 2523 4075 eorum
2544 4024 2605 4074 in
2630 4024 2847 4075 inferno
2870 4023 3097 4075 nullum
3119 4024 3203 4075 eis
3235 4025 3394 4076 auxi-

1787 4098 1931 4149 lium
1954 4098 2227 4160 poterunt
2249 4099 2545 4158 praestare.

1852 4166 1937 4220 16.
1986 4167 2358 4216 Verumtamen
2387 4163 2527 4212 Deus
2564 4162 2787 4212 redimet
2813 4162 3061 4211 animam
3092 4178 3288 4224 meam,
3327 4164 3392 4214 de

1787 4250 1980 4297 manu,
2006 4235 2064 4287 id
2088 4240 2196 4298 est,
2228 4235 2299 4286 de
2323 4236 2626 4298 potestate,
2651 4233 2835 4295 inferi,
2864 4247 2988 4282 cum
3010 4234 3267 4296 acceperit
3286 4248 3387 4286 me.

1787 4307 1852 4358 Id
1889 4310 1996 4369 est,
2026 4318 2216 4357 meam
2240 4304 2679 4356 humanitatem.
2708 4303 2880 4354 Modo
2895 4302 3071 4364 justis
3094 4307 3185 4354 est
3207 4302 3387 4365 labor,

1785 4390 2075 4442 pressura,
2102 4374 2394 4428 tribulatio
2421 4393 2433 4424 :
2460 4374 2520 4425 in
2547 4386 2649 4438 spe
2675 4374 2873 4424 futura
2895 4376 2984 4424 est
3016 4385 3221 4424 verum
3245 4386 3384 4437 gau-

1787 4449 1965 4500 dium.
1993 4447 2161 4500 Modo
2187 4447 2287 4510 qui
2319 4446 2391 4497 ad
2415 4444 2674 4497 laetitiam
2701 4443 3016 4495 secularem
3040 4443 3239 4495 oculos
3254 4457 3389 4508 ape-

1785 4519 1958 4582 riunt,
2006 4523 2065 4570 et
2103 4530 2201 4569 cor
2224 4516 2517 4579 claudunt,
2545 4514 2753 4566 transit
2778 4526 2978 4565 eorum
3005 4513 3292 4578 felicitas,
3327 4520 3387 4568 et

1786 4591 1943 4643 venit
1969 4602 2157 4655 paena.
2171 4591 2293 4651 Quo
2317 4592 2518 4638 contra
2541 4585 3050 4648 transitjustorum
3063 4596 3234 4649 poena
3250 4590 3388 4638 tem-

1783 4661 2008 4726 poralis,
2049 4666 2105 4713 et
2142 4660 2300 4714 venit
2323 4663 2538 4711 aeterna
2562 4656 2842 4708 foelicilas.
2871 4656 3095 4708 Excitat
3116 4667 3225 4708 nos
3250 4669 3386 4723 ergo

72 4722 335 4799 linquent
354 4734 548 4785 alienis
570 4736 927 4785 divitiassuas
962 4736 1176 4787 Omnes
1190 4722 1372 4798 iniqui
1387 4722 1685 4796 relinquunt
1707 4722 1765 4796 D
1785 4722 2023 4799 spiritus
2056 4732 2160 4785 Dei
2183 4743 2317 4783 cum
2341 4728 2643 4793 subiungit
2667 4743 2679 4779 :

71 4803 285 4857 alienis
296 4805 528 4867 divitias
547 4819 685 4858 suas
707 4821 720 4858 :
735 4807 858 4859 sive
873 4807 974 4857 filii
986 4808 1120 4871 sint,
1137 4807 1261 4859 sive
1278 4810 1563 4870 parentes,
1579 4811 1687 4860 sive

70 4875 506 4940 vicini,quibus
530 4878 879 4942 relinquunt.
898 4880 1113 4930 Tamen
1138 4878 1196 4929 in
1219 4878 1329 4929 hoc
1351 4877 1520 4929 alieni
1547 4886 1685 4932 sunt

72 4959 200 5013 qua
224 4947 338 5011 illis
358 4948 431 4999 de
456 4949 578 5000 suis
602 4948 818 5001 divitiis
842 4949 1151 5002 subvenire
1178 4962 1297 5001 non
1324 4955 1588 5013 possunt.

138 5018 232 5073 12.
264 5020 330 5068 Et
352 5019 596 5084 sepulcra
617 5035 824 5085 eorum,
843 5021 1013 5083 idest,
1031 5019 1358 5085 pyramides
1374 5024 1431 5072 et
1453 5033 1687 5073 mauso-

65 5092 186 5155 lea,
214 5102 349 5154 qum
372 5090 541 5155 quasi
562 5104 805 5156 magnas
832 5091 1123 5144 mdillcant
1146 5091 1369 5156 domos,
1406 5092 1574 5154 quasi
1588 5092 1686 5144 illa

67 5159 345 5227 sepulcra
387 5161 643 5215 debeant
686 5175 816 5215 esse
859 5163 1049 5211 domus
1071 5160 1293 5211 illorum
1318 5163 1379 5211 in
1402 5167 1681 5216 aeternum.

65 5233 459 5297 Excipiuntur
484 5233 762 5298 sepulcris
784 5234 1073 5299 pretiosis,
1088 5237 1146 5285 et
1157 5232 1538 5286 involvuntur
1554 5247 1683 5299 pre-

68 5304 244 5358 tiosis
270 5305 559 5357 vestibus:
586 5305 943 5370 sepeliuntur
954 5304 1269 5368 unguentis
1285 5306 1343 5356 et
1353 5308 1680 5357 aromatibus.

62 5375 296 5429 Deinde
318 5377 655 5428 memoriam
679 5375 908 5440 qualem
931 5376 1181 5427 habent?
1207 5375 1575 5426 Tabernacula
1597 5391 1684 5426 eo-

64 5464 200 5500 rum
234 5447 297 5496 in
318 5448 576 5513 progenie
603 5453 649 5497 et
668 5448 943 5512 progenie,
969 5452 1288 5496 vomuerunt
1320 5448 1552 5496 nomina
1580 5462 1684 5497 sua

63 5523 133 5571 in
182 5520 347 5569 terris
394 5519 531 5568 suis.
586 5519 806 5570 Domus
843 5522 902 5570 et
927 5518 1159 5570 familiai
1185 5530 1386 5570 eorum
1410 5530 1596 5582 usque
1621 5519 1682 5570 in

64 5592 309 5646 tertiam
325 5594 665 5654 etquartam
682 5590 1115 5656 generationem
1126 5602 1227 5642 eos
1239 5589 1490 5650 laudant,
1505 5593 1681 5651 eisque

63 5662 426 5716 sacriﬁcant.
474 5662 682 5728 Tangit
714 5660 1189 5715 consuetudinem
1223 5660 1551 5722 Gentilium,
1583 5661 1681 5725 qui

1850 4805 1936 4859 17.
1984 4805 2065 4855 Ne
2101 4802 2361 4862 timueris,
2397 4816 2521 4851 cum
2553 4800 2694 4849 dives
2716 4798 2892 4861 factus
2914 4799 3082 4863 fuerit
3107 4800 3287 4852 homo.
3315 4801 3386 4853 Et

1784 4889 1896 4928 non
1921 4880 2167 4938 tantum,
2194 4886 2327 4926 cum
2352 4873 2477 4937 ipse
2502 4871 2665 4923 dives
2688 4871 2874 4922 factus
2905 4870 3073 4922 fuerit
3091 4881 3105 4924 :
3125 4871 3247 4934 sed,
3261 4886 3385 4921 cum

1784 4947 2146 5011 multiplicata
2188 4944 2355 5009 fuerit
2398 4942 2575 5007 gloria
2609 4942 2801 4991 domus
2824 4941 2954 5005 ejus.
2984 4942 3045 4993 1d
3068 4946 3175 5006 est,
3200 4942 3386 4994 honor

1785 5018 2115 5070 divitiarum
2139 5017 2286 5080 ejus.
2312 5016 2436 5066 Non
2459 5013 2749 5077 desperes,
2780 5025 2969 5075 neque
2993 5017 3161 5077 putes
3185 5025 3319 5064 eum
3349 5026 3385 5065 a

1782 5090 1900 5139 Deo
1934 5088 2110 5153 diligi,
2141 5087 2279 5150 quia
2314 5084 2573 5137 abundat
2607 5083 2860 5136 divitiis:
2888 5085 2947 5135 et
2979 5087 3052 5148 te,
3081 5082 3215 5147 quia
3238 5097 3383 5147 pau-

1783 5172 1967 5224 peres,
1994 5172 2029 5209 a
2061 5161 2174 5209 Deo
2205 5157 2557 5209 derelictum.

1846 5228 1931 5283 18.
1958 5230 2230 5288 Quoniam
2256 5244 2380 5278 cum
2410 5225 2697 5289 interierit,
2722 5229 3036 5286 nonsumet,
3059 5224 3265 5273 omnia.
3285 5224 3383 5274 Vi-

1783 5300 1886 5353 des
1916 5300 2208 5352 viventem
2230 5302 2256 5350 ?
2279 5297 2861 5364 Cogita.morientem.
2888 5294 3033 5357 Quid
3058 5294 3150 5345 hic
3172 5294 3384 5347 habeat

1781 5370 2030 5423 attendis
2049 5374 2072 5420 Ρ
2095 5383 2170 5421 an
2194 5382 2394 5421 secum
2419 5368 2582 5421 tollat
2603 5368 2852 5419 attende.
2882 5364 3127 5416 Multum
3152 5364 3273 5415 auri
3284 5364 3383 5416 ha-

1783 5444 1879 5494 bet
1902 5441 2151 5493 multum
2168 5441 2405 5505 argenti,
2424 5438 2670 5491 multum
2684 5437 3048 5502 praediorum,
3061 5434 3378 5498 mancipio-

1779 5526 1930 5576 rum,
1952 5515 2010 5562 et
2034 5516 2244 5562 caetera
2257 5511 2382 5561 alia.
2404 5509 2541 5560 Cum
2568 5509 2973 5567 interierit,non
2987 5506 3373 5555 sumetomnia.

1780 5586 1964 5648 Neque
1987 5582 2252 5632 descendet
2276 5596 2399 5629 eum
2423 5596 2479 5630 eo
2502 5581 2678 5644 gloria
2703 5579 2834 5644 ejus.
2854 5576 3247 5640 Quidhabebit
3262 5592 3378 5626 caro

1779 5647 2120 5722 putrescens
2144 5652 2202 5703 in
2227 5649 2485 5716 sepulcro
2495 5655 2521 5703 ?
2534 5651 2681 5714 Quid
2704 5649 2939 5703 habebit
2954 5649 3146 5701 anima
3156 5647 3378 5713 perdita

131 5836 150 5857 ·
186 5829 339 5890 Qum
362 5823 491 5877 heic
513 5823 667 5889 apud
688 5822 1088 5888 Augustinum
1109 5822 1550 5881 interseruntur,
1569 5820 1631 5872 Si
1654 5819 1892 5871 viderent
1908 5814 2043 5883 quid
2063 5814 2132 5863 sit
2154 5811 2418 5872 interitus,
2444 5812 2490 5859 si
2514 5811 2769 5874 viderent,
2792 5810 3082 5875 glossema
3101 5806 3374 5862 redulint.

369 5939 657 5995 PATROL.
699 5937 869 5993 XXI.

2952 5925 3021 5979 27
