3880 6222
461 395 566 448 843

1512 377 1779 431 RUFINO
1813 375 2271 430 PRESBYTERO
2305 373 2693 426 ASCRIPTUS

3683 377 3789 428 844

460 518 521 566 ω
541 511 800 563 inferno?
824 506 955 557 Ideo
1125 499 1438 577 ᾴεξροξιαρι
1460 512 1594 577 cum
1617 511 1683 550 eo
1707 497 1886 577 ειρτίει
1908 497 2050 577 ess»
2077 489 2133 561 Α
2150 496 2329 577 Iaaius
2353 496 2441 577 εει
2462 492 2615 577 suis
2643 492 2933 577 ιερρειοιξε
2954 493 3221 577 enim:
3240 501 3496 577 sanctis
3535 493 3713 563 247
3732 504 3785 577 es

463 584 601 648 quia
622 583 683 633 in
707 580 823 632 vita
846 587 955 627 sua
977 571 1247 648 quasivit
1271 570 1508 635 gloriam
1528 567 1914 634 temporalem.
1930 568 2052 617 Hoc

463 644 1110 719 e—st,quodsubjungit;
1190 714 1200 719 _
1308 715 1317 719 _
1410 713 1419 719 _
1495 713 1504 719 _
1603 711 1613 719 ‘
1967 708 2047 719 Ν,

525 708 779 782 1'9.-Quia
816 708 1007 768 anima
1044 714 1157 779 ejus
1180 714 1243 761 in
1266 715 1374 762 vita
1400 713 1570 774 ipsius
1597 710 1942 760 benedicatur.
1966 708 2051 760 Illi

462 798 632 855 enim,
648 793 749 857 qui
762 792 874 842 ista
898 784 1226 857 temporalia
1241 797 1340 847 pro
1364 796 1575 857 magno
1598 782 1832 857 habent,
1849 782 2051 857 quando

462 852 688 929 aliquos
725 863 783 913 in
815 861 924 911 hoc
953 855 1172 929 mundo
1194 855 1587 929 honoribus‘et
1609 852 1826 929 divitiis
1851 852 2053 929 florere

461 921 679 998 vident,
709 933 895 984 solent
917 941 1016 980 eos
1045 925 1275 978 laudare
1306 929 1363 975 et
1380 924 1700 998 beatiﬁcare
1721 938 1733 972 :
1754 923 1904 998 sicut
1919 921 2052 998 alibi

464 991 678 1061 dicitur,
707 1006 768 1056 in
804 999 1057 1067 psalmo:
1095 999 1381 1067 Quoniam,
1409 994 1675 1067 laudatur
1708 995 1968 1067 peccator
1992 991 2053 1067 in

462 1076 760 1132 desideriis
787 1062 994 1125 anima
1013 1080 1137 1120 sua
1170 1066 1329 1129 (Psal.
1357 1065 1448 1128 9.),
1474 1070 1531 1116 et
1557 1064 1791 1127 iniquus
1828 1062 2056 1114 benedi-

462 1151 627 1203 citur.
666 1150 737 1199 Et
770 1146 997 1203 iterum,
1028 1142 1265 1191 Beatum
1292 1137 1561 1188 dixerunt
1582 1135 1775 1199 populi
1805 1134 1896 1185 cui
1927 1135 2053 1185 hac

462 1225 600 1274 sunt
624 1217 781 1283 (Psat-
810 1214 973 1277 143.).
998 1212 1207 1263 Anima
1231 1221 1365 1272 ergo
1389 1210 1517 1283 ejus
1539 1207 1600 1258 in
1624 1205 1940 1283 vitaipsius
1958 1207 2054 1257 be-

459 1277 773 1348 nedicetur,
792 1286 893 1338 sed
910 1286 969 1335 in
992 1287 1175 1334 morte
1199 1278 1579 1343 torquebitur,
1597 1282 1655 1329 et
1679 1277 1886 1348 sentiet
1902 1285 2052 1325 ater-

458 1374 597 1414 nam
624 1347 872 1424 panam,
895 1353 992 1417 qui
1021 1350 1408 1424 transitoriam
1434 1351 1669 1424 secutus
1686 1351 1775 1424 est
1791 1347 2050 1412 gloriam,

465 1418 813 1494 Conﬁtebitur
833 1425 1085 1487 tibi,cum
1104 1419 1503 1494 bene/ecerisiei.
1529 1418 1916 1494 Perfectorum
1943 1425 2049 1483 est,

464 1491 772 1557 Dominum
796 1498 1025 1550 laudare
1041 1496 1099 1545 in
1121 1492 1404 1544 adversis.
1419 1491 1715 1553 Reprobus
1730 1494 1925 1540 autem
1944 1498 2051 1539 tan-

462 1580 588 1626 tum
602 1572 800 1624 laudat
815 1570 875 1619 in
898 1566 1200 1631 prosperis.
1221 1562 1391 1613 Venit
1412 1561 1493 1611 illi
1514 1561 1778 1631 lucrum?
1801 1563 2054 1631 Conﬁte—

462 1651 576 1697 tur.
624 1642 794 1694 Venit
816 1629 1156 1691 hareditas?
1190 1634 1511 1685 conﬁtetur.
1548 1632 1716 1682 Venit
1743 1629 1917 1699 246
1952 1635 2051 1685 da.

459 1728 663 1767 mnum
679 1718 704 1764 ‘t
730 1710 1104 1774 blasphemat.
1132 1708 1200 1757 Et
1226 1706 1353 1755 ideo
1370 1703 1635 1754 subditur
1666 1718 1677 1752 :

520 1786 608 1841 ‘20.
652 1782 898 1833 lntroibit
937 1794 1104 1842 usque
1140 1781 1201 1825 in
1234 1776 1512 1839 progenies
1545 1779 1770 1837 patrum
1805 1790 2050 1826 suorum.

460 1860 568 1920 Qui
589 1860 728 1908 sunt
745 1859 937 1919 patres
955 1862 1172 1912 eorum,
1188 1847 1301 1898 nisi
1325 1844 1606 1920 diabolus,
1625 1848 1681 1895 et
1698 1848 1886 1909 angeli
1903 1851 2012 1907 ejus
2027 1852 2053 1898 γ

458 1919 623 1982 Unde
647 1925 921 1978 Dominus
945 1920 1291 1985 quibusdam
1315 1919 1416 1969 ait:
1448 1919 1563 1967 Vos
1589 1930 1658 1966 ex
1680 1922 1837 1980 patre
1854 1921 2054 1970 diabolo

460 2003 599 2052 estis
628 1999 807 2060 (Joan.
835 1994 926 2056 8.).
956 1991 1260 2055 Progenies
1297 2001 1433 2039 vero
1456 1988 1665 2038 diaboli
1689 1993 1828 2039 sunt
1852 2002 2055 2044 omnes

461 2059 700 2135 reprobi.
720 2068 866 2117 Hinc
889 2075 989 2127 per
1005 2064 1287 2135 Joannem
1299 2059 1517 2135 dicitur
1532 2074 1546 2105 :
1572 2060 1874 2121 Progenies
1891 2062 2052 2126 vipe-

460 2130 670 2202 rarum,
712 2138 843 2201 quis
880 2133 1146 2186 ostendet
1178 2130 1345 2182 vobis
1392 2130 1586 2191 fugere
1621 2141 1656 2179 a
1690 2135 1931 2182 ventura
1968 2135 2049 2185 ira

462 2200 673 2275 (Matth.
720 2212 795 2272 3.)
818 2210 845 2258 ?
892 2209 1038 2269 Ergo
1080 2206 1140 2254 in
1176 2201 1477 2275 progenies
1511 2203 1737 2275 patrum
1775 2200 2050 2267 introibit,

461 2272 597 2347 quia
618 2281 789 2331 simul
822 2290 955 2328 cum
977 2273 1561 2347 reprobi‘sinaterno
1575 2272 1716 2347 igne
1739 2274 1957 2336 peribit.
1984 2279 2052 2326 Et

461 2343 628 2418 usque
651 2352 709 2399 in
721 2355 979 2398 aeternum
995 2361 1105 2394 non
1118 2343 1307 2418 videbit
1322 2343 1522 2418 lumen.
1540 2344 1954 2418 Mitteturenim
1970 2350 2048 2395 in-

465 2415 725 2476 tenebras
770 2419 1099 2479 exteriores,
1128 2415 1224 2466 ubi
1256 2416 1362 2465 erit
1392 2416 1563 2464 ﬁetus
1579 2418 1637 2465 et
1675 2416 1883 2467 stridor
1917 2421 2052 2470 den-

463 2497 605 2549 tium
647 2491 854 2554 (Matth.
892 2491 942 2542 8.
987 2493 1033 2536 et
1060 2487 1186 2549 13.).
1218 2486 1418 2537 Omnis
1455 2486 1554 2547 qui
1590 2485 1738 2536 male
1771 2489 1907 2551 agit,
1933 2490 2055 2541 odit

461 2568 649 2619 lucem
687 2563 866 2624 (Joan.
906 2558 993 2621 3.).
1027 2559 1169 2618 Quia
1196 2569 1331 2619 ergo
1353 2556 1493 2606 dum
1524 2556 1761 2621 viveret,
1788 2561 2053 2612 tenebras

462 2636 678 2697 dilexit,
715 2632 842 2683 ideo
867 2640 1167 2691 nunquam
1198 2627 1389 2678 lucem
1424 2626 1654 2678 videbit.
1686 2629 1756 2678 Et
1781 2630 1935 2692 quod
1965 2630 2053 2683 lu-

461 2720 595 2760 men
618 2703 874 2757 amiserit
902 2701 1110 2762 cordis,
1140 2698 1391 2750 ostendit
1406 2711 1539 2749 cum
1563 2699 1951 2752 subinfertur:

521 2779 608 2833 21.
655 2777 829 2825 Homo
870 2787 995 2822 cum
1030 2773 1090 2819 in
1139 2770 1339 2818 honore
1382 2775 1523 2832 esset,
1573 2784 1687 2819 non
1733 2771 1993 2823 intellexit
2035 2793 2051 2827 :

462 2854 807 2915 comparatus
825 2852 894 2894 est
898 2844 1160 2909 jumentis
1171 2839 1570 2915 insipientibus,
1594 2847 1640 2915 et
1662 2842 1857 2891 similis
1877 2844 2054 2906 factus

460 2929 536 2975 est
559 2914 683 2971 illis;
702 2915 1014 2970 Sententia
1038 2914 1297 2978 repetitio
1319 2914 1675 2964 conﬁrmatio
1692 2918 1812 2966 est:
1832 2917 1923 2968 vel
1943 2922 2053 2967 ideo

462 2996 684 3059 repetit,
711 2990 846 3054 quia
872 2987 932 3038 in
967 2987 1078 3038 hoc
1105 2998 1273 3059 versu
1300 2983 1551 3059 maxime
1575 2984 1790 3059 pendet
1810 2986 2053 3042 intentio

462 3056 683 3132 psalmi,
708 3069 764 3114 et
786 3060 1019 3112 utilitas.
1044 3056 1311 3132 Defende,
1327 3068 1360 3132 o
1380 3057 1577 3132 homo1
1596 3057 1871 3110 honorem
1891 3068 2051 3114 tuum.

465 3128 589 3191 Noli
611 3138 872 3189 deserere
894 3143 1030 3184 eum
1054 3142 1227 3194 quem
1256 3129 1357 3179 tibi
1379 3128 1538 3180 dedit
1551 3130 1702 3179 Deus
1722 3133 2050 3197 intellectum,

464 3211 538 3264 ad
560 3210 688 3270 hoc,
713 3212 779 3258 ut
806 3205 1004 3256 divina
1025 3202 1320 3267 percipias,
1347 3203 1560 3252 aterna
1585 3200 1808 3266 diligas,
1830 3208 2054 3257 terrena

2148 566 2368 616 dictum
2401 569 2491 615 est
2531 563 2633 627 eis,
2678 565 2781 623 Ite,
2816 564 3126 627 pradicate
3178 566 3582 628 Evangelium
3634 570 3785 618 omni

2150 640 2427 688 creatura
2453 634 2635 698 (Marc.
2676 632 2799 696 16.).
2828 636 2896 685 Et
2931 636 3065 698 quia
3089 637 3445 700 pradicatio
3470 638 3693 702 incepit
3714 641 3781 689 ab

2148 706 2490 768 Jerusiilcm,
2516 708 2668 756 recte
2703 704 3079 768 subjunctum
3113 713 3246 758 est:

2211 777 2263 831 2.
2294 778 2384 826 Eae
2416 776 2551 827 Sion
2584 776 2775 839 species
2826 775 3027 825 decoris
3074 778 3208 841 ejus.
3262 779 3422 830 Hinc
3464 780 3622 831 alius
3662 793 3786 843 pro-
3856 774 3857 791 ¹

2150 849 2322 913 pheta
2343 849 2481 899 dicit
2505 863 2517 897 :
2542 848 2624 898 De
2650 846 2781 898 Sion
2814 847 2998 898 exibit
3021 848 3139 912 lex,
3174 853 3235 902 et
3257 852 3522 902 verbum
3554 854 3779 903 Domini

2150 921 2225 971 de
2243 917 2562 971 Jerusalem
2590 918 2731 980 (lsai.
2766 915 2858 980 9.).
2886 918 3029 971 Inde
3056 921 3236 984 capit
3258 922 3778 987 pradicarispeciee

2151 991 2370 1045 decoris,
2396 989 2451 1039 id
2486 993 2595 1050 est,
2628 988 2989 1052 pulchritudo
3013 989 3344 1043 divinitatis
3373 993 3619 1044 Christi.
3652 997 3778 1058 Ipse

2151 1066 2239 1113 est
2263 1061 2557 1126 speciosus
2580 1059 2763 1109 forma
2787 1072 2904 1123 pra
2934 1060 3066 1111 ﬁliis
3099 1061 3417 1115 hominum
3448 1065 3622 1125 (Psal.
3650 1066 3777 1123 44.),

2150 1132 2219 1184 de
2243 1144 2357 1195 quo
2392 1134 2449 1182 et
2472 1130 2776 1181 subditur:

2214 1201 2264 1257 3.
2291 1203 2429 1250 Deus
2456 1200 2740 1261 manifeste
2762 1201 2959 1252 veniet:
2986 1201 3129 1251 Deus
3144 1209 3345 1267 noster,
3373 1211 3425 1254 et
3454 1220 3575 1254 non
3591 1206 3773 1255 silebit.

2154 1273 2314 1325 Prius
2339 1272 2600 1324 occultus
2620 1272 2796 1335 venit,
2810 1272 3149 1325 inﬁrmusin
3168 1288 3346 1327 carne
3359 1279 3771 1341 apparuitJ-Zmi

2150 1345 2346 1409 gloria
2371 1343 2591 1408 species
2614 1343 2673 1393 in
2702 1342 3023 1407 divinitate,
3065 1345 3167 1395 sed
3194 1347 3326 1398 hac
3352 1348 3585 1399 latebat
3608 1349 3666 1399 in
3681 1349 3774 1399 hu-

2151 1416 2444 1466 manitate.
2473 1414 2527 1465 Si
2546 1415 2697 1465 enim
2711 1415 3143 1478 cognovissent,
3170 1430 3485 1481 nunquam
3506 1423 3772 1468 Dominum

2150 1486 2348 1550 gloria
2372 1484 2796 1536 cruciﬁxissent
2814 1484 2882 1547 (1.
2905 1485 3026 1534 Cor.
3047 1484 3140 1548 2.).
3165 1486 3451 1540 Occultus
3465 1503 3613 1553 ergo
3628 1495 3772 1550 venit,

2151 1562 2217 1609 ut
2241 1556 2609 1621 judicaretur.
2638 1555 2936 1607 Manifeste
2971 1557 3186 1623 veniet,
3224 1563 3290 1610 ut
3309 1560 3545 1623 judicet
3565 1563 3772 1625 (.tIatth.

2151 1628 2275 1691 16.).
2306 1631 2373 1679 Et
2404 1627 2514 1677 hoc
2538 1632 2626 1676 est
2649 1626 2752 1689 (Er
2776 1627 3121 1692 Augustino),
3167 1630 3326 1691 quod
3356 1632 3536 1691 ait,Et
3565 1648 3677 1681 non
3702 1635 3772 1681 si.

2153 1700 2286 1749 lebit.
2320 1699 2455 1749 Silet
2488 1697 2659 1749 modo
2679 1710 2713 1748 a
2722 1697 2960 1761 judicio,
2978 1700 3246 1751 occultus
3269 1702 3331 1752 in
3360 1703 3531 1754 calo.
3550 1705 3771 1755 Patiens

2154 1776 2243 1822 est
2266 1783 2437 1834 super
2463 1773 2806 1832 peccatores,
2821 1782 2939 1819 non
2962 1772 3421 1833 exercensiram,
3446 1776 3550 1825 sed
3570 1788 3770 1840 expec-

2159 1848 2289 1893 tans
2323 1840 2733 1905 paenitentiam.
2761 1840 2954 1902 Tacui,
2984 1841 3177 1904 inquit
3203 1858 3215 1893 :
3246 1845 3526 1908 nunquid
3553 1859 3769 1910 semper

2160 1914 2399 1964 tacebo?
2436 1912 2503 1962 Et
2547 1910 2883 1973 notandum,
2911 1912 3067 1973 quod
3091 1913 3171 1963 ait
3194 1915 3356 1965 Deus
3382 1922 3615 1968 noster.
3657 1920 3770 1969 Non

2154 1985 2305 2035 enim
2336 1988 2424 2035 est
2456 1984 2640 2046 Deus,
2662 1982 2761 2044 qui
2792 1995 2909 2033 non
2933 1987 3025 2033 est
3048 1985 3203 2034 Deus
3230 1990 3459 2038 noster.
3490 1990 3765 2049 Quoniam

2153 2068 2356 2107 omnes
2381 2054 2457 2105 dii
2480 2054 2743 2117 gentium
2768 2052 3058 2105 damonia
3084 2056 3246 2118 (Psal.
3266 2055 3403 2121 95.),
3423 2061 3592 2110 Deus
3610 2068 3767 2109 autem

2154 2125 2606 2177 Christianorum
2621 2130 2709 2176 est
2732 2137 2905 2175 verus
2928 2126 3098 2176 Deus.
3118 2127 3261 2188 Quia
3273 2141 3414 2179 vero
3430 2130 3508 2181 ad
3517 2133 3767 2191 judicium

2155 2198 2363 2259 veniet,
2387 2197 2689 2259 sequentia
2712 2195 2939 2256 docent,
2968 2209 3102 2247 cum
3127 2197 3343 2250 dicitur
3367 2202 3555 2263 :Ignis
3583 2203 3643 2249 in
3660 2219 3775 2251 con-

2150 2274 2327 2333 spectu
2351 2267 2465 2330 ejus
2481 2267 2796 2316 exardescet.
2820 2268 3023 2319 Veniet
3046 2269 3483 2329 enimjudicare
3508 2273 3771 2325 seculum

2153 2352 2251 2403 per
2268 2340 2480 2404 ignem.
2508 2339 2655 2389 Hinc
2670 2338 2978 2401 Apostolus
2999 2340 3104 2390 ait:
3131 2340 3316 2392 Unius
3334 2344 3430 2407 cuj
3442 2356 3639 2407 usque
3649 2361 3774 2405 opus

2153 2411 2320 2473 quale
2333 2411 2430 2470 sit,
2454 2408 2607 2471 ignis
2634 2408 2899 2471 probabit
2924 2407 2990 2469 (1.
3013 2408 3135 2459 Cor.
3156 2409 3248 2473 3.).
3272 2413 3382 2473 Qui
3400 2412 3774 2467 dulcedinem

2161 2481 2253 2532 Dei
2271 2480 2531 2532 nondum
2544 2484 2945 2543 gustaverunt,
2963 2479 3012 2529 si
3035 2482 3298 2533 nondum
3315 2483 3663 2537 desiderant
3678 2488 3774 2538 Dei

2156 2551 2372 2614 faciem,
2407 2551 2646 2602 timeant
2677 2550 2767 2621 vel
2793 2551 3008 2611 ignem.
3050 2552 3340 2617 Supplicia
3368 2559 3629 2607 terreant
3664 2558 3768 2621 {Ex

2152 2624 2315 2688 eod.),
2334 2635 2508 2693 quem
2530 2620 2769 2685 pramia
2787 2633 2904 2672 non
2928 2622 3196 2674 invitant.
3216 2624 3346 2676 Vile
3372 2628 3478 2677 tibi
3500 2631 3609 2693 est,
3628 2620 3761 2689 quod

2154 2695 2307 2744 Deus
2327 2692 2624 2758 pollicetur
2636 2694 2662 2742 εἰ
2674 2693 3078 2756 Contremisce,
3093 2694 3252 2756 quod
3275 2696 3549 2747 minatur.
3568 2692 3773 2749 Omnis

2153 2765 2341 2828 arbor,
2366 2776 2499 2827 qua
2523 2776 2643 2815 non
2666 2763 3061 2815 facitfructum
3085 2766 3324 2829 bonum,
3351 2768 3683 2832 excidatur,
3717 2776 3772 2821 et

2152 2837 2211 2887 in
2226 2836 2421 2899 ignem
2435 2835 2695 2886 mittetur
2715 2835 2925 2896 (Matth.
2963 2834 3053 2897 7.).
3081 2835 3262 2888 Aliter
3286 2852 3300 2888 :
3328 2839 3593 2890 Christus
3619 2842 3775 2892 venit

2152 2906 2223 2958 ad
2235 2908 2254 2971 j
2264 2906 2599 2969 udicium,et
2611 2911 2749 2956 tunc
2761 2906 2907 2969 ignis
2920 2918 3113 2969 prava
3126 2910 3623 2973 concupiscentia
3636 2926 3773 2959 exar-

2152 2977 2365 3040 descet,
2393 2980 2448 3027 et
2473 2981 2674 3027 exuret
2704 2977 2999 3040 reprobos,
3025 2978 3127 3040 qui
3151 2983 3321 3029 erunt
3356 2980 3416 3029 in
3441 2988 3767 3046 conspectu

2151 3049 2197 3110 ej
2208 3061 2277 3098 us
2296 3063 2308 3097 :
2326 3047 2460 3110 quia
2472 3046 2749 3098 videbunt
2765 3046 2822 3096 in
2837 3058 3010 3110 quem
3029 3048 3453 3101 transﬁxerunt
3470 3051 3666 3114 (Zach.
3687 3051 3767 3105 12.

2150 3120 2312 3169 Joan.
2346 3118 2471 3181 19.).
2508 3118 2575 3167 Et
2605 3118 2663 3166 in
2681 3119 2909 3166 ctrcuitu
2931 3118 3044 3182 ejus
3063 3124 3346 3184 tempestas
3368 3122 3580 3173 valida.
3600 3122 3658 3173 ld
3686 3129 3769 3174 est

2152 3190 2357 3253 angeli,
2380 3190 2516 3253 quia
2547 3190 2699 3240 sicut
2723 3188 2913 3241 valida
2928 3194 3251 3253 tempestas
3267 3191 3462 3244 sumat
3481 3193 3681 3257 paleas
3696 3194 3763 3245 ad

465 3260 819 3334 contemnas.
844 3277 1010 3327 Utere
1025 3260 1342 3334 intellectu,
1368 3277 1529 3323 utere
1558 3260 1805 3339 ratidne,
1822 3275 2053 3341 despice
2077 3266 2126 3341 C
2155 3261 2473 3341 Ξςῐξφιρνβίο
2495 3260 2676 3341 malos
2704 3260 3018 3341 δυωὶξδῖωῐ
3044 3261 3362 3341 “inferos
3387 3265 3606 3323 (Μαίυῑς
3644 3264 3768 3325 i3.)-

466 3350 817 3417 temporalia,
840 3352 907 3399 ut
929 3344 1225 3411 pervenire
1240 3344 1511 3395 merearis
1535 3343 1609 3395 ad
1625 3345 1895 3398 calestia.

741 3445 932 3508 TITU
945 3444 1108 3506 LUS
1153 3441 1481 3505 PSALMI
1535 3442 1777 3507 XLIX.

526 3567 703 3625 Agitur
746 3564 801 3609 in
834 3561 1065 3625 sequenti
1089 3558 1661 3625 _psalmo.t_le_voca_tione
1683 3562 1912 3608 omnium
1944 3576 2060 3621 gen-

468 3621 595 3676 tium
622 3642 633 3673 :
659 3627 719 3672 de
744 3624 1010 3669 manifesto
1044 3622 1261 3666 adventu
1285 3621 1573 3678 Christi,de
1593 3625 2059 3671 mutationeveteris

469 3689 702 3738 sacriﬁcii
717 3688 771 3731 in
788 3697 990 3740 novum,
1010 3683 1071 3727 de
1083 3682 1366 3727 damnando
1380 3688 1629 3739 peccatore
1648 3684 2027 3744 indisciplinato
2045 3698 2058 3735 :

469 3757 518 3799 et
541 3750 675 3809 quod
711 3749 805 3793 iter
837 3747 897 3809 ad
936 3745 1201 3809 Dominum
1230 3744 1296 3789 sit
1318 3744 1483 3809 laudis
1520 3745 1840 3809 sacriﬁcium.
1866 3748 2061 3809 Titulus

471 3806 819 3871 est,Psatmus
837 3806 1414 3871 Asapthterpretatur
1425 3807 1589 3871 Asaph
1607 3808 2065 3871 Δ(ξρηρνεεριλιιῖο,Αι.

474 3868 773 3921 tribuendus
797 3876 871 3916 est
891 3868 1009 3927 ergo
1033 3868 1255 3926 psalmus
1280 3868 1372 3913 iste
1395 3869 1581 3926 Asaph,
1604 3868 1654 3914 id
1680 3874 1768 3927 est,
1789 3868 2059 3929 congrega-

475 3937 600 3982 tioni
618 3935 843 3981 ﬁdelium
868 3937 981 3978 ante
1005 3930 1273 3995 adventum
1287 3929 1472 3995 Christi
1496 3930 1839 3995 existentium,
1863 3934 2065 3980 creden-

474 4001 602 4044 tium
641 4008 748 4042 esse
782 3999 1049 4040 venturum
1083 3993 1337 4040 Christum
1361 3992 1415 4037 in
1440 4004 1658 4049 carnem,
1681 3998 1728 4040 et
1760 3992 1849 4052 pro
1875 3996 2021 4043 nobis
2048 4012 2058 4043 :

476 4060 611 4119 quod
628 4072 719 4104 nos
741 4058 994 4103 credimus
1008 4068 1117 4119 esse
1136 4055 1458 4112 completum.
1484 4056 1685 4119 Materia
1706 4058 1888 4114 psalmi
1910 4059 2065 4116 hujus

476 4117 550 4169 est
585 4123 694 4179 ipse
720 4120 968 4176 Christus,
1005 4117 1151 4164 modo
1186 4130 1279 4163 nos
1302 4129 1389 4174 per
1411 4118 1816 4175 praedicationem
1840 4133 2023 4167 vocans
2049 4134 2062 4171 :

476 4184 661 4231 deinde
694 4182 917 4229 districts
949 4180 1202 4238 judicans.
1228 4179 1501 4227 Intendunt
1525 4185 1688 4225 autem
1713 4183 2064 4240 pranominall

478 4246 673 4307 ﬁdeles,
696 4243 1058 4307 introducendo
1088 4242 1250 4300 ipsius
1272 4241 1470 4307 Domini
1495 4242 1990 4307 Christipersonam,
2009 4249 2067 4292 ut

478 4303 895 4366 majori'pondere
920 4305 1205 4365 loquantur,
1231 4303 1442 4350 suadere
1464 4304 1779 4352 auditoribus
1802 4307 1930 4362 suis,
1958 4312 2013 4353 ut
2039 4321 2069 4353 a

479 4370 770 4418 carnalibus
791 4367 1124 4414 observantiis
1146 4366 1408 4426 desistant,
1435 4369 1483 4411 et
1514 4366 1576 4411 ab
1601 4368 1778 4413 umbra
1800 4368 1862 4413 ad
1884 4370 2066 4416 verita-

482 4438 576 4479 tem
598 4446 651 4478 se
676 4430 977 4478 transierant
1001 4444 1011 4475 :
1039 4442 1132 4475 nec
1153 4426 1223 4476 ita
1246 4441 1363 4474 voce
1386 4428 1681 4490 pradicant,
1713 4434 1769 4476 ut
1790 4443 1937 4488 opere
1966 4444 2069 4477 non

480 4495 741 4553 impleant.
770 4494 868 4541 Cur
890 4498 1056 4538 autem
1076 4491 1339 4551 praceptis
1359 4491 1543 4538 Christi
1563 4491 1680 4537 talia
1701 4492 1959 4539 suadentis
1981 4493 2068 4539 ob-

481 4556 860 4617 temperandum
883 4556 966 4614 sit,
985 4567 1173 4601 caussa
1188 4553 1463 4617 pramissa
1478 4558 1596 4617 sunt
1608 4555 1661 4600 in
1676 4555 1929 4613 principio
1944 4556 2073 4613 psal-

481 4620 572 4678 mi,
619 4631 780 4678 usque
812 4617 873 4662 ad
905 4630 1020 4663 eum
1065 4617 1229 4663 locum
1280 4616 1370 4662 ubi
1410 4616 1595 4662 dicitur
1637 4616 1810 4663 :Audi
1851 4617 2070 4675 populus

482 4694 645 4736 meus.
685 4682 742 4727 In
765 4678 1018 4737 principio
1052 4691 1169 4724 vero
1193 4678 1245 4724 ﬁt
1268 4679 1641 4737 pradicationis
1664 4681 1775 4738 ejus
1797 4678 1910 4726 talis
1932 4692 2067 4726 com-

487 4742 755 4798 mendatio.
782 4742 885 4786 Vox
908 4744 982 4786 est
1005 4753 1292 4799 synagoga.

943 4840 1341 4906 PSALMUS
1385 4841 1625 4905 XLIX.

551 4972 745 5028 1.Deus
756 4968 978 5019 deorum
989 4967 1258 5018 Dominus
1273 4967 1476 5017 locutus
1487 4972 1627 5029 est,et
1636 4968 1841 5018 vocavit
1856 4973 2075 5032 terram,

486 5061 523 5096 α
540 5044 799 5096 solisortu
813 5055 980 5105 usque
1002 5041 1075 5089 ad
1090 5054 1352 5090 occasum.
1378 5041 1505 5090 Non
1530 5039 1861 5104 quicunque
1884 5040 2076 5101 homo,

485 5122 587 5170 aut
604 5114 931 5180 quicunque
946 5110 1183 5176 angelus
1203 5111 1482 5173 loquutus
1495 5113 1600 5171 est,
1613 5111 1715 5162 sed
1731 5111 1854 5176 ipse
1870 5114 2074 5161 deorum

484 5190 659 5251 Deus,
674 5184 888 5237 scilicet
906 5184 1185 5235 Dominus
1196 5186 1393 5233 noster
1401 5183 1434 5233 J
1438 5194 1573 5232 esus
1590 5182 1868 5243 Christus,
1882 5182 1982 5245 qui
2004 5188 2078 5232 est

484 5263 746 5326 cperator
763 5260 820 5308 et
842 5255 1133 5326 deiﬁcator
1157 5257 1509 5326 sanctorum,
1523 5251 1673 5326 sicut
1698 5252 1825 5326 ipse
1847 5252 1981 5305 alibi
1996 5255 2078 5306 ait

484 5323 832 5396 quibusdam
863 5326 1075 5379 sanctis
1100 5325 1209 5375 diis
1231 5337 1332 5389 per
1350 5323 1770 5396 gratiam_factis
1787 5339 1800 5375 :
1819 5327 1933 5389 Ego
1945 5328 2072 5394 dixi,

483 5394 560 5455 dii
583 5402 724 5455 estis
747 5402 804 5451 et
825 5398 927 5449 ﬁlii
950 5396 1158 5449 excelsi
1179 5408 1379 5447 omnes
1399 5394 1558 5460 (Psat.
1584 5394 1709 5459 81.).
1742 5397 1889 5447 Hinc
1923 5399 2076 5462 Apo-

483 5475 664 5527 stolus
681 5471 779 5534 ait,
792 5469 961 5521 Dedit
985 5468 1065 5518 eis
1090 5469 1434 5532 potestatem
1458 5467 1606 5518 ﬁlios
1625 5469 1723 5519 Dei
1747 5468 1868 5519 ﬁeri
1892 5469 2071 5531 (Joan.

482 5543 572 5608 1.).
599 5547 668 5595 Et
695 5543 903 5593 iterum
929 5554 941 5591 :
963 5539 1090 5592 Filii
1125 5540 1224 5591 Dei
1253 5552 1477 5600 sumus,
1504 5539 1604 5590 sed
1629 5539 1889 5591 nondum
1919 5556 2077 5602 appa-

478 5618 581 5679 ret,
622 5611 778 5678 quod
814 5612 1026 5663 erimus
1063 5609 1126 5675 (1.
1170 5610 1331 5659 Joan.
1378 5609 1469 5672 3.).
1495 5612 1609 5661 Iste
1635 5615 1828 5662 tantus
1851 5624 1918 5662 ac
1942 5613 2072 5665 talis

479 5683 706 5736 locutus
741 5687 831 5733 est
867 5695 967 5745 per
989 5681 1244 5745 angelos,
1274 5694 1374 5744 per
1394 5681 1701 5745 prophetas
1724 5695 1824 5746 per
1858 5689 2074 5735 semet-

476 5751 670 5814 ipsum
697 5751 876 5815 (Hebr.
901 5753 1001 5814 1.),
1032 5764 1132 5815 per
1156 5751 1354 5803 ﬁdeles
1377 5765 1535 5815 suos,
1560 5757 1605 5800 et
1635 5754 1837 5802 vocavit
1870 5758 2072 5804 terram

479 5819 537 5870 id
574 5826 680 5886 est,
712 5821 974 5872 homines
1005 5822 1333 5873 habitantes
1364 5822 1425 5874 in
1450 5828 1616 5875 terra.
1642 5825 1713 5875 Et
1733 5837 1851 5876 non
1872 5824 1932 5875 in
1955 5838 2073 5878 una

483 5890 632 5941 terra
662 5893 909 5948 tantum,
950 5891 1051 5941 sed
1089 5903 1124 5942 a
1147 5891 1283 5943 solis
1306 5896 1435 5944 ortu
1458 5905 1646 5957 usque
1678 5895 1751 5947 ad
1778 5907 2068 5949 occasum.

2158 3332 2359 3383 Valida
2375 3335 2685 3395 tempestas
2702 3331 3044 3383 ventilatura
3060 3337 3153 3383 est
3168 3337 3288 3384 tam
3307 3346 3583 3399 magnam
3603 3352 3767 3384 aream

2155 3406 2277 3455 Hac
2322 3404 2663 3467 tempestate
2711 3403 2815 3466 (Eae
2850 3402 2984 3465 eod.)
3024 3404 3132 3454 erit
3164 3404 3263 3455 illa
3295 3405 3616 3469 ventilatio,
3659 3420 3769 3470 qua

2157 3474 2512 3539 separabitur
2534 3486 2568 3524 a
2591 3474 2808 3525 sanctis
2828 3486 2996 3525 omne
3019 3474 3393 3528 immundum
3419 3490 3487 3528 :a
3500 3478 3769 3529 ﬁdelibus

2156 3547 2346 3598 omnis
2372 3543 2682 3605 simulatio,
2706 3556 2742 3596 a
2758 3545 2866 3609 piis
2896 3550 2954 3596 et
2985 3547 3372 3598 trementibus
3399 3550 3646 3599 verbum
3672 3551 3772 3601 Dei

2155 3618 2343 3669 omnis
2373 3620 2695 3667 contemtor
2716 3622 2774 3667 et
2798 3618 3100 3680 superbus.
3144 3618 3396 3670 Veniens
3428 3620 3631 3683 itaque
3656 3623 3769 3671 Do-

2156 3688 2352 3739 minus
2375 3687 2447 3738 ad
2464 3686 2766 3751 judicium,
2789 3686 2928 3749 quid
2952 3686 3213 3738 facturus
3230 3692 3371 3740 est?

2218 3758 2269 3812 4.
2295 3757 2587 3808 Advocabit
2608 3757 2865 3806 ralumdc
2888 3772 3126 3808 sursum.
3147 3761 3253 3810 Per
3275 3760 3487 3812 calum
3505 3763 3621 3824 (Em
3635 3763 3769 3825 eod.)

2157 3831 2283 3884 vult
2305 3829 2547 3892 intelligi
2566 3841 2770 3880 omnes
2784 3833 3014 3880 sanctos
3032 3834 3089 3880 et
3102 3830 3410 3894 perfectos,
3425 3845 3577 3896 quos
3593 3834 3771 3887 advo-

2158 3901 2309 3954 cabit
2338 3912 2572 3959 sursum
2597 3911 2863 3951 sessuros
2890 3912 3090 3951 secum
3117 3900 3501 3964 judicaturos.
3531 3905 3771 3956 Vocabit

2159 3979 2202 4022 et
2220 3971 2745 4036 terram(discernere
2760 3970 3027 4034 populum
3045 3985 3227 4022 suum.
3249 3973 3471 4025 Calum
3484 3978 3704 4036 vocabit,
3720 3985 3767 4024 ut

2152 4044 2372 4109 judicet
2398 4054 2531 4093 cum
2545 4054 2629 4093 eo.
2649 4044 2883 4093 Terram
2906 4042 3154 4103 vocabit,
3185 4048 3251 4095 ut
3276 4044 3573 4096 discernat
3588 4060 3764 4110 popu-

2160 4116 2284 4168 lum
2311 4128 2481 4166 suum
2505 4126 2539 4165 a
2555 4113 2765 4178 populo
2788 4114 2959 4166 malo.
2972 4115 3125 4166 Audi
3138 4117 3507 4168 vocationem
3524 4123 3715 4179 terra,
3728 4124 3767 4166 et

2164 4188 2354 4253 papuli
2373 4186 2461 4237 sui
2475 4185 2910 4237 discretionem:
2937 4186 3142 4238 Venite
3167 4188 3460 4239 benedicti
3485 4193 3645 4238 Patris
3658 4193 3768 4252 mei,

2164 4258 2434 4324 percipite
2452 4270 2710 4321 regnum,
2730 4255 2884 4320 quod
2897 4258 3061 4308 vobis
3074 4263 3340 4321 paratum
3359 4265 3451 4311 est
3464 4261 3543 4312 ab
3555 4262 3771 4325 origine

2166 4330 2367 4381 mundi
2409 4329 2618 4393 (Matth.
2655 4326 2780 4390 25.).
2822 4327 3101 4392 Percipite
3122 4329 3271 4381 dico.
3299 4332 3523 4390 Quare?
3546 4333 3767 4384 Esurivi

2166 4404 2339 4461 enim,
2376 4403 2433 4452 et
2457 4399 2669 4451 dedisti
2695 4399 2835 4449 mihi
2869 4400 3239 4459 manducare,
3265 4408 3374 4453 etc.
3414 4405 3561 4455 Ecce
3590 4417 3767 4467 quare

2169 4473 2440 4524 dicuntur
2461 4475 2612 4523 terra
2639 4488 2650 4520 :
2677 4470 2940 4523 videlicet
2963 4477 3196 4535 propter
3221 4473 3359 4524 boni
3371 4474 3563 4538 operis
3573 4474 3766 4527 fertili-

2170 4546 2367 4596 tatem.
2404 4542 2476 4593 Hi
2494 4542 2543 4592 si
2568 4555 2686 4593 non
2713 4546 3021 4605 potuerunt
3041 4541 3253 4594 calum
3270 4557 3422 4601 esse,
3436 4547 3633 4596 omnia
3646 4560 3769 4598 con-

2096 4633 2153 4706 n
2176 4613 2501 4706 senessi:
2508 4612 3769 4706 .YPEPP.9?.‘85"{§%‘:’P".2:€£"..°}‘1‘P.E‘isff§°°f'

2176 4686 2287 4738 dia
2318 4685 2574 4736 faciendo
2601 4684 2812 4748 (Matth.
2836 4683 2886 4737 5.
2918 4688 2963 4732 et
2984 4681 3113 4746 25.).
3142 4685 3359 4737 Deinde
3386 4688 3670 4751 propheta,
3688 4689 3769 4739 τί-

2177 4758 2318 4810 dens
2340 4756 2553 4818 futura,
2576 4760 2849 4819 tanquam
2875 4756 3201 4822 prasentia,
3230 4756 3577 4810 exhortatur
3597 4772 3771 4824 auge.

2175 4833 2265 4885 los
2297 4832 2733 4893 congregantes.
2776 4827 2966 4878 Mittet
3009 4827 3164 4878 enim
3212 4829 3499 4880 Dominus
3539 4832 3768 4896 angelos

2177 4915 2332 4961 suos,
2371 4904 2428 4951 et
2463 4898 2974 4963 congregabantur
3008 4903 3145 4949 ante
3176 4910 3315 4951 eum
3343 4913 3548 4953 omnes
3568 4907 3769 4966 gentes

2177 4974 2386 5040 (Matth.
2408 4968 2492 5026 13.
2525 4976 2570 5019 et
2591 4969 2723 5032 25.).

2237 5045 2287 5099 5.
2323 5045 2429 5095 Con
2438 5046 2648 5107 gregale
2670 5040 2754 5090 illi
2770 5040 2840 5092 de
2856 5039 3102 5093 diversis
3118 5042 3383 5106 partibus
3398 5043 3556 5095 orbis
3564 5051 3769 5095 sanctos

2174 5117 2304 5181 ejus.
2324 5118 2519 5168 Etnon
2537 5114 2678 5166 tales
2690 5117 2941 5175 sanctos,
2958 5113 3058 5176 qui
3080 5112 3359 5166 insistant
3388 5113 3562 5181 248
3582 5128 3765 5168 carna-

2171 5189 2323 5241 libus
2346 5184 2748 5246 observantiis,
2768 5183 2867 5236 sed
2893 5184 3054 5243 tales,
3080 5184 3179 5248 qui
3195 5186 3486 5243 ordinant,
3503 5192 3765 5252 etpropo—

2172 5264 2320 5311 nunt
2330 5269 2550 5310 novum
2567 5259 2937 5306 testamentum
2965 5252 3079 5319 ejus
3093 5270 3259 5319 super
3275 5257 3555 5313 sacriﬁcia
3570 5260 3757 5319 legalis.

2174 5331 2273 5381 Illa
2303 5328 2454 5381 enim
2479 5327 2759 5379 sacriﬁcia
2792 5326 3004 5378 veteris
3039 5327 3418 5390 Testamenti,
3457 5330 3675 5393 umbra,
3711 5333 3761 5380 et

2171 5400 2470 5467 prophetia
2482 5400 2711 5450 fuerunt
2728 5397 3455 5451 veritatis.Testamentum
3472 5413 3606 5466 ergo
3620 5415 3756 5462 super

2172 5472 2451 5524 sacriﬁcia
2493 5471 2772 5528 ordinare,
2804 5474 2894 5520 est
2927 5468 3187 5533 seipsum
3214 5469 3274 5521 in
3299 5472 3641 5523 sacriﬁcium
3664 5471 3757 5521 Do-

2170 5544 2326 5596 mino
2360 5543 2576 5604 oﬁ‘erre,
2611 5546 2670 5593 et
2708 5539 2863 5604 quod
2886 5540 3049 5591 litera
3091 5542 3375 5606 pracipit,
3414 5541 3752 5608 spiritualiter

2171 5613 2501 5677 adimplere.
2529 5612 2631 5663 Vel
2653 5625 2822 5675 super
2838 5611 3118 5662 sacriﬁcia
3134 5616 3555 5666 testamentum
3582 5614 3749 5662 ordina-

2172 5690 2281 5749 tur,
2313 5683 2545 5748 quando
2574 5683 2865 5735 veteribus
2891 5695 3046 5734 nova
3062 5690 3517 5747 praponuntur:
3549 5680 3745 5749 quando

2169 5755 2504 5807 animalium
2529 5754 2825 5806 sacriﬁciis
2849 5753 3176 5817 destructis,
3192 5755 3614 5809 Melchisedech
3631 5751 3743 5806 ordo

2170 5826 2383 5889 ubique
2404 5825 2750 5891 pradicatur
2778 5823 2956 5886 (Hebr.
2988 5822 3040 5877 5.
3067 5824 3119 5877 7.
3154 5828 3201 5874 et
3226 5825 3335 5883 10.)
3363 5827 3456 5880 Ad
3478 5828 3637 5892 cujus
3654 5836 3735 5877 no-

2168 5898 2367 5950 vitatis
2391 5897 2648 5950 ordinem
2677 5895 2941 5960 pertinet,
2963 5896 3118 5958 quod
3143 5897 3434 5951 subditur.
