  <div class='ocr_page' id='page_1' title='image "/cluster/home/n/w/nwhite01/storage/ocr_20150623/20-21/uva.x000826555/1036.png"; bbox 0 0 3880 6222; ppageno 0'>
   <div class='ocr_carea' id='block_1_1' title="bbox 121 413 238 468">
    <p class='ocr_par' dir='ltr' id='par_1_1' title="bbox 121 413 238 468">
     <span class='ocr_line' id='line_1_1' title="bbox 121 413 238 468; baseline 0.034 -3"><span class='ocrx_word' id='word_1_1' title='bbox 121 413 238 468; x_wconf 73' lang='grc'>845</span> 
     </span>
    </p>
   </div>
   <div class='ocr_carea' id='block_1_2' title="bbox 1143 420 2439 481">
    <p class='ocr_par' dir='ltr' id='par_1_2' title="bbox 1143 420 2439 481">
     <span class='ocr_line' id='line_1_2' title="bbox 1143 420 2439 481; baseline 0.009 -12"><span class='ocrx_word' id='word_1_2' title='bbox 1143 420 1215 470; x_wconf 87' lang='lat' dir='ltr'>IN</span> <span class='ocrx_word' id='word_1_3' title='bbox 1253 421 1577 475; x_wconf 82' lang='lat' dir='ltr'>PSALMOS</span> <span class='ocrx_word' id='word_1_4' title='bbox 1621 422 1828 477; x_wconf 83' lang='lat' dir='ltr'><strong>LXXV</strong></span> <span class='ocrx_word' id='word_1_5' title='bbox 1860 424 2439 481; x_wconf 84' lang='lat' dir='ltr'>COMMENTARIUS.</span> 
     </span>
    </p>
   </div>
   <div class='ocr_carea' id='block_1_3' title="bbox 3339 438 3445 492">
    <p class='ocr_par' dir='ltr' id='par_1_3' title="bbox 3339 438 3445 492">
     <span class='ocr_line' id='line_1_3' title="bbox 3339 438 3445 492; baseline 0.019 -1"><span class='ocrx_word' id='word_1_6' title='bbox 3339 438 3445 492; x_wconf 69' lang='grc'>846</span> 
     </span>
    </p>
   </div>
   <div class='ocr_carea' id='block_1_4' title="bbox 189 525 3445 611">
    <p class='ocr_par' dir='ltr' id='par_1_4' title="bbox 189 525 3445 611">
     <span class='ocr_line' id='line_1_4' title="bbox 189 525 3445 611; baseline 0.008 -35"><span class='ocrx_word' id='word_1_7' title='bbox 189 525 247 579; x_wconf 89' lang='lat'>6.</span> <span class='ocrx_word' id='word_1_8' title='bbox 284 525 355 606; x_wconf 60' lang='grc' dir='ltr'>[ξι</span> <span class='ocrx_word' id='word_1_9' title='bbox 384 526 806 611; x_wconf 51' lang='grc' dir='ltr'>μηηιεηξξαρξιγιι</span> <span class='ocrx_word' id='word_1_10' title='bbox 829 526 940 611; x_wconf 55' lang='lat' dir='ltr'>casti</span> <span class='ocrx_word' id='word_1_11' title='bbox 962 528 1239 611; x_wconf 60' lang='lat' dir='ltr'>justitiam</span> <span class='ocrx_word' id='word_1_12' title='bbox 1275 531 1426 611; x_wconf 65' lang='lat' dir='ltr'>ejus:</span> <span class='ocrx_word' id='word_1_13' title='bbox 1474 534 1737 611; x_wconf 70' lang='lat' dir='ltr'>quoniam</span> <span class='ocrx_word' id='word_1_14' title='bbox 1767 538 1822 611; x_wconf 76' lang='grc' dir='ltr'><strong>Α</strong></span> <span class='ocrx_word' id='word_1_15' title='bbox 1848 541 1902 611; x_wconf 81' lang='lat' dir='ltr'>et</span> <span class='ocrx_word' id='word_1_16' title='bbox 1926 535 2038 600; x_wconf 90' lang='lat' dir='ltr'>illa,</span> <span class='ocrx_word' id='word_1_17' title='bbox 2065 550 2199 600; x_wconf 62' lang='lat' dir='ltr'>quae</span> <span class='ocrx_word' id='word_1_18' title='bbox 2242 550 2362 590; x_wconf 91' lang='lat' dir='ltr'>non</span> <span class='ocrx_word' id='word_1_19' title='bbox 2404 541 2688 606; x_wconf 88' lang='lat' dir='ltr'>possides,</span> <span class='ocrx_word' id='word_1_20' title='bbox 2728 557 2858 597; x_wconf 91' lang='lat' dir='ltr'>mea</span> <span class='ocrx_word' id='word_1_21' title='bbox 2892 548 3032 597; x_wconf 87' lang='lat' dir='ltr'>sunt</span> <span class='ocrx_word' id='word_1_22' title='bbox 3054 546 3265 598; x_wconf 87' lang='lat' dir='ltr'>omnia.</span> <span class='ocrx_word' id='word_1_23' title='bbox 3291 549 3445 609; x_wconf 92' lang='lat' dir='ltr'>Quo-</span> 
     </span>
    </p>
   </div>
   <div class='ocr_carea' id='block_1_5' title="bbox 116 595 1742 664">
    <p class='ocr_par' dir='ltr' id='par_1_5' title="bbox 116 595 1742 664">
     <span class='ocr_line' id='line_1_5' title="bbox 116 595 1742 664; baseline 0.006 -20"><span class='ocrx_word' id='word_1_24' title='bbox 116 595 273 645; x_wconf 82' lang='lat' dir='ltr'>Deus</span> <span class='ocrx_word' id='word_1_25' title='bbox 286 596 466 659; x_wconf 78' lang='lat' dir='ltr'>judca:</span> <span class='ocrx_word' id='word_1_26' title='bbox 476 602 566 646; x_wconf 84' lang='lat' dir='ltr'>cst.</span> <span class='ocrx_word' id='word_1_27' title='bbox 588 597 1020 661; x_wconf 80' lang='lat' dir='ltr'>Ceelijustitiam</span> <span class='ocrx_word' id='word_1_28' title='bbox 1037 600 1140 650; x_wconf 87' lang='lat' dir='ltr'>Dei</span> <span class='ocrx_word' id='word_1_29' title='bbox 1155 595 1521 661; x_wconf 84' lang='lat' dir='ltr'>annuntiant,</span> <span class='ocrx_word' id='word_1_30' title='bbox 1538 607 1742 664; x_wconf 84' lang='lat' dir='ltr'>quando</span> 
     </span>
    </p>
   </div>
   <div class='ocr_carea' id='block_1_6' title="bbox 118 666 1748 734">
    <p class='ocr_par' dir='ltr' id='par_1_6' title="bbox 118 666 1748 734">
     <span class='ocr_line' id='line_1_6' title="bbox 118 666 1748 734; baseline 0.006 -19"><span class='ocrx_word' id='word_1_31' title='bbox 118 666 466 729; x_wconf 91' lang='lat' dir='ltr'>spirituales</span> <span class='ocrx_word' id='word_1_32' title='bbox 494 668 601 720; x_wconf 89' lang='lat' dir='ltr'>viri</span> <span class='ocrx_word' id='word_1_33' title='bbox 625 667 799 719; x_wconf 91' lang='lat' dir='ltr'>ﬁdem</span> <span class='ocrx_word' id='word_1_34' title='bbox 825 669 1052 720; x_wconf 86' lang='lat' dir='ltr'>Domini</span> <span class='ocrx_word' id='word_1_35' title='bbox 1075 671 1259 722; x_wconf 91' lang='lat' dir='ltr'>nostri</span> <span class='ocrx_word' id='word_1_36' title='bbox 1272 674 1414 723; x_wconf 89' lang='lat' dir='ltr'>Jesu</span> <span class='ocrx_word' id='word_1_37' title='bbox 1437 674 1665 734; x_wconf 80' lang='lat' dir='ltr'>Christi,</span> <span class='ocrx_word' id='word_1_38' title='bbox 1689 678 1748 726; x_wconf 93' lang='lat' dir='ltr'>et</span> 
     </span>
    </p>
   </div>
   <div class='ocr_carea' id='block_1_7' title="bbox 114 737 1747 803">
    <p class='ocr_par' dir='ltr' id='par_1_7' title="bbox 114 737 1747 803">
     <span class='ocr_line' id='line_1_7' title="bbox 114 737 1747 803; baseline 0.004 -17"><span class='ocrx_word' id='word_1_39' title='bbox 114 737 283 788; x_wconf 91' lang='lat' dir='ltr'>bona</span> <span class='ocrx_word' id='word_1_40' title='bbox 310 751 482 801; x_wconf 81' lang='lat' dir='ltr'>opera.</span> <span class='ocrx_word' id='word_1_41' title='bbox 498 739 830 803; x_wconf 65' lang='lat' dir='ltr'>praedicant.</span> <span class='ocrx_word' id='word_1_42' title='bbox 851 740 1015 792; x_wconf 83' lang='lat' dir='ltr'>Unde</span> <span class='ocrx_word' id='word_1_43' title='bbox 1038 741 1173 792; x_wconf 84' lang='lat' dir='ltr'>alibi</span> <span class='ocrx_word' id='word_1_44' title='bbox 1190 742 1424 795; x_wconf 90' lang='lat' dir='ltr'>dicitur:</span> <span class='ocrx_word' id='word_1_45' title='bbox 1453 744 1587 796; x_wconf 64' lang='lat' dir='ltr'>Caeli</span> <span class='ocrx_word' id='word_1_46' title='bbox 1605 761 1747 793; x_wconf 88' lang='lat' dir='ltr'>enar-</span> 
     </span>
    </p>
   </div>
   <div class='ocr_carea' id='block_1_8' title="bbox 116 809 1745 878">
    <p class='ocr_par' dir='ltr' id='par_1_8' title="bbox 116 809 1745 878">
     <span class='ocr_line' id='line_1_8' title="bbox 116 809 1745 878; baseline 0.006 -20"><span class='ocrx_word' id='word_1_47' title='bbox 116 811 257 859; x_wconf 86' lang='lat' dir='ltr'>rant</span> <span class='ocrx_word' id='word_1_48' title='bbox 283 809 529 872; x_wconf 86' lang='lat' dir='ltr'>gloriam</span> <span class='ocrx_word' id='word_1_49' title='bbox 565 811 657 860; x_wconf 87' lang='lat' dir='ltr'>Dei</span> <span class='ocrx_word' id='word_1_50' title='bbox 693 810 853 871; x_wconf 79' lang='lat' dir='ltr'>(Psal.</span> <span class='ocrx_word' id='word_1_51' title='bbox 900 810 1025 872; x_wconf 90' lang='lat'>18.).</span> <span class='ocrx_word' id='word_1_52' title='bbox 1060 814 1199 875; x_wconf 69' lang='lat' dir='ltr'>Qum</span> <span class='ocrx_word' id='word_1_53' title='bbox 1243 816 1493 878; x_wconf 86' lang='lat' dir='ltr'>profecto</span> <span class='ocrx_word' id='word_1_54' title='bbox 1521 816 1745 878; x_wconf 89' lang='lat' dir='ltr'>justitia</span> 
     </span>
    </p>
   </div>
   <div class='ocr_carea' id='block_1_9' title="bbox 118 878 1744 949">
    <p class='ocr_par' dir='ltr' id='par_1_9' title="bbox 118 878 1744 949">
     <span class='ocr_line' id='line_1_9' title="bbox 118 878 1744 949; baseline 0.005 -20"><span class='ocrx_word' id='word_1_55' title='bbox 118 878 257 949; x_wconf 88' lang='lat' dir='ltr'>ideo</span> <span class='ocrx_word' id='word_1_56' title='bbox 284 880 457 931; x_wconf 90' lang='lat' dir='ltr'>nobis</span> <span class='ocrx_word' id='word_1_57' title='bbox 501 881 865 945; x_wconf 59' lang='lat' dir='ltr'>praedicatur,</span> <span class='ocrx_word' id='word_1_58' title='bbox 890 886 1177 946; x_wconf 74' lang='lat' dir='ltr'>quatenus</span> <span class='ocrx_word' id='word_1_59' title='bbox 1217 884 1372 936; x_wconf 85' lang='lat' dir='ltr'>illam</span> <span class='ocrx_word' id='word_1_60' title='bbox 1397 892 1744 949; x_wconf 84' lang='lat' dir='ltr'>exequentes</span> 
     </span>
    </p>
   </div>
   <div class='ocr_carea' id='block_1_10' title="bbox 118 948 1743 1017">
    <p class='ocr_par' dir='ltr' id='par_1_10' title="bbox 118 948 1743 1017">
     <span class='ocr_line' id='line_1_10' title="bbox 118 948 1743 1017; baseline 0.004 -19"><span class='ocrx_word' id='word_1_61' title='bbox 118 948 272 999; x_wconf 89' lang='lat' dir='ltr'>iram</span> <span class='ocrx_word' id='word_1_62' title='bbox 291 950 509 1013; x_wconf 90' lang='lat' dir='ltr'>judicis</span> <span class='ocrx_word' id='word_1_63' title='bbox 531 952 744 1003; x_wconf 76' lang='lat' dir='ltr'>evitare</span> <span class='ocrx_word' id='word_1_64' title='bbox 762 965 1103 1005; x_wconf 91' lang='lat' dir='ltr'>mereamur.</span> <span class='ocrx_word' id='word_1_65' title='bbox 1125 956 1405 1016; x_wconf 88' lang='lat' dir='ltr'>Quoniam</span> <span class='ocrx_word' id='word_1_66' title='bbox 1424 948 1578 1008; x_wconf 84' lang='lat' dir='ltr'>Deus</span> <span class='ocrx_word' id='word_1_67' title='bbox 1589 960 1743 1017; x_wconf 81' lang='lat' dir='ltr'>judex</span> 
     </span>
    </p>
   </div>
   <div class='ocr_carea' id='block_1_11' title="bbox 115 1022 1744 1090">
    <p class='ocr_par' dir='ltr' id='par_1_11' title="bbox 115 1022 1744 1090">
     <span class='ocr_line' id='line_1_11' title="bbox 115 1022 1744 1090; baseline 0.002 -18"><span class='ocrx_word' id='word_1_68' title='bbox 115 1025 232 1083; x_wconf 87' lang='lat' dir='ltr'>est,</span> <span class='ocrx_word' id='word_1_69' title='bbox 261 1022 366 1085; x_wconf 87' lang='lat' dir='ltr'>qui</span> <span class='ocrx_word' id='word_1_70' title='bbox 384 1022 670 1085; x_wconf 87' lang='lat' dir='ltr'>judicabit</span> <span class='ocrx_word' id='word_1_71' title='bbox 695 1024 860 1075; x_wconf 92' lang='lat' dir='ltr'>vivos</span> <span class='ocrx_word' id='word_1_72' title='bbox 873 1029 929 1076; x_wconf 91' lang='lat' dir='ltr'>et</span> <span class='ocrx_word' id='word_1_73' title='bbox 953 1029 1214 1077; x_wconf 91' lang='lat' dir='ltr'>mortuos</span> <span class='ocrx_word' id='word_1_74' title='bbox 1234 1026 1443 1089; x_wconf 83' lang='lat' dir='ltr'>(Matth.</span> <span class='ocrx_word' id='word_1_75' title='bbox 1472 1026 1576 1090; x_wconf 89' lang='lat'>16.)</span> <span class='ocrx_word' id='word_1_76' title='bbox 1594 1042 1606 1078; x_wconf 91' lang='lat'>:</span> <span class='ocrx_word' id='word_1_77' title='bbox 1623 1032 1744 1090; x_wconf 86' lang='lat' dir='ltr'>quia</span> 
     </span>
    </p>
   </div>
   <div class='ocr_carea' id='block_1_12' title="bbox 121 1092 1745 1160">
    <p class='ocr_par' dir='ltr' id='par_1_12' title="bbox 121 1092 1745 1160">
     <span class='ocr_line' id='line_1_12' title="bbox 121 1092 1745 1160; baseline 0.002 -17"><span class='ocrx_word' id='word_1_78' title='bbox 121 1092 458 1144; x_wconf 91' lang='lat' dir='ltr'>secundum</span> <span class='ocrx_word' id='word_1_79' title='bbox 475 1106 646 1158; x_wconf 84' lang='lat' dir='ltr'>opera</span> <span class='ocrx_word' id='word_1_80' title='bbox 659 1095 971 1160; x_wconf 82' lang='lat' dir='ltr'>unicuique</span> <span class='ocrx_word' id='word_1_81' title='bbox 995 1097 1268 1149; x_wconf 71' lang='lat' dir='ltr'>retribuet</span> <span class='ocrx_word' id='word_1_82' title='bbox 1291 1099 1510 1150; x_wconf 88' lang='lat' dir='ltr'>merita.</span> <span class='ocrx_word' id='word_1_83' title='bbox 1534 1101 1653 1150; x_wconf 83' lang='lat' dir='ltr'>Hoc</span> <span class='ocrx_word' id='word_1_84' title='bbox 1670 1102 1745 1147; x_wconf 87' lang='lat' dir='ltr'>in-</span> 
     </span>
    </p>
   </div>
   <div class='ocr_carea' id='block_1_13' title="bbox 116 1166 1743 1230">
    <p class='ocr_par' dir='ltr' id='par_1_13' title="bbox 116 1166 1743 1230">
     <span class='ocr_line' id='line_1_13' title="bbox 116 1166 1743 1230; baseline 0.002 -16"><span class='ocrx_word' id='word_1_85' title='bbox 116 1167 427 1215; x_wconf 85' lang='lat' dir='ltr'>cessanter</span> <span class='ocrx_word' id='word_1_86' title='bbox 450 1166 666 1216; x_wconf 92' lang='lat' dir='ltr'>mentis</span> <span class='ocrx_word' id='word_1_87' title='bbox 683 1166 868 1217; x_wconf 89' lang='lat' dir='ltr'>oculis</span> <span class='ocrx_word' id='word_1_88' title='bbox 891 1168 1255 1220; x_wconf 81' lang='lat' dir='ltr'>attendentes</span> <span class='ocrx_word' id='word_1_89' title='bbox 1280 1170 1462 1221; x_wconf 80' lang='lat' dir='ltr'>sancti</span> <span class='ocrx_word' id='word_1_90' title='bbox 1486 1170 1743 1230; x_wconf 88' lang='lat' dir='ltr'>viri,quo-</span> 
     </span>
    </p>
   </div>
   <div class='ocr_carea' id='block_1_14' title="bbox 119 1233 1743 1305">
    <p class='ocr_par' dir='ltr' id='par_1_14' title="bbox 119 1233 1743 1305">
     <span class='ocr_line' id='line_1_14' title="bbox 119 1233 1743 1305; baseline 0.003 -20"><span class='ocrx_word' id='word_1_91' title='bbox 119 1233 285 1285; x_wconf 84' lang='lat' dir='ltr'>niam</span> <span class='ocrx_word' id='word_1_92' title='bbox 304 1236 465 1286; x_wconf 89' lang='lat' dir='ltr'>Deus</span> <span class='ocrx_word' id='word_1_93' title='bbox 475 1236 660 1299; x_wconf 85' lang='lat' dir='ltr'>judex</span> <span class='ocrx_word' id='word_1_94' title='bbox 683 1242 790 1300; x_wconf 90' lang='lat' dir='ltr'>est,</span> <span class='ocrx_word' id='word_1_95' title='bbox 812 1238 993 1288; x_wconf 87' lang='lat' dir='ltr'>vitam</span> <span class='ocrx_word' id='word_1_96' title='bbox 1015 1250 1179 1289; x_wconf 89' lang='lat' dir='ltr'>suam</span> <span class='ocrx_word' id='word_1_97' title='bbox 1195 1239 1497 1304; x_wconf 86' lang='lat' dir='ltr'>inquirere,</span> <span class='ocrx_word' id='word_1_98' title='bbox 1511 1244 1743 1305; x_wconf 87' lang='lat' dir='ltr'>peccata</span> 
     </span>
    </p>
   </div>
   <div class='ocr_carea' id='block_1_15' title="bbox 122 1306 1742 1376">
    <p class='ocr_par' dir='ltr' id='par_1_15' title="bbox 122 1306 1742 1376">
     <span class='ocr_line' id='line_1_15' title="bbox 122 1306 1742 1376; baseline 0.004 -20"><span class='ocrx_word' id='word_1_99' title='bbox 122 1318 236 1357; x_wconf 86' lang='lat' dir='ltr'>sua</span> <span class='ocrx_word' id='word_1_100' title='bbox 248 1306 487 1370; x_wconf 90' lang='lat' dir='ltr'>deﬁere,</span> <span class='ocrx_word' id='word_1_101' title='bbox 511 1320 640 1359; x_wconf 92' lang='lat' dir='ltr'>sese</span> <span class='ocrx_word' id='word_1_102' title='bbox 664 1320 893 1372; x_wconf 91' lang='lat' dir='ltr'>semper</span> <span class='ocrx_word' id='word_1_103' title='bbox 915 1309 986 1360; x_wconf 89' lang='lat' dir='ltr'>ad</span> <span class='ocrx_word' id='word_1_104' title='bbox 1010 1310 1246 1362; x_wconf 88' lang='lat' dir='ltr'>meliora</span> <span class='ocrx_word' id='word_1_105' title='bbox 1267 1323 1604 1376; x_wconf 85' lang='lat' dir='ltr'>promovere</span> <span class='ocrx_word' id='word_1_106' title='bbox 1628 1324 1742 1362; x_wconf 92' lang='lat' dir='ltr'>non</span> 
     </span>
    </p>
   </div>
   <div class='ocr_carea' id='block_1_16' title="bbox 121 1380 1743 1447">
    <p class='ocr_par' dir='ltr' id='par_1_16' title="bbox 121 1380 1743 1447">
     <span class='ocr_line' id='line_1_16' title="bbox 121 1380 1743 1447; baseline 0.003 -20"><span class='ocrx_word' id='word_1_107' title='bbox 121 1382 369 1429; x_wconf 88' lang='lat' dir='ltr'>cessant</span> <span class='ocrx_word' id='word_1_108' title='bbox 381 1394 396 1426; x_wconf 92' lang='lat'><strong><em>:</em></strong></span> <span class='ocrx_word' id='word_1_109' title='bbox 408 1382 473 1430; x_wconf 92' lang='lat' dir='ltr'>ut</span> <span class='ocrx_word' id='word_1_110' title='bbox 484 1380 853 1443; x_wconf 86' lang='lat' dir='ltr'>postmodum</span> <span class='ocrx_word' id='word_1_111' title='bbox 866 1385 997 1432; x_wconf 89' lang='lat' dir='ltr'>ante</span> <span class='ocrx_word' id='word_1_112' title='bbox 1012 1380 1336 1434; x_wconf 83' lang='lat' dir='ltr'>districtum</span> <span class='ocrx_word' id='word_1_113' title='bbox 1344 1385 1363 1447; x_wconf 90' lang='lat' dir='ltr'>j</span> <span class='ocrx_word' id='word_1_114' title='bbox 1376 1384 1599 1434; x_wconf 88' lang='lat' dir='ltr'>udicem</span> <span class='ocrx_word' id='word_1_115' title='bbox 1610 1386 1661 1431; x_wconf 91' lang='lat' dir='ltr'>in</span> <span class='ocrx_word' id='word_1_116' title='bbox 1663 1387 1743 1443; x_wconf 87' lang='lat' dir='ltr'>ju-</span> 
     </span>
    </p>
   </div>
   <div class='ocr_carea' id='block_1_17' title="bbox 120 1448 1736 1519">
    <p class='ocr_par' dir='ltr' id='par_1_17' title="bbox 120 1448 1736 1519">
     <span class='ocr_line' id='line_1_17' title="bbox 120 1448 1736 1519; baseline 0.002 -20"><span class='ocrx_word' id='word_1_117' title='bbox 120 1448 408 1501; x_wconf 89' lang='lat' dir='ltr'>dicabiles</span> <span class='ocrx_word' id='word_1_118' title='bbox 420 1463 690 1514; x_wconf 79' lang='lat' dir='ltr'>apparere</span> <span class='ocrx_word' id='word_1_119' title='bbox 703 1450 1079 1504; x_wconf 86' lang='lat' dir='ltr'>valeant.Huc</span> <span class='ocrx_word' id='word_1_120' title='bbox 1095 1466 1277 1516; x_wconf 89' lang='lat' dir='ltr'>usque</span> <span class='ocrx_word' id='word_1_121' title='bbox 1290 1456 1594 1519; x_wconf 84' lang='lat' dir='ltr'>Synagoga</span> <span class='ocrx_word' id='word_1_122' title='bbox 1604 1469 1736 1503; x_wconf 91' lang='lat' dir='ltr'>com-</span> 
     </span>
    </p>
   </div>
   <div class='ocr_carea' id='block_1_18' title="bbox 115 1520 1740 1587">
    <p class='ocr_par' dir='ltr' id='par_1_18' title="bbox 115 1520 1740 1587">
     <span class='ocr_line' id='line_1_18' title="bbox 115 1520 1740 1587; baseline 0.002 -17"><span class='ocrx_word' id='word_1_123' title='bbox 115 1520 431 1572; x_wconf 89' lang='lat' dir='ltr'>mendavit</span> <span class='ocrx_word' id='word_1_124' title='bbox 450 1523 762 1585; x_wconf 78' lang='lat' dir='ltr'>Christum,</span> <span class='ocrx_word' id='word_1_125' title='bbox 786 1523 880 1574; x_wconf 88' lang='lat' dir='ltr'>vel</span> <span class='ocrx_word' id='word_1_126' title='bbox 906 1526 1247 1587; x_wconf 84' lang='lat' dir='ltr'>exponendo</span> <span class='ocrx_word' id='word_1_127' title='bbox 1272 1525 1531 1577; x_wconf 87' lang='lat' dir='ltr'>ordinem</span> <span class='ocrx_word' id='word_1_128' title='bbox 1556 1527 1740 1586; x_wconf 80' lang='lat' dir='ltr'>praedi-</span> 
     </span>
    </p>
   </div>
   <div class='ocr_carea' id='block_1_19' title="bbox 120 1592 1739 1654">
    <p class='ocr_par' dir='ltr' id='par_1_19' title="bbox 120 1592 1739 1654">
     <span class='ocr_line' id='line_1_19' title="bbox 120 1592 1739 1654; baseline 0.004 -13"><span class='ocrx_word' id='word_1_129' title='bbox 120 1592 371 1643; x_wconf 88' lang='lat' dir='ltr'>cationis</span> <span class='ocrx_word' id='word_1_130' title='bbox 392 1594 533 1654; x_wconf 87' lang='lat' dir='ltr'>ejus,</span> <span class='ocrx_word' id='word_1_131' title='bbox 580 1594 671 1645; x_wconf 90' lang='lat' dir='ltr'>vel</span> <span class='ocrx_word' id='word_1_132' title='bbox 711 1594 1034 1645; x_wconf 89' lang='lat' dir='ltr'>secundum</span> <span class='ocrx_word' id='word_1_133' title='bbox 1077 1596 1393 1648; x_wconf 88' lang='lat' dir='ltr'>adventum</span> <span class='ocrx_word' id='word_1_134' title='bbox 1444 1609 1739 1648; x_wconf 89' lang='lat' dir='ltr'>commen-</span> 
     </span>
    </p>
   </div>
   <div class='ocr_carea' id='block_1_20' title="bbox 126 1662 1579 1730">
    <p class='ocr_par' dir='ltr' id='par_1_20' title="bbox 126 1662 1579 1730">
     <span class='ocr_line' id='line_1_20' title="bbox 126 1662 1579 1730; baseline 0.006 -18"><span class='ocrx_word' id='word_1_135' title='bbox 126 1662 353 1715; x_wconf 89' lang='lat' dir='ltr'>dando:</span> <span class='ocrx_word' id='word_1_136' title='bbox 382 1663 591 1714; x_wconf 86' lang='lat' dir='ltr'>amodo</span> <span class='ocrx_word' id='word_1_137' title='bbox 614 1664 925 1716; x_wconf 87' lang='lat' dir='ltr'>introducit</span> <span class='ocrx_word' id='word_1_138' title='bbox 954 1679 1084 1716; x_wconf 92' lang='lat' dir='ltr'>eum</span> <span class='ocrx_word' id='word_1_139' title='bbox 1102 1667 1434 1730; x_wconf 87' lang='lat' dir='ltr'>loquentem</span> <span class='ocrx_word' id='word_1_140' title='bbox 1459 1669 1540 1719; x_wconf 91' lang='lat' dir='ltr'>sic</span> <span class='ocrx_word' id='word_1_141' title='bbox 1567 1682 1579 1719; x_wconf 92' lang='lat'>:</span> 
     </span>
    </p>
   </div>
   <div class='ocr_carea' id='block_1_21' title="bbox 191 1732 1742 1801">
    <p class='ocr_par' dir='ltr' id='par_1_21' title="bbox 191 1732 1742 1801">
     <span class='ocr_line' id='line_1_21' title="bbox 191 1732 1742 1801; baseline 0.003 -16"><span class='ocrx_word' id='word_1_142' title='bbox 191 1732 244 1786; x_wconf 91' lang='lat'>7.</span> <span class='ocrx_word' id='word_1_143' title='bbox 294 1733 468 1794; x_wconf 83' lang='lat' dir='ltr'>Audi,</span> <span class='ocrx_word' id='word_1_144' title='bbox 509 1734 744 1798; x_wconf 84' lang='lat' dir='ltr'>populus</span> <span class='ocrx_word' id='word_1_145' title='bbox 786 1750 954 1797; x_wconf 84' lang='lat' dir='ltr'>meus,</span> <span class='ocrx_word' id='word_1_146' title='bbox 993 1742 1037 1784; x_wconf 80' lang='lat' dir='ltr'>et</span> <span class='ocrx_word' id='word_1_147' title='bbox 1082 1736 1279 1801; x_wconf 80' lang='lat' dir='ltr'>loquar</span> <span class='ocrx_word' id='word_1_148' title='bbox 1326 1738 1521 1789; x_wconf 81' lang='lat' dir='ltr'>Israel:</span> <span class='ocrx_word' id='word_1_149' title='bbox 1566 1738 1742 1790; x_wconf 83' lang='lat' dir='ltr'>Israel</span> 
     </span>
    </p>
   </div>
   <div class='ocr_carea' id='block_1_22' title="bbox 125 1803 1740 1873">
    <p class='ocr_par' dir='ltr' id='par_1_22' title="bbox 125 1803 1740 1873">
     <span class='ocr_line' id='line_1_22' title="bbox 125 1803 1740 1873; baseline 0.002 -19"><span class='ocrx_word' id='word_1_150' title='bbox 125 1816 350 1855; x_wconf 87' lang='lat' dir='ltr'>nomen</span> <span class='ocrx_word' id='word_1_151' title='bbox 368 1803 668 1856; x_wconf 86' lang='lat' dir='ltr'>electionis</span> <span class='ocrx_word' id='word_1_152' title='bbox 685 1810 789 1857; x_wconf 90' lang='lat' dir='ltr'>est.</span> <span class='ocrx_word' id='word_1_153' title='bbox 810 1808 935 1858; x_wconf 88' lang='lat' dir='ltr'>Non</span> <span class='ocrx_word' id='word_1_154' title='bbox 952 1809 1457 1873; x_wconf 83' lang='lat' dir='ltr'>vocaberisJacob,</span> <span class='ocrx_word' id='word_1_155' title='bbox 1476 1810 1578 1862; x_wconf 90' lang='lat' dir='ltr'>sed</span> <span class='ocrx_word' id='word_1_156' title='bbox 1596 1826 1740 1859; x_wconf 81' lang='lat' dir='ltr'>voca-</span> 
     </span>
    </p>
   </div>
   <div class='ocr_carea' id='block_1_23' title="bbox 129 1875 1739 1945">
    <p class='ocr_par' dir='ltr' id='par_1_23' title="bbox 129 1875 1739 1945">
     <span class='ocr_line' id='line_1_23' title="bbox 129 1875 1739 1945; baseline 0.005 -20"><span class='ocrx_word' id='word_1_157' title='bbox 129 1875 286 1926; x_wconf 86' lang='lat' dir='ltr'>beris</span> <span class='ocrx_word' id='word_1_158' title='bbox 304 1877 483 1927; x_wconf 89' lang='lat' dir='ltr'>Israel</span> <span class='ocrx_word' id='word_1_159' title='bbox 504 1876 701 1939; x_wconf 84' lang='lat' dir='ltr'>(Genes.</span> <span class='ocrx_word' id='word_1_160' title='bbox 729 1876 853 1940; x_wconf 69' lang='lat'>32.).</span> <span class='ocrx_word' id='word_1_161' title='bbox 880 1880 1027 1942; x_wconf 85' lang='lat' dir='ltr'>Ergo</span> <span class='ocrx_word' id='word_1_162' title='bbox 1049 1879 1184 1929; x_wconf 88' lang='lat' dir='ltr'>audi</span> <span class='ocrx_word' id='word_1_163' title='bbox 1205 1881 1355 1932; x_wconf 88' lang='lat' dir='ltr'>sicut</span> <span class='ocrx_word' id='word_1_164' title='bbox 1370 1881 1563 1945; x_wconf 87' lang='lat' dir='ltr'>Israel,</span> <span class='ocrx_word' id='word_1_165' title='bbox 1591 1881 1739 1933; x_wconf 89' lang='lat' dir='ltr'>sicut</span> 
     </span>
    </p>
   </div>
   <div class='ocr_carea' id='block_1_24' title="bbox 128 1946 1737 2015">
    <p class='ocr_par' dir='ltr' id='par_1_24' title="bbox 128 1946 1737 2015">
     <span class='ocr_line' id='line_1_24' title="bbox 128 1946 1737 2015; baseline 0.006 -22"><span class='ocrx_word' id='word_1_166' title='bbox 128 1946 316 1994; x_wconf 78' lang='lat' dir='ltr'>videns</span> <span class='ocrx_word' id='word_1_167' title='bbox 340 1946 515 1995; x_wconf 84' lang='lat' dir='ltr'>Deum</span> <span class='ocrx_word' id='word_1_168' title='bbox 543 1949 627 2010; x_wconf 86' lang='lat' dir='ltr'>(Et</span> <span class='ocrx_word' id='word_1_169' title='bbox 651 1948 699 1998; x_wconf 93' lang='lat' dir='ltr'>si</span> <span class='ocrx_word' id='word_1_170' title='bbox 722 1948 980 1999; x_wconf 91' lang='lat' dir='ltr'>nondum</span> <span class='ocrx_word' id='word_1_171' title='bbox 1017 1962 1135 2013; x_wconf 90' lang='lat' dir='ltr'>spe,</span> <span class='ocrx_word' id='word_1_172' title='bbox 1172 1950 1273 2001; x_wconf 92' lang='lat' dir='ltr'>sed</span> <span class='ocrx_word' id='word_1_173' title='bbox 1300 1952 1421 2014; x_wconf 91' lang='lat' dir='ltr'>jam</span> <span class='ocrx_word' id='word_1_174' title='bbox 1446 1952 1595 2015; x_wconf 92' lang='lat' dir='ltr'>ﬁde),</span> <span class='ocrx_word' id='word_1_175' title='bbox 1630 1952 1737 2003; x_wconf 92' lang='lat' dir='ltr'>hoc</span> 
     </span>
    </p>
   </div>
   <div class='ocr_carea' id='block_1_25' title="bbox 130 2016 1740 2082">
    <p class='ocr_par' dir='ltr' id='par_1_25' title="bbox 130 2016 1740 2082">
     <span class='ocr_line' id='line_1_25' title="bbox 130 2016 1740 2082; baseline 0.005 -15"><span class='ocrx_word' id='word_1_176' title='bbox 130 2016 282 2068; x_wconf 91' lang='lat' dir='ltr'>enim</span> <span class='ocrx_word' id='word_1_177' title='bbox 305 2016 718 2082; x_wconf 84' lang='lat' dir='ltr'>interpretatur</span> <span class='ocrx_word' id='word_1_178' title='bbox 746 2019 937 2082; x_wconf 89' lang='lat' dir='ltr'>Israel,</span> <span class='ocrx_word' id='word_1_179' title='bbox 969 2021 1152 2069; x_wconf 77' lang='lat' dir='ltr'>videns</span> <span class='ocrx_word' id='word_1_180' title='bbox 1196 2022 1384 2070; x_wconf 86' lang='lat' dir='ltr'>Deum.</span> <span class='ocrx_word' id='word_1_181' title='bbox 1410 2023 1516 2082; x_wconf 91' lang='lat' dir='ltr'>Qui</span> <span class='ocrx_word' id='word_1_182' title='bbox 1566 2023 1740 2074; x_wconf 89' lang='lat' dir='ltr'>habet</span> 
     </span>
    </p>
   </div>
   <div class='ocr_carea' id='block_1_26' title="bbox 130 2089 1737 2158">
    <p class='ocr_par' dir='ltr' id='par_1_26' title="bbox 130 2089 1737 2158">
     <span class='ocr_line' id='line_1_26' title="bbox 130 2089 1737 2158; baseline 0.004 -19"><span class='ocrx_word' id='word_1_183' title='bbox 130 2101 300 2140; x_wconf 87' lang='lat' dir='ltr'>aures</span> <span class='ocrx_word' id='word_1_184' title='bbox 325 2089 621 2154; x_wconf 89' lang='lat' dir='ltr'>audiendi,</span> <span class='ocrx_word' id='word_1_185' title='bbox 640 2090 838 2142; x_wconf 87' lang='lat' dir='ltr'>audiat</span> <span class='ocrx_word' id='word_1_186' title='bbox 863 2092 1007 2154; x_wconf 89' lang='lat' dir='ltr'>(Luc.</span> <span class='ocrx_word' id='word_1_187' title='bbox 1038 2091 1128 2155; x_wconf 91' lang='lat'>7.).</span> <span class='ocrx_word' id='word_1_188' title='bbox 1156 2093 1357 2156; x_wconf 79' lang='lat' dir='ltr'>Captet</span> <span class='ocrx_word' id='word_1_189' title='bbox 1381 2098 1575 2145; x_wconf 90' lang='lat' dir='ltr'>autem</span> <span class='ocrx_word' id='word_1_190' title='bbox 1611 2094 1737 2158; x_wconf 89' lang='lat' dir='ltr'>ejus</span> 
     </span>
    </p>
   </div>
   <div class='ocr_carea' id='block_1_27' title="bbox 130 2159 1738 2226">
    <p class='ocr_par' dir='ltr' id='par_1_27' title="bbox 130 2159 1738 2226">
     <span class='ocr_line' id='line_1_27' title="bbox 130 2159 1738 2226; baseline 0.004 -17"><span class='ocrx_word' id='word_1_191' title='bbox 130 2159 621 2222; x_wconf 88' lang='lat' dir='ltr'>benevolentiam,</span> <span class='ocrx_word' id='word_1_192' title='bbox 647 2174 779 2212; x_wconf 91' lang='lat' dir='ltr'>cum</span> <span class='ocrx_word' id='word_1_193' title='bbox 804 2162 883 2213; x_wconf 88' lang='lat' dir='ltr'>ait</span> <span class='ocrx_word' id='word_1_194' title='bbox 903 2180 913 2211; x_wconf 93' lang='lat'>:</span> <span class='ocrx_word' id='word_1_195' title='bbox 931 2162 1173 2226; x_wconf 83' lang='lat' dir='ltr'>Populus</span> <span class='ocrx_word' id='word_1_196' title='bbox 1196 2178 1360 2215; x_wconf 85' lang='lat' dir='ltr'>meus.</span> <span class='ocrx_word' id='word_1_197' title='bbox 1395 2167 1479 2215; x_wconf 83' lang='lat' dir='ltr'>Ac</span> <span class='ocrx_word' id='word_1_198' title='bbox 1504 2164 1551 2215; x_wconf 92' lang='lat' dir='ltr'>si</span> <span class='ocrx_word' id='word_1_199' title='bbox 1578 2163 1738 2216; x_wconf 91' lang='lat' dir='ltr'>dice-</span> 
     </span>
    </p>
   </div>
   <div class='ocr_carea' id='block_1_28' title="bbox 131 2231 1734 2299">
    <p class='ocr_par' dir='ltr' id='par_1_28' title="bbox 131 2231 1734 2299">
     <span class='ocr_line' id='line_1_28' title="bbox 131 2231 1734 2299; baseline 0.003 -19"><span class='ocrx_word' id='word_1_200' title='bbox 131 2232 214 2281; x_wconf 85' lang='lat' dir='ltr'>ret</span> <span class='ocrx_word' id='word_1_201' title='bbox 238 2246 250 2280; x_wconf 91' lang='lat'>:</span> <span class='ocrx_word' id='word_1_202' title='bbox 281 2231 538 2295; x_wconf 90' lang='lat' dir='ltr'>Populus</span> <span class='ocrx_word' id='word_1_203' title='bbox 560 2232 797 2293; x_wconf 80' lang='lat' dir='ltr'>electus,</span> <span class='ocrx_word' id='word_1_204' title='bbox 812 2234 1062 2297; x_wconf 91' lang='lat' dir='ltr'>populus</span> <span class='ocrx_word' id='word_1_205' title='bbox 1085 2234 1386 2298; x_wconf 88' lang='lat' dir='ltr'>peculiaris</span> <span class='ocrx_word' id='word_1_206' title='bbox 1403 2234 1625 2299; x_wconf 82' lang='lat' dir='ltr'>(1.Petr.</span> <span class='ocrx_word' id='word_1_207' title='bbox 1645 2234 1734 2299; x_wconf 71' lang='lat'>2.).</span> 
     </span>
    </p>
   </div>
   <div class='ocr_carea' id='block_1_29' title="bbox 131 2302 1738 2371">
    <p class='ocr_par' dir='ltr' id='par_1_29' title="bbox 131 2302 1738 2371">
     <span class='ocr_line' id='line_1_29' title="bbox 131 2302 1738 2371; baseline 0.005 -21"><span class='ocrx_word' id='word_1_208' title='bbox 131 2302 198 2350; x_wconf 81' lang='lat' dir='ltr'>Et</span> <span class='ocrx_word' id='word_1_209' title='bbox 224 2302 547 2366; x_wconf 75' lang='lat' dir='ltr'>testiﬁcabor</span> <span class='ocrx_word' id='word_1_210' title='bbox 570 2304 683 2356; x_wconf 77' lang='lat' dir='ltr'>tibi.</span> <span class='ocrx_word' id='word_1_211' title='bbox 734 2304 797 2354; x_wconf 89' lang='lat' dir='ltr'>Id</span> <span class='ocrx_word' id='word_1_212' title='bbox 832 2309 923 2355; x_wconf 90' lang='lat' dir='ltr'>est</span> <span class='ocrx_word' id='word_1_213' title='bbox 945 2305 1293 2358; x_wconf 86' lang='lat' dir='ltr'>testimoniis</span> <span class='ocrx_word' id='word_1_214' title='bbox 1319 2308 1738 2371; x_wconf 88' lang='lat' dir='ltr'>Scripturarum</span> 
     </span>
    </p>
   </div>
   <div class='ocr_carea' id='block_1_30' title="bbox 131 2374 1738 2440">
    <p class='ocr_par' dir='ltr' id='par_1_30' title="bbox 131 2374 1738 2440">
     <span class='ocr_line' id='line_1_30' title="bbox 131 2374 1738 2440; baseline 0.004 -18"><span class='ocrx_word' id='word_1_215' title='bbox 131 2374 481 2436; x_wconf 79' lang='lat' dir='ltr'>approbabo.</span> <span class='ocrx_word' id='word_1_216' title='bbox 531 2374 675 2435; x_wconf 86' lang='lat' dir='ltr'>Quid</span> <span class='ocrx_word' id='word_1_217' title='bbox 695 2376 723 2423; x_wconf 82' lang='lat'>‘?</span> <span class='ocrx_word' id='word_1_218' title='bbox 761 2374 918 2435; x_wconf 84' lang='lat' dir='ltr'>Deus,</span> <span class='ocrx_word' id='word_1_219' title='bbox 951 2376 1091 2424; x_wconf 84' lang='lat' dir='ltr'>Deus</span> <span class='ocrx_word' id='word_1_220' title='bbox 1122 2381 1245 2425; x_wconf 81' lang='lat' dir='ltr'>tuus</span> <span class='ocrx_word' id='word_1_221' title='bbox 1277 2391 1372 2440; x_wconf 90' lang='lat' dir='ltr'>ego</span> <span class='ocrx_word' id='word_1_222' title='bbox 1395 2393 1533 2428; x_wconf 88' lang='lat' dir='ltr'>sum.</span> <span class='ocrx_word' id='word_1_223' title='bbox 1560 2377 1623 2428; x_wconf 92' lang='lat' dir='ltr'>Id</span> <span class='ocrx_word' id='word_1_224' title='bbox 1648 2382 1738 2429; x_wconf 82' lang='lat' dir='ltr'>est</span> 
     </span>
    </p>
   </div>
   <div class='ocr_carea' id='block_1_31' title="bbox 132 2444 1739 2512">
    <p class='ocr_par' dir='ltr' id='par_1_31' title="bbox 132 2444 1739 2512">
     <span class='ocr_line' id='line_1_31' title="bbox 132 2444 1739 2512; baseline 0.005 -19"><span class='ocrx_word' id='word_1_225' title='bbox 132 2455 235 2507; x_wconf 90' lang='lat' dir='ltr'>ego</span> <span class='ocrx_word' id='word_1_226' title='bbox 259 2444 420 2496; x_wconf 89' lang='lat' dir='ltr'>Deus</span> <span class='ocrx_word' id='word_1_227' title='bbox 437 2457 588 2509; x_wconf 88' lang='lat' dir='ltr'>sum,</span> <span class='ocrx_word' id='word_1_228' title='bbox 614 2447 768 2496; x_wconf 86' lang='lat' dir='ltr'>Deus</span> <span class='ocrx_word' id='word_1_229' title='bbox 787 2450 937 2497; x_wconf 87' lang='lat' dir='ltr'>tuus.</span> <span class='ocrx_word' id='word_1_230' title='bbox 968 2447 1304 2511; x_wconf 90' lang='lat' dir='ltr'>Quicunque</span> <span class='ocrx_word' id='word_1_231' title='bbox 1317 2449 1467 2500; x_wconf 91' lang='lat' dir='ltr'>enim</span> <span class='ocrx_word' id='word_1_232' title='bbox 1495 2452 1739 2512; x_wconf 86' lang='lat' dir='ltr'>Aposto-</span> 
     </span>
    </p>
   </div>
   <div class='ocr_carea' id='block_1_32' title="bbox 131 2514 1738 2584">
    <p class='ocr_par' dir='ltr' id='par_1_32' title="bbox 131 2514 1738 2584">
     <span class='ocr_line' id='line_1_32' title="bbox 131 2514 1738 2584; baseline 0.004 -19"><span class='ocrx_word' id='word_1_233' title='bbox 131 2514 317 2566; x_wconf 90' lang='lat' dir='ltr'>lorum</span> <span class='ocrx_word' id='word_1_234' title='bbox 354 2520 413 2567; x_wconf 92' lang='lat' dir='ltr'>et</span> <span class='ocrx_word' id='word_1_235' title='bbox 443 2516 855 2581; x_wconf 90' lang='lat' dir='ltr'>Prophetarum</span> <span class='ocrx_word' id='word_1_236' title='bbox 879 2520 1200 2582; x_wconf 88' lang='lat' dir='ltr'>Scripturas</span> <span class='ocrx_word' id='word_1_237' title='bbox 1232 2520 1518 2584; x_wconf 86' lang='lat' dir='ltr'>intelligit.</span> <span class='ocrx_word' id='word_1_238' title='bbox 1547 2521 1738 2571; x_wconf 87' lang='lat' dir='ltr'>Domi-</span> 
     </span>
    </p>
   </div>
   <div class='ocr_carea' id='block_1_33' title="bbox 131 2588 1734 2655">
    <p class='ocr_par' dir='ltr' id='par_1_33' title="bbox 131 2588 1734 2655">
     <span class='ocr_line' id='line_1_33' title="bbox 131 2588 1734 2655; baseline 0.002 -18"><span class='ocrx_word' id='word_1_239' title='bbox 131 2598 271 2637; x_wconf 90' lang='lat' dir='ltr'>num</span> <span class='ocrx_word' id='word_1_240' title='bbox 287 2588 319 2638; x_wconf 90' lang='lat' dir='ltr'><strong>J</strong></span> <span class='ocrx_word' id='word_1_241' title='bbox 324 2599 495 2639; x_wconf 91' lang='lat' dir='ltr'>esum</span> <span class='ocrx_word' id='word_1_242' title='bbox 519 2600 644 2639; x_wconf 90' lang='lat' dir='ltr'>esse</span> <span class='ocrx_word' id='word_1_243' title='bbox 658 2590 844 2640; x_wconf 87' lang='lat' dir='ltr'>Deum</span> <span class='ocrx_word' id='word_1_244' title='bbox 856 2594 1123 2641; x_wconf 90' lang='lat' dir='ltr'>nostrum</span> <span class='ocrx_word' id='word_1_245' title='bbox 1136 2593 1416 2655; x_wconf 87' lang='lat' dir='ltr'>agnoscit.</span> <span class='ocrx_word' id='word_1_246' title='bbox 1431 2593 1567 2640; x_wconf 83' lang='lat' dir='ltr'>Deus</span> <span class='ocrx_word' id='word_1_247' title='bbox 1592 2597 1734 2655; x_wconf 82' lang='lat' dir='ltr'>tuus,</span> 
     </span>
    </p>
   </div>
   <div class='ocr_carea' id='block_1_34' title="bbox 134 2658 1736 2723">
    <p class='ocr_par' dir='ltr' id='par_1_34' title="bbox 134 2658 1736 2723">
     <span class='ocr_line' id='line_1_34' title="bbox 134 2658 1736 2723; baseline 0.003 -15"><span class='ocrx_word' id='word_1_248' title='bbox 134 2662 188 2709; x_wconf 87' lang='lat' dir='ltr'>et</span> <span class='ocrx_word' id='word_1_249' title='bbox 212 2659 437 2723; x_wconf 89' lang='lat' dir='ltr'>proprie</span> <span class='ocrx_word' id='word_1_250' title='bbox 460 2658 683 2720; x_wconf 88' lang='lat' dir='ltr'>dicitur,</span> <span class='ocrx_word' id='word_1_251' title='bbox 704 2673 875 2723; x_wconf 87' lang='lat' dir='ltr'>quem</span> <span class='ocrx_word' id='word_1_252' title='bbox 895 2660 1232 2712; x_wconf 86' lang='lat' dir='ltr'>familiarius</span> <span class='ocrx_word' id='word_1_253' title='bbox 1244 2661 1417 2714; x_wconf 88' lang='lat' dir='ltr'>habet</span> <span class='ocrx_word' id='word_1_254' title='bbox 1439 2663 1592 2713; x_wconf 90' lang='lat' dir='ltr'>Deus</span> <span class='ocrx_word' id='word_1_255' title='bbox 1610 2668 1736 2713; x_wconf 90' lang='lat' dir='ltr'>tan-</span> 
     </span>
    </p>
   </div>
   <div class='ocr_carea' id='block_1_35' title="bbox 133 2729 1733 2796">
    <p class='ocr_par' dir='ltr' id='par_1_35' title="bbox 133 2729 1733 2796">
     <span class='ocr_line' id='line_1_35' title="bbox 133 2729 1733 2796; baseline 0.004 -18"><span class='ocrx_word' id='word_1_256' title='bbox 133 2741 303 2792; x_wconf 87' lang='lat' dir='ltr'>quam</span> <span class='ocrx_word' id='word_1_257' title='bbox 337 2729 401 2780; x_wconf 92' lang='lat' dir='ltr'>in</span> <span class='ocrx_word' id='word_1_258' title='bbox 434 2729 717 2794; x_wconf 90' lang='lat' dir='ltr'>mancipio</span> <span class='ocrx_word' id='word_1_259' title='bbox 746 2744 873 2796; x_wconf 86' lang='lat' dir='ltr'>suo,</span> <span class='ocrx_word' id='word_1_260' title='bbox 922 2736 1201 2795; x_wconf 87' lang='lat' dir='ltr'>tanquam</span> <span class='ocrx_word' id='word_1_261' title='bbox 1246 2745 1319 2784; x_wconf 82' lang='lat' dir='ltr'>ex</span> <span class='ocrx_word' id='word_1_262' title='bbox 1361 2732 1583 2796; x_wconf 92' lang='lat' dir='ltr'>peculio</span> <span class='ocrx_word' id='word_1_263' title='bbox 1608 2746 1733 2785; x_wconf 91' lang='lat' dir='ltr'>suo.</span> 
     </span>
    </p>
   </div>
   <div class='ocr_carea' id='block_1_36' title="bbox 133 2800 1735 2866">
    <p class='ocr_par' dir='ltr' id='par_1_36' title="bbox 133 2800 1735 2866">
     <span class='ocr_line' id='line_1_36' title="bbox 133 2800 1735 2866; baseline 0.003 -16"><span class='ocrx_word' id='word_1_264' title='bbox 133 2800 273 2860; x_wconf 91' lang='lat' dir='ltr'>Quid</span> <span class='ocrx_word' id='word_1_265' title='bbox 298 2801 393 2852; x_wconf 85' lang='lat' dir='ltr'>vis</span> <span class='ocrx_word' id='word_1_266' title='bbox 438 2800 687 2865; x_wconf 89' lang='lat' dir='ltr'>amplius</span> <span class='ocrx_word' id='word_1_267' title='bbox 722 2805 749 2852; x_wconf 75' lang='lat' dir='ltr'>‘I</span> <span class='ocrx_word' id='word_1_268' title='bbox 785 2804 1037 2853; x_wconf 86' lang='lat' dir='ltr'>Primum</span> <span class='ocrx_word' id='word_1_269' title='bbox 1073 2804 1286 2866; x_wconf 71' lang='lat' dir='ltr'>quaeris</span> <span class='ocrx_word' id='word_1_270' title='bbox 1329 2816 1364 2854; x_wconf 91' lang='lat' dir='ltr'>a</span> <span class='ocrx_word' id='word_1_271' title='bbox 1388 2806 1504 2854; x_wconf 89' lang='lat' dir='ltr'>Deo</span> <span class='ocrx_word' id='word_1_272' title='bbox 1526 2806 1552 2854; x_wconf 69' lang='lat' dir='ltr'>‘I</span> <span class='ocrx_word' id='word_1_273' title='bbox 1592 2806 1735 2856; x_wconf 89' lang='lat' dir='ltr'>Ecce</span> 
     </span>
    </p>
   </div>
   <div class='ocr_carea' id='block_1_37' title="bbox 134 2875 1736 2939">
    <p class='ocr_par' dir='ltr' id='par_1_37' title="bbox 134 2875 1736 2939">
     <span class='ocr_line' id='line_1_37' title="bbox 134 2875 1736 2939; baseline 0.004 -15"><span class='ocrx_word' id='word_1_274' title='bbox 134 2875 305 2938; x_wconf 89' lang='lat' dir='ltr'>Deus,</span> <span class='ocrx_word' id='word_1_275' title='bbox 339 2875 468 2937; x_wconf 92' lang='lat' dir='ltr'>ipse</span> <span class='ocrx_word' id='word_1_276' title='bbox 490 2876 642 2927; x_wconf 91' lang='lat' dir='ltr'>Deus</span> <span class='ocrx_word' id='word_1_277' title='bbox 668 2880 804 2927; x_wconf 90' lang='lat' dir='ltr'>tuus</span> <span class='ocrx_word' id='word_1_278' title='bbox 828 2882 933 2929; x_wconf 91' lang='lat' dir='ltr'>est.</span> <span class='ocrx_word' id='word_1_279' title='bbox 963 2877 1110 2939; x_wconf 90' lang='lat' dir='ltr'>Quid</span> <span class='ocrx_word' id='word_1_280' title='bbox 1134 2879 1249 2928; x_wconf 92' lang='lat' dir='ltr'>Deo</span> <span class='ocrx_word' id='word_1_281' title='bbox 1278 2877 1557 2928; x_wconf 78' lang='lat' dir='ltr'>dicimus?</span> <span class='ocrx_word' id='word_1_282' title='bbox 1584 2877 1736 2931; x_wconf 86' lang='lat' dir='ltr'>dona</span> 
     </span>
    </p>
   </div>
   <div class='ocr_carea' id='block_1_38' title="bbox 136 2945 1734 3012">
    <p class='ocr_par' dir='ltr' id='par_1_38' title="bbox 136 2945 1734 3012">
     <span class='ocr_line' id='line_1_38' title="bbox 136 2945 1734 3012; baseline 0.004 -17"><span class='ocrx_word' id='word_1_283' title='bbox 136 2945 231 2995; x_wconf 89' lang='lat' dir='ltr'>tibi</span> <span class='ocrx_word' id='word_1_284' title='bbox 283 2947 606 3009; x_wconf 73' lang='lat' dir='ltr'>quaerebas,</span> <span class='ocrx_word' id='word_1_285' title='bbox 645 2948 836 3011; x_wconf 90' lang='lat' dir='ltr'>ipsum</span> <span class='ocrx_word' id='word_1_286' title='bbox 865 2949 1213 3000; x_wconf 88' lang='lat' dir='ltr'>donaturum</span> <span class='ocrx_word' id='word_1_287' title='bbox 1258 2949 1455 3000; x_wconf 87' lang='lat' dir='ltr'>habes.</span> <span class='ocrx_word' id='word_1_288' title='bbox 1505 2950 1574 3000; x_wconf 88' lang='lat' dir='ltr'>Et</span> <span class='ocrx_word' id='word_1_289' title='bbox 1595 2950 1734 3012; x_wconf 89' lang='lat' dir='ltr'>quid</span> 
     </span>
    </p>
   </div>
   <div class='ocr_carea' id='block_1_39' title="bbox 135 3017 1733 3081">
    <p class='ocr_par' dir='ltr' id='par_1_39' title="bbox 135 3017 1733 3081">
     <span class='ocr_line' id='line_1_39' title="bbox 135 3017 1733 3081; baseline 0.003 -14"><span class='ocrx_word' id='word_1_290' title='bbox 135 3017 366 3081; x_wconf 81' lang='lat' dir='ltr'>exigita</span> <span class='ocrx_word' id='word_1_291' title='bbox 408 3018 576 3069; x_wconf 90' lang='lat' dir='ltr'>nobis</span> <span class='ocrx_word' id='word_1_292' title='bbox 619 3019 900 3071; x_wconf 90' lang='lat' dir='ltr'>Dominus</span> <span class='ocrx_word' id='word_1_293' title='bbox 938 3021 1092 3071; x_wconf 90' lang='lat' dir='ltr'>Deus</span> <span class='ocrx_word' id='word_1_294' title='bbox 1134 3023 1330 3071; x_wconf 89' lang='lat' dir='ltr'>noster</span> <span class='ocrx_word' id='word_1_295' title='bbox 1352 3023 1378 3071; x_wconf 75' lang='lat' dir='ltr'>‘l</span> <span class='ocrx_word' id='word_1_296' title='bbox 1410 3019 1733 3072; x_wconf 86' lang='lat' dir='ltr'>Audiamus</span> 
     </span>
    </p>
   </div>
   <div class='ocr_carea' id='block_1_40' title="bbox 135 3088 624 3152">
    <p class='ocr_par' dir='ltr' id='par_1_40' title="bbox 135 3088 624 3152">
     <span class='ocr_line' id='line_1_40' title="bbox 135 3088 624 3152; baseline 0.006 -15"><span class='ocrx_word' id='word_1_297' title='bbox 135 3088 269 3150; x_wconf 89' lang='lat' dir='ltr'>quid</span> <span class='ocrx_word' id='word_1_298' title='bbox 300 3088 587 3152; x_wconf 87' lang='lat' dir='ltr'>adjungat</span> <span class='ocrx_word' id='word_1_299' title='bbox 610 3104 624 3139; x_wconf 88' lang='lat'>:</span> 
     </span>
    </p>
   </div>
   <div class='ocr_carea' id='block_1_41' title="bbox 194 3158 1728 3226">
    <p class='ocr_par' dir='ltr' id='par_1_41' title="bbox 194 3158 1728 3226">
     <span class='ocr_line' id='line_1_41' title="bbox 194 3158 1728 3226; baseline 0.005 -19"><span class='ocrx_word' id='word_1_300' title='bbox 194 3158 243 3212; x_wconf 86' lang='lat'>8.</span> <span class='ocrx_word' id='word_1_301' title='bbox 267 3158 396 3208; x_wconf 83' lang='lat' dir='ltr'>Non</span> <span class='ocrx_word' id='word_1_302' title='bbox 411 3161 471 3207; x_wconf 87' lang='lat' dir='ltr'>in</span> <span class='ocrx_word' id='word_1_303' title='bbox 482 3160 888 3223; x_wconf 79' lang='lat' dir='ltr'>sacriﬁciistuis</span> <span class='ocrx_word' id='word_1_304' title='bbox 906 3177 1142 3226; x_wconf 81' lang='lat' dir='ltr'>arguam</span> <span class='ocrx_word' id='word_1_305' title='bbox 1168 3167 1231 3213; x_wconf 81' lang='lat' dir='ltr'>te.</span> <span class='ocrx_word' id='word_1_306' title='bbox 1261 3163 1387 3214; x_wconf 88' lang='lat' dir='ltr'>Non</span> <span class='ocrx_word' id='word_1_307' title='bbox 1418 3162 1517 3213; x_wconf 84' lang='lat' dir='ltr'>tibi</span> <span class='ocrx_word' id='word_1_308' title='bbox 1542 3162 1728 3214; x_wconf 90' lang='lat' dir='ltr'>dicam</span> 
     </span>
    </p>
   </div>
   <div class='ocr_carea' id='block_1_42' title="bbox 134 3230 1727 3299">
    <p class='ocr_par' dir='ltr' id='par_1_42' title="bbox 134 3230 1727 3299">
     <span class='ocr_line' id='line_1_42' title="bbox 134 3230 1727 3299; baseline 0.004 -21"><span class='ocrx_word' id='word_1_309' title='bbox 134 3230 236 3291; x_wconf 71' lang='lat' dir='ltr'>(Es:</span> <span class='ocrx_word' id='word_1_310' title='bbox 269 3231 617 3294; x_wconf 70' lang='lat' dir='ltr'>Augustino),</span> <span class='ocrx_word' id='word_1_311' title='bbox 654 3234 837 3293; x_wconf 82' lang='lat' dir='ltr'>Quare</span> <span class='ocrx_word' id='word_1_312' title='bbox 878 3247 995 3285; x_wconf 90' lang='lat' dir='ltr'>non</span> <span class='ocrx_word' id='word_1_313' title='bbox 1018 3235 1161 3285; x_wconf 85' lang='lat' dir='ltr'>mihi</span> <span class='ocrx_word' id='word_1_314' title='bbox 1200 3235 1476 3299; x_wconf 83' lang='lat' dir='ltr'>pinguem</span> <span class='ocrx_word' id='word_1_315' title='bbox 1501 3237 1727 3285; x_wconf 88' lang='lat' dir='ltr'>taurum</span> 
     </span>
    </p>
   </div>
   <div class='ocr_carea' id='block_1_43' title="bbox 132 3302 1727 3369">
    <p class='ocr_par' dir='ltr' id='par_1_43' title="bbox 132 3302 1727 3369">
     <span class='ocr_line' id='line_1_43' title="bbox 132 3302 1727 3369; baseline 0.004 -19"><span class='ocrx_word' id='word_1_316' title='bbox 132 3302 395 3353; x_wconf 87' lang='lat' dir='ltr'>mactasti</span> <span class='ocrx_word' id='word_1_317' title='bbox 421 3306 446 3351; x_wconf 84' lang='lat'><strong><em>?</em></strong></span> <span class='ocrx_word' id='word_1_318' title='bbox 467 3303 652 3363; x_wconf 86' lang='lat' dir='ltr'>Quare</span> <span class='ocrx_word' id='word_1_319' title='bbox 675 3317 793 3356; x_wconf 90' lang='lat' dir='ltr'>non</span> <span class='ocrx_word' id='word_1_320' title='bbox 816 3304 886 3355; x_wconf 92' lang='lat' dir='ltr'>de</span> <span class='ocrx_word' id='word_1_321' title='bbox 901 3318 1075 3369; x_wconf 81' lang='lat' dir='ltr'>grege</span> <span class='ocrx_word' id='word_1_322' title='bbox 1091 3310 1188 3357; x_wconf 90' lang='lat' dir='ltr'>tuo</span> <span class='ocrx_word' id='word_1_323' title='bbox 1200 3306 1424 3356; x_wconf 88' lang='lat' dir='ltr'>hircum</span> <span class='ocrx_word' id='word_1_324' title='bbox 1449 3305 1727 3369; x_wconf 90' lang='lat' dir='ltr'>optimum</span> 
     </span>
    </p>
   </div>
   <div class='ocr_carea' id='block_1_44' title="bbox 133 3372 1731 3442">
    <p class='ocr_par' dir='ltr' id='par_1_44' title="bbox 133 3372 1731 3442">
     <span class='ocr_line' id='line_1_44' title="bbox 133 3372 1731 3442; baseline 0.003 -20"><span class='ocrx_word' id='word_1_325' title='bbox 133 3372 386 3424; x_wconf 88' lang='lat' dir='ltr'>obtulisti</span> <span class='ocrx_word' id='word_1_326' title='bbox 408 3376 632 3436; x_wconf 84' lang='lat' dir='ltr'>?Quare</span> <span class='ocrx_word' id='word_1_327' title='bbox 657 3375 908 3427; x_wconf 89' lang='lat' dir='ltr'>ariesille</span> <span class='ocrx_word' id='word_1_328' title='bbox 928 3376 1186 3427; x_wconf 88' lang='lat' dir='ltr'>ambulat</span> <span class='ocrx_word' id='word_1_329' title='bbox 1208 3376 1267 3426; x_wconf 91' lang='lat' dir='ltr'>in</span> <span class='ocrx_word' id='word_1_330' title='bbox 1287 3376 1495 3427; x_wconf 88' lang='lat' dir='ltr'>ovibus</span> <span class='ocrx_word' id='word_1_331' title='bbox 1510 3376 1644 3442; x_wconf 89' lang='lat' dir='ltr'>tuis,</span> <span class='ocrx_word' id='word_1_332' title='bbox 1673 3380 1731 3427; x_wconf 93' lang='lat' dir='ltr'>et</span> 
     </span>
    </p>
   </div>
   <div class='ocr_carea' id='block_1_45' title="bbox 132 3441 1726 3509">
    <p class='ocr_par' dir='ltr' id='par_1_45' title="bbox 132 3441 1726 3509">
     <span class='ocr_line' id='line_1_45' title="bbox 132 3441 1726 3509; baseline 0.003 -17"><span class='ocrx_word' id='word_1_333' title='bbox 132 3441 189 3493; x_wconf 91' lang='lat' dir='ltr'>in</span> <span class='ocrx_word' id='word_1_334' title='bbox 208 3454 303 3495; x_wconf 86' lang='lat' dir='ltr'>ara</span> <span class='ocrx_word' id='word_1_335' title='bbox 324 3456 460 3496; x_wconf 90' lang='lat' dir='ltr'>mea</span> <span class='ocrx_word' id='word_1_336' title='bbox 482 3458 599 3496; x_wconf 91' lang='lat' dir='ltr'>non</span> <span class='ocrx_word' id='word_1_337' title='bbox 621 3445 935 3509; x_wconf 85' lang='lat' dir='ltr'>imponitur</span> <span class='ocrx_word' id='word_1_338' title='bbox 958 3450 984 3497; x_wconf 70' lang='lat' dir='ltr'>‘I</span> <span class='ocrx_word' id='word_1_339' title='bbox 1006 3447 1332 3496; x_wconf 78' lang='lat' dir='ltr'>Holocausta</span> <span class='ocrx_word' id='word_1_340' title='bbox 1353 3450 1535 3495; x_wconf 78' lang='lat' dir='ltr'>autem</span> <span class='ocrx_word' id='word_1_341' title='bbox 1555 3452 1645 3496; x_wconf 81' lang='lat' dir='ltr'>tua</span> <span class='ocrx_word' id='word_1_342' title='bbox 1668 3448 1726 3497; x_wconf 80' lang='lat' dir='ltr'>in</span> 
     </span>
    </p>
   </div>
   <div class='ocr_carea' id='block_1_46' title="bbox 130 3519 1730 3582">
    <p class='ocr_par' dir='ltr' id='par_1_46' title="bbox 130 3519 1730 3582">
     <span class='ocr_line' id='line_1_46' title="bbox 130 3519 1730 3582; baseline 0.005 -21"><span class='ocrx_word' id='word_1_343' title='bbox 130 3522 402 3579; x_wconf 76' lang='lat' dir='ltr'>conspectu</span> <span class='ocrx_word' id='word_1_344' title='bbox 442 3531 556 3565; x_wconf 89' lang='lat' dir='ltr'>meo</span> <span class='ocrx_word' id='word_1_345' title='bbox 579 3523 704 3566; x_wconf 77' lang='lat' dir='ltr'>sunt</span> <span class='ocrx_word' id='word_1_346' title='bbox 740 3532 963 3582; x_wconf 84' lang='lat' dir='ltr'>semper.</span> <span class='ocrx_word' id='word_1_347' title='bbox 997 3519 1200 3581; x_wconf 89' lang='lat' dir='ltr'>Holon,</span> <span class='ocrx_word' id='word_1_348' title='bbox 1228 3523 1397 3567; x_wconf 80' lang='lat' dir='ltr'>totum</span> <span class='ocrx_word' id='word_1_349' title='bbox 1441 3523 1529 3569; x_wconf 93' lang='lat' dir='ltr'>est</span> <span class='ocrx_word' id='word_1_350' title='bbox 1554 3532 1566 3569; x_wconf 92' lang='lat'>:</span> <span class='ocrx_word' id='word_1_351' title='bbox 1592 3530 1730 3569; x_wconf 81' lang='lat' dir='ltr'>cau-</span> 
     </span>
    </p>
   </div>
   <div class='ocr_carea' id='block_1_47' title="bbox 135 3588 1729 3652">
    <p class='ocr_par' dir='ltr' id='par_1_47' title="bbox 135 3588 1729 3652">
     <span class='ocr_line' id='line_1_47' title="bbox 135 3588 1729 3652; baseline 0.004 -18"><span class='ocrx_word' id='word_1_352' title='bbox 135 3589 299 3648; x_wconf 86' lang='lat' dir='ltr'>stum,</span> <span class='ocrx_word' id='word_1_353' title='bbox 313 3588 616 3638; x_wconf 82' lang='lat' dir='ltr'>incensum.</span> <span class='ocrx_word' id='word_1_354' title='bbox 642 3588 1059 3640; x_wconf 86' lang='lat' dir='ltr'>Holocaustum</span> <span class='ocrx_word' id='word_1_355' title='bbox 1074 3594 1267 3640; x_wconf 90' lang='lat' dir='ltr'>autem</span> <span class='ocrx_word' id='word_1_356' title='bbox 1290 3590 1472 3640; x_wconf 90' lang='lat' dir='ltr'>totum</span> <span class='ocrx_word' id='word_1_357' title='bbox 1482 3588 1617 3652; x_wconf 86' lang='lat' dir='ltr'>igne</span> <span class='ocrx_word' id='word_1_358' title='bbox 1633 3590 1729 3641; x_wconf 89' lang='lat' dir='ltr'>ab-</span> 
     </span>
    </p>
   </div>
   <div class='ocr_carea' id='block_1_48' title="bbox 136 3658 1731 3725">
    <p class='ocr_par' dir='ltr' id='par_1_48' title="bbox 136 3658 1731 3725">
     <span class='ocr_line' id='line_1_48' title="bbox 136 3658 1731 3725; baseline 0.004 -20"><span class='ocrx_word' id='word_1_359' title='bbox 136 3661 404 3708; x_wconf 87' lang='lat' dir='ltr'>sumtum.</span> <span class='ocrx_word' id='word_1_360' title='bbox 420 3658 845 3722; x_wconf 67' lang='lat' dir='ltr'>Suntquaadam</span> <span class='ocrx_word' id='word_1_361' title='bbox 857 3659 1211 3723; x_wconf 86' lang='lat' dir='ltr'>holocausta,</span> <span class='ocrx_word' id='word_1_362' title='bbox 1230 3672 1361 3724; x_wconf 58' lang='lat' dir='ltr'>qua</span> <span class='ocrx_word' id='word_1_363' title='bbox 1384 3672 1503 3712; x_wconf 92' lang='lat' dir='ltr'>non</span> <span class='ocrx_word' id='word_1_364' title='bbox 1528 3662 1731 3725; x_wconf 91' lang='lat' dir='ltr'>recipit</span> 
     </span>
    </p>
   </div>
   <div class='ocr_carea' id='block_1_49' title="bbox 136 3727 1727 3796">
    <p class='ocr_par' dir='ltr' id='par_1_49' title="bbox 136 3727 1727 3796">
     <span class='ocr_line' id='line_1_49' title="bbox 136 3727 1727 3796; baseline 0.001 -19"><span class='ocrx_word' id='word_1_365' title='bbox 136 3727 297 3791; x_wconf 85' lang='lat' dir='ltr'>Deus,</span> <span class='ocrx_word' id='word_1_366' title='bbox 323 3729 395 3779; x_wconf 90' lang='lat' dir='ltr'>de</span> <span class='ocrx_word' id='word_1_367' title='bbox 419 3730 631 3792; x_wconf 89' lang='lat' dir='ltr'>quibus</span> <span class='ocrx_word' id='word_1_368' title='bbox 653 3730 711 3781; x_wconf 92' lang='lat' dir='ltr'>in</span> <span class='ocrx_word' id='word_1_369' title='bbox 749 3731 859 3781; x_wconf 87' lang='lat' dir='ltr'>alio</span> <span class='ocrx_word' id='word_1_370' title='bbox 883 3731 1106 3795; x_wconf 88' lang='lat' dir='ltr'>psalmo</span> <span class='ocrx_word' id='word_1_371' title='bbox 1123 3731 1727 3796; x_wconf 77' lang='lat' dir='ltr'>dicitur:Utiqueliolo-</span> 
     </span>
    </p>
   </div>
   <div class='ocr_carea' id='block_1_50' title="bbox 137 3800 1728 3866">
    <p class='ocr_par' dir='ltr' id='par_1_50' title="bbox 137 3800 1728 3866">
     <span class='ocr_line' id='line_1_50' title="bbox 137 3800 1728 3866; baseline 0.004 -17"><span class='ocrx_word' id='word_1_372' title='bbox 137 3800 340 3850; x_wconf 89' lang='lat' dir='ltr'>caustis</span> <span class='ocrx_word' id='word_1_373' title='bbox 365 3812 481 3851; x_wconf 91' lang='lat' dir='ltr'>non</span> <span class='ocrx_word' id='word_1_374' title='bbox 503 3800 879 3852; x_wconf 89' lang='lat' dir='ltr'>delectaberis</span> <span class='ocrx_word' id='word_1_375' title='bbox 904 3803 1064 3865; x_wconf 78' lang='lat' dir='ltr'>(Psal.</span> <span class='ocrx_word' id='word_1_376' title='bbox 1094 3801 1219 3866; x_wconf 78' lang='lat'>50.).</span> <span class='ocrx_word' id='word_1_377' title='bbox 1238 3804 1378 3855; x_wconf 70' lang='lat' dir='ltr'>Haec</span> <span class='ocrx_word' id='word_1_378' title='bbox 1404 3809 1545 3855; x_wconf 88' lang='lat' dir='ltr'>sunt</span> <span class='ocrx_word' id='word_1_379' title='bbox 1568 3803 1728 3855; x_wconf 93' lang='lat' dir='ltr'>holo-</span> 
     </span>
    </p>
   </div>
   <div class='ocr_carea' id='block_1_51' title="bbox 137 3872 1727 3937">
    <p class='ocr_par' dir='ltr' id='par_1_51' title="bbox 137 3872 1727 3937">
     <span class='ocr_line' id='line_1_51' title="bbox 137 3872 1727 3937; baseline 0.004 -18"><span class='ocrx_word' id='word_1_380' title='bbox 137 3873 325 3922; x_wconf 88' lang='lat' dir='ltr'>causta</span> <span class='ocrx_word' id='word_1_381' title='bbox 346 3872 649 3924; x_wconf 88' lang='lat' dir='ltr'>brutorum</span> <span class='ocrx_word' id='word_1_382' title='bbox 665 3872 1020 3937; x_wconf 87' lang='lat' dir='ltr'>animalium,</span> <span class='ocrx_word' id='word_1_383' title='bbox 1039 3875 1251 3937; x_wconf 89' lang='lat' dir='ltr'>quibus</span> <span class='ocrx_word' id='word_1_384' title='bbox 1273 3876 1420 3926; x_wconf 90' lang='lat' dir='ltr'>Deus</span> <span class='ocrx_word' id='word_1_385' title='bbox 1438 3888 1554 3927; x_wconf 92' lang='lat' dir='ltr'>non</span> <span class='ocrx_word' id='word_1_386' title='bbox 1570 3878 1727 3925; x_wconf 87' lang='lat' dir='ltr'>delec-</span> 
     </span>
    </p>
   </div>
   <div class='ocr_carea' id='block_1_52' title="bbox 138 3943 1725 4010">
    <p class='ocr_par' dir='ltr' id='par_1_52' title="bbox 138 3943 1725 4010">
     <span class='ocr_line' id='line_1_52' title="bbox 138 3943 1725 4010; baseline 0.004 -20"><span class='ocrx_word' id='word_1_387' title='bbox 138 3943 296 3993; x_wconf 84' lang='lat' dir='ltr'>tatur.</span> <span class='ocrx_word' id='word_1_388' title='bbox 312 3944 453 4004; x_wconf 64' lang='lat' dir='ltr'>Quaa</span> <span class='ocrx_word' id='word_1_389' title='bbox 487 3948 623 3995; x_wconf 90' lang='lat' dir='ltr'>sunt</span> <span class='ocrx_word' id='word_1_390' title='bbox 637 3958 773 4009; x_wconf 89' lang='lat' dir='ltr'>ergo</span> <span class='ocrx_word' id='word_1_391' title='bbox 789 3944 903 4008; x_wconf 90' lang='lat' dir='ltr'>illa,</span> <span class='ocrx_word' id='word_1_392' title='bbox 930 3957 1060 4008; x_wconf 60' lang='lat' dir='ltr'>quas</span> <span class='ocrx_word' id='word_1_393' title='bbox 1084 3945 1145 3994; x_wconf 86' lang='lat' dir='ltr'>in</span> <span class='ocrx_word' id='word_1_394' title='bbox 1171 3952 1448 4010; x_wconf 82' lang='lat' dir='ltr'>conspectu</span> <span class='ocrx_word' id='word_1_395' title='bbox 1472 3962 1583 3995; x_wconf 84' lang='lat' dir='ltr'>meo</span> <span class='ocrx_word' id='word_1_396' title='bbox 1598 3953 1725 3996; x_wconf 81' lang='lat' dir='ltr'>sunt</span> 
     </span>
    </p>
   </div>
   <div class='ocr_carea' id='block_1_53' title="bbox 136 4015 1724 4081">
    <p class='ocr_par' dir='ltr' id='par_1_53' title="bbox 136 4015 1724 4081">
     <span class='ocr_line' id='line_1_53' title="bbox 136 4015 1724 4081; baseline 0.004 -22"><span class='ocrx_word' id='word_1_397' title='bbox 136 4019 369 4077; x_wconf 78' lang='lat' dir='ltr'>semper?</span> <span class='ocrx_word' id='word_1_398' title='bbox 400 4015 653 4080; x_wconf 88' lang='lat' dir='ltr'>Benigne</span> <span class='ocrx_word' id='word_1_399' title='bbox 682 4016 783 4078; x_wconf 86' lang='lat' dir='ltr'>fac,</span> <span class='ocrx_word' id='word_1_400' title='bbox 811 4016 997 4079; x_wconf 90' lang='lat' dir='ltr'>inquit</span> <span class='ocrx_word' id='word_1_401' title='bbox 1020 4018 1192 4081; x_wconf 90' lang='lat' dir='ltr'>Deus,</span> <span class='ocrx_word' id='word_1_402' title='bbox 1218 4017 1276 4068; x_wconf 92' lang='lat' dir='ltr'>in</span> <span class='ocrx_word' id='word_1_403' title='bbox 1302 4020 1449 4068; x_wconf 89' lang='lat' dir='ltr'>bona</span> <span class='ocrx_word' id='word_1_404' title='bbox 1471 4020 1724 4066; x_wconf 77' lang='lat' dir='ltr'>voluntate</span> 
     </span>
    </p>
   </div>
   <div class='ocr_carea' id='block_1_54' title="bbox 138 4085 1726 4151">
    <p class='ocr_par' dir='ltr' id='par_1_54' title="bbox 138 4085 1726 4151">
     <span class='ocr_line' id='line_1_54' title="bbox 138 4085 1726 4151; baseline 0.004 -19"><span class='ocrx_word' id='word_1_405' title='bbox 138 4086 230 4134; x_wconf 90' lang='lat' dir='ltr'>tua</span> <span class='ocrx_word' id='word_1_406' title='bbox 244 4085 393 4137; x_wconf 90' lang='lat' dir='ltr'>Sion.</span> <span class='ocrx_word' id='word_1_407' title='bbox 419 4087 579 4138; x_wconf 91' lang='lat' dir='ltr'>Tunc</span> <span class='ocrx_word' id='word_1_408' title='bbox 601 4088 927 4150; x_wconf 88' lang='lat' dir='ltr'>acceptabis</span> <span class='ocrx_word' id='word_1_409' title='bbox 954 4088 1299 4139; x_wconf 85' lang='lat' dir='ltr'>sacriﬁcium</span> <span class='ocrx_word' id='word_1_410' title='bbox 1317 4088 1561 4151; x_wconf 65' lang='lat' dir='ltr'>justitim</span> <span class='ocrx_word' id='word_1_411' title='bbox 1577 4087 1726 4139; x_wconf 88' lang='lat' dir='ltr'>obla-</span> 
     </span>
    </p>
   </div>
   <div class='ocr_carea' id='block_1_55' title="bbox 90 4152 1725 4223">
    <p class='ocr_par' dir='ltr' id='par_1_55' title="bbox 90 4152 1725 4223">
     <span class='ocr_line' id='line_1_55' title="bbox 90 4152 1725 4223; baseline 0.006 -23"><span class='ocrx_word' id='word_1_412' title='bbox 90 4192 97 4199; x_wconf 47' lang='grc' dir='ltr'><em>μ</em></span> <span class='ocrx_word' id='word_1_413' title='bbox 137 4152 332 4220; x_wconf 87' lang='lat' dir='ltr'>tiones,</span> <span class='ocrx_word' id='word_1_414' title='bbox 364 4162 421 4208; x_wconf 87' lang='lat' dir='ltr'>et</span> <span class='ocrx_word' id='word_1_415' title='bbox 441 4157 787 4210; x_wconf 89' lang='lat' dir='ltr'>holocausta.</span> <span class='ocrx_word' id='word_1_416' title='bbox 811 4160 911 4210; x_wconf 87' lang='lat' dir='ltr'>Est</span> <span class='ocrx_word' id='word_1_417' title='bbox 932 4159 1084 4223; x_wconf 82' lang='lat' dir='ltr'>ignis</span> <span class='ocrx_word' id='word_1_418' title='bbox 1111 4159 1572 4222; x_wconf 66' lang='lat' dir='ltr'>ﬂagrantissimae</span> <span class='ocrx_word' id='word_1_419' title='bbox 1584 4158 1725 4210; x_wconf 89' lang='lat' dir='ltr'>cari-</span> 
     </span>
    </p>
   </div>
   <div class='ocr_carea' id='block_1_56' title="bbox 140 4225 1724 4296">
    <p class='ocr_par' dir='ltr' id='par_1_56' title="bbox 140 4225 1724 4296">
     <span class='ocr_line' id='line_1_56' title="bbox 140 4225 1724 4296; baseline 0.003 -20"><span class='ocrx_word' id='word_1_420' title='bbox 140 4227 282 4278; x_wconf 88' lang='lat' dir='ltr'>tatis.</span> <span class='ocrx_word' id='word_1_421' title='bbox 318 4230 564 4282; x_wconf 86' lang='lat' dir='ltr'>Animus</span> <span class='ocrx_word' id='word_1_422' title='bbox 593 4231 979 4283; x_wconf 88' lang='lat' dir='ltr'>inﬁammetur</span> <span class='ocrx_word' id='word_1_423' title='bbox 1007 4231 1260 4293; x_wconf 87' lang='lat' dir='ltr'>caritate,</span> <span class='ocrx_word' id='word_1_424' title='bbox 1297 4225 1470 4296; x_wconf 71' lang='grc'>249</span> <span class='ocrx_word' id='word_1_425' title='bbox 1492 4229 1724 4293; x_wconf 88' lang='lat' dir='ltr'>arripiat</span> 
     </span>
    </p>
   </div>
   <div class='ocr_carea' id='block_1_57' title="bbox 136 4297 1722 4354">
    <p class='ocr_par' dir='ltr' id='par_1_57' title="bbox 136 4297 1722 4354">
     <span class='ocr_line' id='line_1_57' title="bbox 136 4297 1722 4354; baseline 0.001 -5"><span class='ocrx_word' id='word_1_426' title='bbox 136 4297 327 4351; x_wconf 85' lang='lat' dir='ltr'>eadem</span> <span class='ocrx_word' id='word_1_427' title='bbox 352 4311 371 4330; x_wconf 73' lang='grc' dir='ltr'>ι</span> <span class='ocrx_word' id='word_1_428' title='bbox 416 4304 651 4353; x_wconf 86' lang='lat' dir='ltr'>caritate</span> <span class='ocrx_word' id='word_1_429' title='bbox 684 4303 942 4354; x_wconf 89' lang='lat' dir='ltr'>membra</span> <span class='ocrx_word' id='word_1_430' title='bbox 974 4303 1032 4353; x_wconf 90' lang='lat' dir='ltr'>in</span> <span class='ocrx_word' id='word_1_431' title='bbox 1061 4314 1234 4353; x_wconf 90' lang='lat' dir='ltr'>usum</span> <span class='ocrx_word' id='word_1_432' title='bbox 1270 4313 1462 4352; x_wconf 89' lang='lat' dir='ltr'>suum.</span> <span class='ocrx_word' id='word_1_433' title='bbox 1512 4301 1722 4351; x_wconf 87' lang='lat' dir='ltr'>Nonea</span> 
     </span>
    </p>
   </div>
   <div class='ocr_carea' id='block_1_58' title="bbox 138 4371 1723 4438">
    <p class='ocr_par' dir='ltr' id='par_1_58' title="bbox 138 4371 1723 4438">
     <span class='ocr_line' id='line_1_58' title="bbox 138 4371 1723 4438; baseline 0.003 -19"><span class='ocrx_word' id='word_1_434' title='bbox 138 4374 418 4431; x_wconf 81' lang='lat' dir='ltr'>permittat</span> <span class='ocrx_word' id='word_1_435' title='bbox 445 4373 689 4425; x_wconf 87' lang='lat' dir='ltr'>militare</span> <span class='ocrx_word' id='word_1_436' title='bbox 734 4374 1050 4438; x_wconf 86' lang='lat' dir='ltr'>cupiditati,</span> <span class='ocrx_word' id='word_1_437' title='bbox 1091 4379 1158 4425; x_wconf 89' lang='lat' dir='ltr'>ut</span> <span class='ocrx_word' id='word_1_438' title='bbox 1203 4377 1359 4424; x_wconf 80' lang='lat' dir='ltr'>totus</span> <span class='ocrx_word' id='word_1_439' title='bbox 1386 4371 1723 4423; x_wconf 82' lang='lat' dir='ltr'>exardescat</span> 
     </span>
    </p>
   </div>
   <div class='ocr_carea' id='block_1_59' title="bbox 135 4438 1721 4505">
    <p class='ocr_par' dir='ltr' id='par_1_59' title="bbox 135 4438 1721 4505">
     <span class='ocr_line' id='line_1_59' title="bbox 135 4438 1721 4505; baseline -0.001 -14"><span class='ocrx_word' id='word_1_440' title='bbox 135 4438 258 4502; x_wconf 83' lang='lat' dir='ltr'>igne</span> <span class='ocrx_word' id='word_1_441' title='bbox 301 4444 510 4495; x_wconf 86' lang='lat' dir='ltr'>amoris</span> <span class='ocrx_word' id='word_1_442' title='bbox 534 4444 729 4495; x_wconf 90' lang='lat' dir='ltr'>divini.</span> <span class='ocrx_word' id='word_1_443' title='bbox 762 4445 921 4496; x_wconf 88' lang='lat' dir='ltr'>Talia</span> <span class='ocrx_word' id='word_1_444' title='bbox 946 4444 1256 4494; x_wconf 80' lang='lat' dir='ltr'>holocausta</span> <span class='ocrx_word' id='word_1_445' title='bbox 1294 4443 1432 4494; x_wconf 86' lang='lat' dir='ltr'>dicit</span> <span class='ocrx_word' id='word_1_446' title='bbox 1459 4443 1630 4505; x_wconf 89' lang='lat' dir='ltr'>Deus,</span> <span class='ocrx_word' id='word_1_447' title='bbox 1660 4443 1721 4491; x_wconf 84' lang='lat' dir='ltr'>in</span> 
     </span>
    </p>
   </div>
   <div class='ocr_carea' id='block_1_60' title="bbox 135 4514 1721 4581">
    <p class='ocr_par' dir='ltr' id='par_1_60' title="bbox 135 4514 1721 4581">
     <span class='ocr_line' id='line_1_60' title="bbox 135 4514 1721 4581; baseline 0.002 -22"><span class='ocrx_word' id='word_1_448' title='bbox 135 4519 399 4581; x_wconf 75' lang='lat' dir='ltr'>conspectu</span> <span class='ocrx_word' id='word_1_449' title='bbox 421 4530 537 4564; x_wconf 84' lang='lat' dir='ltr'>meo</span> <span class='ocrx_word' id='word_1_450' title='bbox 558 4521 684 4564; x_wconf 82' lang='lat' dir='ltr'>sunt</span> <span class='ocrx_word' id='word_1_451' title='bbox 705 4530 926 4581; x_wconf 69' lang='lat' dir='ltr'>semper.</span> <span class='ocrx_word' id='word_1_452' title='bbox 951 4515 1157 4568; x_wconf 85' lang='lat' dir='ltr'>Adhuc</span> <span class='ocrx_word' id='word_1_453' title='bbox 1186 4516 1329 4567; x_wconf 80' lang='lat' dir='ltr'>forte</span> <span class='ocrx_word' id='word_1_454' title='bbox 1351 4514 1527 4566; x_wconf 86' lang='lat' dir='ltr'>Israel</span> <span class='ocrx_word' id='word_1_455' title='bbox 1542 4518 1721 4575; x_wconf 83' lang='lat' dir='ltr'>cogitat</span> 
     </span>
    </p>
   </div>
   <div class='ocr_carea' id='block_1_61' title="bbox 135 4578 1714 4652">
    <p class='ocr_par' dir='ltr' id='par_1_61' title="bbox 135 4578 1714 4652">
     <span class='ocr_line' id='line_1_61' title="bbox 135 4578 1714 4652; baseline 0.003 -23"><span class='ocrx_word' id='word_1_456' title='bbox 135 4578 198 4631; x_wconf 91' lang='lat' dir='ltr'>de</span> <span class='ocrx_word' id='word_1_457' title='bbox 213 4582 412 4648; x_wconf 91' lang='lat' dir='ltr'>bobus,</span> <span class='ocrx_word' id='word_1_458' title='bbox 426 4586 497 4637; x_wconf 91' lang='lat' dir='ltr'>de</span> <span class='ocrx_word' id='word_1_459' title='bbox 511 4587 741 4652; x_wconf 90' lang='lat' dir='ltr'>ovibus,</span> <span class='ocrx_word' id='word_1_460' title='bbox 766 4578 836 4638; x_wconf 84' lang='lat' dir='ltr'>de</span> <span class='ocrx_word' id='word_1_461' title='bbox 859 4588 1049 4639; x_wconf 90' lang='lat' dir='ltr'>hircis.</span> <span class='ocrx_word' id='word_1_462' title='bbox 1066 4587 1199 4640; x_wconf 92' lang='lat' dir='ltr'>Ideo</span> <span class='ocrx_word' id='word_1_463' title='bbox 1211 4587 1588 4651; x_wconf 90' lang='lat' dir='ltr'>subjunctum</span> <span class='ocrx_word' id='word_1_464' title='bbox 1612 4592 1714 4635; x_wconf 88' lang='lat' dir='ltr'>est:</span> 
     </span>
    </p>
   </div>
   <div class='ocr_carea' id='block_1_62' title="bbox 191 4653 1719 4722">
    <p class='ocr_par' dir='ltr' id='par_1_62' title="bbox 191 4653 1719 4722">
     <span class='ocr_line' id='line_1_62' title="bbox 191 4653 1719 4722; baseline 0.002 -17"><span class='ocrx_word' id='word_1_465' title='bbox 191 4653 243 4705; x_wconf 85' lang='lat'>9.</span> <span class='ocrx_word' id='word_1_466' title='bbox 285 4656 410 4707; x_wconf 83' lang='lat' dir='ltr'>Non</span> <span class='ocrx_word' id='word_1_467' title='bbox 456 4659 725 4721; x_wconf 82' lang='lat' dir='ltr'>accipiam</span> <span class='ocrx_word' id='word_1_468' title='bbox 767 4660 829 4708; x_wconf 86' lang='lat' dir='ltr'>de</span> <span class='ocrx_word' id='word_1_469' title='bbox 862 4659 1020 4709; x_wconf 87' lang='lat' dir='ltr'>domo</span> <span class='ocrx_word' id='word_1_470' title='bbox 1058 4665 1154 4708; x_wconf 78' lang='lat' dir='ltr'>tua</span> <span class='ocrx_word' id='word_1_471' title='bbox 1189 4659 1414 4710; x_wconf 75' lang='lat' dir='ltr'>vitulos:</span> <span class='ocrx_word' id='word_1_472' title='bbox 1452 4673 1624 4722; x_wconf 80' lang='lat' dir='ltr'>neque</span> <span class='ocrx_word' id='word_1_473' title='bbox 1656 4659 1719 4708; x_wconf 83' lang='lat' dir='ltr'>de</span> 
     </span>
    </p>
   </div>
   <div class='ocr_carea' id='block_1_63' title="bbox 137 4726 1793 4801">
    <p class='ocr_par' dir='ltr' id='par_1_63' title="bbox 137 4726 1793 4801">
     <span class='ocr_line' id='line_1_63' title="bbox 137 4726 1793 4801; baseline 0.005 -29"><span class='ocrx_word' id='word_1_474' title='bbox 137 4726 367 4789; x_wconf 75' lang='lat' dir='ltr'>gregibus</span> <span class='ocrx_word' id='word_1_475' title='bbox 396 4729 501 4777; x_wconf 82' lang='lat' dir='ltr'>luis</span> <span class='ocrx_word' id='word_1_476' title='bbox 527 4730 726 4781; x_wconf 85' lang='lat' dir='ltr'>hircos.</span> <span class='ocrx_word' id='word_1_477' title='bbox 755 4731 776 4759; x_wconf 72' lang='lat'><strong>&quot;</strong></span> <span class='ocrx_word' id='word_1_478' title='bbox 800 4730 1152 4782; x_wconf 64' lang='lat' dir='ltr'>Praanuntiat</span> <span class='ocrx_word' id='word_1_479' title='bbox 1184 4731 1288 4793; x_wconf 78' lang='lat' dir='ltr'>(Ea:</span> <span class='ocrx_word' id='word_1_480' title='bbox 1313 4732 1479 4796; x_wconf 84' lang='lat' dir='ltr'>Aug.)</span> <span class='ocrx_word' id='word_1_481' title='bbox 1511 4732 1715 4782; x_wconf 89' lang='lat' dir='ltr'>Testa-</span> <span class='ocrx_word' id='word_1_482' title='bbox 1736 4727 1793 4801; x_wconf 88' lang='lat' dir='ltr'>D</span> 
     </span>
    </p>
   </div>
   <div class='ocr_carea' id='block_1_64' title="bbox 133 4802 1711 4862">
    <p class='ocr_par' dir='ltr' id='par_1_64' title="bbox 133 4802 1711 4862">
     <span class='ocr_line' id='line_1_64' title="bbox 133 4802 1711 4862; baseline 0.004 -18"><span class='ocrx_word' id='word_1_483' title='bbox 133 4802 382 4849; x_wconf 86' lang='lat' dir='ltr'>mentum</span> <span class='ocrx_word' id='word_1_484' title='bbox 405 4811 642 4862; x_wconf 86' lang='lat' dir='ltr'>novum,</span> <span class='ocrx_word' id='word_1_485' title='bbox 670 4802 768 4853; x_wconf 92' lang='lat' dir='ltr'>ubi</span> <span class='ocrx_word' id='word_1_486' title='bbox 791 4802 982 4853; x_wconf 86' lang='lat' dir='ltr'>omnia</span> <span class='ocrx_word' id='word_1_487' title='bbox 999 4803 1095 4853; x_wconf 90' lang='lat' dir='ltr'>illa</span> <span class='ocrx_word' id='word_1_488' title='bbox 1112 4806 1304 4854; x_wconf 91' lang='lat' dir='ltr'>vetera</span> <span class='ocrx_word' id='word_1_489' title='bbox 1318 4803 1594 4855; x_wconf 88' lang='lat' dir='ltr'>sacriﬁcia</span> <span class='ocrx_word' id='word_1_490' title='bbox 1606 4818 1711 4851; x_wconf 88' lang='lat' dir='ltr'>ces-</span> 
     </span>
    </p>
   </div>
   <div class='ocr_carea' id='block_1_65' title="bbox 135 4872 1711 4939">
    <p class='ocr_par' dir='ltr' id='par_1_65' title="bbox 135 4872 1711 4939">
     <span class='ocr_line' id='line_1_65' title="bbox 135 4872 1711 4939; baseline 0.006 -23"><span class='ocrx_word' id='word_1_491' title='bbox 135 4874 412 4921; x_wconf 85' lang='lat' dir='ltr'>saverunt.</span> <span class='ocrx_word' id='word_1_492' title='bbox 438 4872 569 4923; x_wconf 88' lang='lat' dir='ltr'>Erat</span> <span class='ocrx_word' id='word_1_493' title='bbox 599 4872 751 4922; x_wconf 92' lang='lat' dir='ltr'>enim</span> <span class='ocrx_word' id='word_1_494' title='bbox 778 4877 917 4924; x_wconf 87' lang='lat' dir='ltr'>tunc</span> <span class='ocrx_word' id='word_1_495' title='bbox 940 4873 1401 4937; x_wconf 68' lang='lat' dir='ltr'>prmnunciatum</span> <span class='ocrx_word' id='word_1_496' title='bbox 1434 4874 1711 4939; x_wconf 86' lang='lat' dir='ltr'>futurum,</span> 
     </span>
    </p>
   </div>
   <div class='ocr_carea' id='block_1_66' title="bbox 136 4939 1711 5009">
    <p class='ocr_par' dir='ltr' id='par_1_66' title="bbox 136 4939 1711 5009">
     <span class='ocr_line' id='line_1_66' title="bbox 136 4939 1711 5009; baseline 0.006 -21"><span class='ocrx_word' id='word_1_497' title='bbox 136 4939 413 4997; x_wconf 82' lang='lat' dir='ltr'>quoddam</span> <span class='ocrx_word' id='word_1_498' title='bbox 431 4942 791 5007; x_wconf 89' lang='lat' dir='ltr'>sacriﬁcium,</span> <span class='ocrx_word' id='word_1_499' title='bbox 808 4946 974 5009; x_wconf 87' lang='lat' dir='ltr'>cujus</span> <span class='ocrx_word' id='word_1_500' title='bbox 988 4944 1265 5008; x_wconf 83' lang='lat' dir='ltr'>sanguine</span> <span class='ocrx_word' id='word_1_501' title='bbox 1280 4946 1711 4998; x_wconf 90' lang='lat' dir='ltr'>mundaremur.</span> 
     </span>
    </p>
   </div>
   <div class='ocr_carea' id='block_1_67' title="bbox 135 5010 1710 5082">
    <p class='ocr_par' dir='ltr' id='par_1_67' title="bbox 135 5010 1710 5082">
     <span class='ocr_line' id='line_1_67' title="bbox 135 5010 1710 5082; baseline 0.008 -23"><span class='ocrx_word' id='word_1_502' title='bbox 135 5010 306 5069; x_wconf 85' lang='lat' dir='ltr'>Quare</span> <span class='ocrx_word' id='word_1_503' title='bbox 327 5026 444 5065; x_wconf 91' lang='lat' dir='ltr'>non</span> <span class='ocrx_word' id='word_1_504' title='bbox 479 5014 757 5079; x_wconf 89' lang='lat' dir='ltr'>accipiam</span> <span class='ocrx_word' id='word_1_505' title='bbox 782 5015 854 5066; x_wconf 92' lang='lat' dir='ltr'>de</span> <span class='ocrx_word' id='word_1_506' title='bbox 887 5016 1058 5068; x_wconf 93' lang='lat' dir='ltr'>domo</span> <span class='ocrx_word' id='word_1_507' title='bbox 1102 5020 1203 5068; x_wconf 86' lang='lat' dir='ltr'>tua</span> <span class='ocrx_word' id='word_1_508' title='bbox 1241 5017 1471 5080; x_wconf 89' lang='lat' dir='ltr'>vitulos,</span> <span class='ocrx_word' id='word_1_509' title='bbox 1503 5018 1710 5082; x_wconf 86' lang='lat' dir='ltr'>hircos,</span> 
     </span>
    </p>
   </div>
   <div class='ocr_carea' id='block_1_68' title="bbox 135 5083 609 5136">
    <p class='ocr_par' dir='ltr' id='par_1_68' title="bbox 135 5083 609 5136">
     <span class='ocr_line' id='line_1_68' title="bbox 135 5083 609 5136; baseline 0.019 -9"><span class='ocrx_word' id='word_1_510' title='bbox 135 5083 188 5129; x_wconf 90' lang='lat' dir='ltr'>et</span> <span class='ocrx_word' id='word_1_511' title='bbox 208 5087 409 5136; x_wconf 69' lang='lat' dir='ltr'>caetera</span> <span class='ocrx_word' id='word_1_512' title='bbox 430 5085 562 5136; x_wconf 87' lang='lat' dir='ltr'>talia</span> <span class='ocrx_word' id='word_1_513' title='bbox 581 5088 609 5136; x_wconf 69' lang='lat' dir='ltr'>‘t</span> 
     </span>
    </p>
   </div>
   <div class='ocr_carea' id='block_1_69' title="bbox 190 5150 1713 5221">
    <p class='ocr_par' dir='ltr' id='par_1_69' title="bbox 190 5150 1713 5221">
     <span class='ocr_line' id='line_1_69' title="bbox 190 5150 1713 5221; baseline 0.005 -16"><span class='ocrx_word' id='word_1_514' title='bbox 190 5150 275 5206; x_wconf 84' lang='lat'>10.</span> <span class='ocrx_word' id='word_1_515' title='bbox 296 5155 564 5214; x_wconf 83' lang='lat' dir='ltr'>Quoniam</span> <span class='ocrx_word' id='word_1_516' title='bbox 602 5171 731 5207; x_wconf 66' lang='lat' dir='ltr'>mete</span> <span class='ocrx_word' id='word_1_517' title='bbox 754 5162 882 5208; x_wconf 77' lang='lat' dir='ltr'>sunt</span> <span class='ocrx_word' id='word_1_518' title='bbox 914 5172 1097 5208; x_wconf 83' lang='lat' dir='ltr'>omnes</span> <span class='ocrx_word' id='word_1_519' title='bbox 1109 5158 1234 5221; x_wconf 76' lang='lat' dir='ltr'>ferae</span> <span class='ocrx_word' id='word_1_520' title='bbox 1250 5159 1533 5211; x_wconf 79' lang='lat' dir='ltr'>silvarum.</span> <span class='ocrx_word' id='word_1_521' title='bbox 1551 5163 1635 5213; x_wconf 87' lang='lat' dir='ltr'>Ac</span> <span class='ocrx_word' id='word_1_522' title='bbox 1664 5161 1713 5212; x_wconf 87' lang='lat' dir='ltr'>si</span> 
     </span>
    </p>
   </div>
   <div class='ocr_carea' id='block_1_70' title="bbox 134 5219 1711 5294">
    <p class='ocr_par' dir='ltr' id='par_1_70' title="bbox 134 5219 1711 5294">
     <span class='ocr_line' id='line_1_70' title="bbox 134 5219 1711 5294; baseline 0.007 -22"><span class='ocrx_word' id='word_1_523' title='bbox 134 5219 354 5277; x_wconf 88' lang='lat' dir='ltr'>diceret:</span> <span class='ocrx_word' id='word_1_524' title='bbox 382 5229 488 5289; x_wconf 89' lang='lat' dir='ltr'>Qui</span> <span class='ocrx_word' id='word_1_525' title='bbox 515 5240 717 5281; x_wconf 87' lang='lat' dir='ltr'>omnes</span> <span class='ocrx_word' id='word_1_526' title='bbox 740 5229 889 5281; x_wconf 78' lang='lat' dir='ltr'>feras</span> <span class='ocrx_word' id='word_1_527' title='bbox 904 5219 1188 5293; x_wconf 85' lang='lat' dir='ltr'>possideo,</span> <span class='ocrx_word' id='word_1_528' title='bbox 1210 5229 1306 5280; x_wconf 92' lang='lat' dir='ltr'>illo</span> <span class='ocrx_word' id='word_1_529' title='bbox 1331 5231 1429 5294; x_wconf 92' lang='lat' dir='ltr'>qui</span> <span class='ocrx_word' id='word_1_530' title='bbox 1450 5232 1511 5282; x_wconf 89' lang='lat' dir='ltr'>in</span> <span class='ocrx_word' id='word_1_531' title='bbox 1539 5232 1711 5284; x_wconf 91' lang='lat' dir='ltr'>domo</span> 
     </span>
    </p>
   </div>
   <div class='ocr_carea' id='block_1_71' title="bbox 136 5296 1712 5365">
    <p class='ocr_par' dir='ltr' id='par_1_71' title="bbox 136 5296 1712 5365">
     <span class='ocr_line' id='line_1_71' title="bbox 136 5296 1712 5365; baseline 0.004 -20"><span class='ocrx_word' id='word_1_532' title='bbox 136 5296 227 5345; x_wconf 85' lang='lat' dir='ltr'>tua</span> <span class='ocrx_word' id='word_1_533' title='bbox 253 5300 357 5360; x_wconf 87' lang='lat' dir='ltr'>est,</span> <span class='ocrx_word' id='word_1_534' title='bbox 387 5300 588 5364; x_wconf 87' lang='lat' dir='ltr'>vitulo,</span> <span class='ocrx_word' id='word_1_535' title='bbox 617 5301 707 5352; x_wconf 91' lang='lat' dir='ltr'>vel</span> <span class='ocrx_word' id='word_1_536' title='bbox 722 5301 880 5352; x_wconf 90' lang='lat' dir='ltr'>hirco</span> <span class='ocrx_word' id='word_1_537' title='bbox 904 5313 1023 5352; x_wconf 92' lang='lat' dir='ltr'>non</span> <span class='ocrx_word' id='word_1_538' title='bbox 1041 5300 1416 5365; x_wconf 89' lang='lat' dir='ltr'>indigeo.Sed</span> <span class='ocrx_word' id='word_1_539' title='bbox 1439 5302 1581 5354; x_wconf 87' lang='lat' dir='ltr'>forte</span> <span class='ocrx_word' id='word_1_540' title='bbox 1605 5303 1712 5364; x_wconf 77' lang='lat' dir='ltr'>(Eat:</span> 
     </span>
    </p>
   </div>
   <div class='ocr_carea' id='block_1_72' title="bbox 132 5366 1709 5435">
    <p class='ocr_par' dir='ltr' id='par_1_72' title="bbox 132 5366 1709 5435">
     <span class='ocr_line' id='line_1_72' title="bbox 132 5366 1709 5435; baseline 0.008 -23"><span class='ocrx_word' id='word_1_541' title='bbox 132 5366 250 5428; x_wconf 86' lang='lat' dir='ltr'>eod.)</span> <span class='ocrx_word' id='word_1_542' title='bbox 292 5369 371 5421; x_wconf 81' lang='lat' dir='ltr'>ait</span> <span class='ocrx_word' id='word_1_543' title='bbox 389 5371 584 5431; x_wconf 89' lang='lat' dir='ltr'>Israel,</span> <span class='ocrx_word' id='word_1_544' title='bbox 610 5373 818 5423; x_wconf 67' lang='lat' dir='ltr'>Bestiae</span> <span class='ocrx_word' id='word_1_545' title='bbox 851 5371 955 5423; x_wconf 90' lang='lat' dir='ltr'>Dei</span> <span class='ocrx_word' id='word_1_546' title='bbox 986 5376 1122 5422; x_wconf 90' lang='lat' dir='ltr'>sunt</span> <span class='ocrx_word' id='word_1_547' title='bbox 1145 5371 1259 5423; x_wconf 62' lang='lat' dir='ltr'>illa:</span> <span class='ocrx_word' id='word_1_548' title='bbox 1292 5373 1496 5424; x_wconf 78' lang='lat' dir='ltr'>bestiae</span> <span class='ocrx_word' id='word_1_549' title='bbox 1529 5372 1709 5435; x_wconf 83' lang='lat' dir='ltr'>ferrea,</span> 
     </span>
    </p>
   </div>
   <div class='ocr_carea' id='block_1_73' title="bbox 133 5441 1711 5506">
    <p class='ocr_par' dir='ltr' id='par_1_73' title="bbox 133 5441 1711 5506">
     <span class='ocr_line' id='line_1_73' title="bbox 133 5441 1711 5506; baseline 0.004 -19"><span class='ocrx_word' id='word_1_550' title='bbox 133 5444 266 5496; x_wconf 74' lang='lat' dir='ltr'>Quas</span> <span class='ocrx_word' id='word_1_551' title='bbox 287 5452 403 5493; x_wconf 90' lang='lat' dir='ltr'>non</span> <span class='ocrx_word' id='word_1_552' title='bbox 418 5442 648 5494; x_wconf 91' lang='lat' dir='ltr'>includo</span> <span class='ocrx_word' id='word_1_553' title='bbox 662 5442 723 5493; x_wconf 88' lang='lat' dir='ltr'>in</span> <span class='ocrx_word' id='word_1_554' title='bbox 739 5452 756 5472; x_wconf 83' lang='lat'>°</span> <span class='ocrx_word' id='word_1_555' title='bbox 776 5447 930 5494; x_wconf 86' lang='lat' dir='ltr'>certe</span> <span class='ocrx_word' id='word_1_556' title='bbox 953 5454 1102 5503; x_wconf 90' lang='lat' dir='ltr'>mea,</span> <span class='ocrx_word' id='word_1_557' title='bbox 1144 5454 1288 5506; x_wconf 89' lang='lat' dir='ltr'>quas</span> <span class='ocrx_word' id='word_1_558' title='bbox 1310 5455 1426 5494; x_wconf 92' lang='lat' dir='ltr'>non</span> <span class='ocrx_word' id='word_1_559' title='bbox 1447 5441 1614 5506; x_wconf 88' lang='lat' dir='ltr'>alligo</span> <span class='ocrx_word' id='word_1_560' title='bbox 1638 5444 1711 5494; x_wconf 88' lang='lat' dir='ltr'>ad</span> 
     </span>
    </p>
   </div>
   <div class='ocr_carea' id='block_1_74' title="bbox 132 5513 1712 5577">
    <p class='ocr_par' dir='ltr' id='par_1_74' title="bbox 132 5513 1712 5577">
     <span class='ocr_line' id='line_1_74' title="bbox 132 5513 1712 5577; baseline 0.001 -14"><span class='ocrx_word' id='word_1_561' title='bbox 132 5516 375 5577; x_wconf 61' lang='lat' dir='ltr'>praesepe</span> <span class='ocrx_word' id='word_1_562' title='bbox 403 5526 615 5567; x_wconf 89' lang='lat' dir='ltr'>meum.</span> <span class='ocrx_word' id='word_1_563' title='bbox 655 5516 733 5565; x_wconf 90' lang='lat' dir='ltr'>Ea</span> <span class='ocrx_word' id='word_1_564' title='bbox 756 5526 910 5574; x_wconf 87' lang='lat' dir='ltr'>vero,</span> <span class='ocrx_word' id='word_1_565' title='bbox 937 5526 1070 5577; x_wconf 66' lang='lat' dir='ltr'>quas</span> <span class='ocrx_word' id='word_1_566' title='bbox 1109 5513 1261 5577; x_wconf 88' lang='lat' dir='ltr'>apud</span> <span class='ocrx_word' id='word_1_567' title='bbox 1300 5526 1393 5565; x_wconf 92' lang='lat' dir='ltr'>me</span> <span class='ocrx_word' id='word_1_568' title='bbox 1418 5517 1570 5575; x_wconf 89' lang='lat' dir='ltr'>sunt,</span> <span class='ocrx_word' id='word_1_569' title='bbox 1595 5526 1712 5564; x_wconf 89' lang='lat' dir='ltr'>non</span> 
     </span>
    </p>
   </div>
   <div class='ocr_carea' id='block_1_75' title="bbox 133 5576 1711 5649">
    <p class='ocr_par' dir='ltr' id='par_1_75' title="bbox 133 5576 1711 5649">
     <span class='ocr_line' id='line_1_75' title="bbox 133 5576 1711 5649; baseline -0.001 -15"><span class='ocrx_word' id='word_1_570' title='bbox 133 5576 245 5649; x_wconf 73' lang='lat' dir='ltr'>Dei,</span> <span class='ocrx_word' id='word_1_571' title='bbox 268 5585 366 5635; x_wconf 89' lang='lat' dir='ltr'>sed</span> <span class='ocrx_word' id='word_1_572' title='bbox 388 5597 518 5637; x_wconf 90' lang='lat' dir='ltr'>mea</span> <span class='ocrx_word' id='word_1_573' title='bbox 545 5585 847 5637; x_wconf 89' lang='lat' dir='ltr'>sunt.Ideo</span> <span class='ocrx_word' id='word_1_574' title='bbox 863 5576 1411 5649; x_wconf 81' lang='lat' dir='ltr'>Dominusadjungit</span> <span class='ocrx_word' id='word_1_575' title='bbox 1428 5584 1711 5635; x_wconf 80' lang='lat' dir='ltr'>:Jumenla</span> 
     </span>
    </p>
   </div>
   <div class='ocr_carea' id='block_1_76' title="bbox 134 5646 1709 5722">
    <p class='ocr_par' dir='ltr' id='par_1_76' title="bbox 134 5646 1709 5722">
     <span class='ocr_line' id='line_1_76' title="bbox 134 5646 1709 5722; baseline 0.004 -22"><span class='ocrx_word' id='word_1_576' title='bbox 134 5646 188 5696; x_wconf 78' lang='lat' dir='ltr'>in</span> <span class='ocrx_word' id='word_1_577' title='bbox 207 5654 470 5706; x_wconf 76' lang='lat' dir='ltr'>montibus</span> <span class='ocrx_word' id='word_1_578' title='bbox 501 5661 547 5706; x_wconf 79' lang='lat' dir='ltr'>et</span> <span class='ocrx_word' id='word_1_579' title='bbox 580 5656 745 5722; x_wconf 83' lang='lat' dir='ltr'>boves,</span> <span class='ocrx_word' id='word_1_580' title='bbox 767 5668 897 5709; x_wconf 87' lang='lat' dir='ltr'>mea</span> <span class='ocrx_word' id='word_1_581' title='bbox 908 5660 1060 5708; x_wconf 90' lang='lat' dir='ltr'>sunt.</span> <span class='ocrx_word' id='word_1_582' title='bbox 1075 5646 1412 5720; x_wconf 68' lang='lat' dir='ltr'>Etilla,quaa</span> <span class='ocrx_word' id='word_1_583' title='bbox 1426 5655 1709 5720; x_wconf 86' lang='lat' dir='ltr'>possides,</span> 
     </span>
    </p>
   </div>
   <div class='ocr_carea' id='block_1_77' title="bbox 193 5806 1554 5871">
    <p class='ocr_par' dir='ltr' id='par_1_77' title="bbox 193 5806 1554 5871">
     <span class='ocr_line' id='line_1_77' title="bbox 193 5806 1554 5871; baseline 0.004 -17"><span class='ocrx_word' id='word_1_584' title='bbox 193 5809 208 5828; x_wconf 81' lang='lat'>&#39;</span> <span class='ocrx_word' id='word_1_585' title='bbox 229 5806 393 5868; x_wconf 81' lang='lat' dir='ltr'>Apud</span> <span class='ocrx_word' id='word_1_586' title='bbox 415 5808 808 5871; x_wconf 83' lang='lat' dir='ltr'>Augustinum</span> <span class='ocrx_word' id='word_1_587' title='bbox 826 5807 889 5859; x_wconf 92' lang='lat' dir='ltr'>in</span> <span class='ocrx_word' id='word_1_588' title='bbox 920 5812 1093 5871; x_wconf 90' lang='lat' dir='ltr'>recto,</span> <span class='ocrx_word' id='word_1_589' title='bbox 1117 5807 1301 5856; x_wconf 87' lang='lat' dir='ltr'>eadem</span> <span class='ocrx_word' id='word_1_590' title='bbox 1334 5808 1554 5860; x_wconf 76' lang='lat' dir='ltr'>caritas.</span> 
     </span>
    </p>
   </div>
   <div class='ocr_carea' id='block_1_78' title="bbox 190 5872 1712 5943">
    <p class='ocr_par' dir='ltr' id='par_1_78' title="bbox 190 5872 1712 5943">
     <span class='ocr_line' id='line_1_78' title="bbox 190 5872 1712 5943; baseline 0.003 -17"><span class='ocrx_word' id='word_1_591' title='bbox 190 5872 396 5928; x_wconf 72' lang='lat' dir='ltr'>l’Antea</span> <span class='ocrx_word' id='word_1_592' title='bbox 410 5886 531 5930; x_wconf 88' lang='lat' dir='ltr'>erat</span> <span class='ocrx_word' id='word_1_593' title='bbox 553 5879 901 5942; x_wconf 76' lang='lat' dir='ltr'>Pronuntiat,</span> <span class='ocrx_word' id='word_1_594' title='bbox 918 5878 1072 5943; x_wconf 89' lang='lat' dir='ltr'>quod</span> <span class='ocrx_word' id='word_1_595' title='bbox 1087 5891 1160 5930; x_wconf 83' lang='lat' dir='ltr'>ex</span> <span class='ocrx_word' id='word_1_596' title='bbox 1185 5878 1419 5943; x_wconf 90' lang='lat' dir='ltr'>vulgato</span> <span class='ocrx_word' id='word_1_597' title='bbox 1434 5879 1712 5943; x_wconf 85' lang='lat' dir='ltr'>Augusti-</span> 
     </span>
    </p>
   </div>
   <div class='ocr_carea' id='block_1_79' title="bbox 135 5948 1709 6016">
    <p class='ocr_par' dir='ltr' id='par_1_79' title="bbox 135 5948 1709 6016">
     <span class='ocr_line' id='line_1_79' title="bbox 135 5948 1709 6016; baseline 0.005 -18"><span class='ocrx_word' id='word_1_598' title='bbox 135 5952 203 5993; x_wconf 84' lang='lat' dir='ltr'>no</span> <span class='ocrx_word' id='word_1_599' title='bbox 233 5948 622 6010; x_wconf 86' lang='lat' dir='ltr'>emendamus,</span> <span class='ocrx_word' id='word_1_600' title='bbox 648 5954 713 6002; x_wconf 88' lang='lat' dir='ltr'>ut</span> <span class='ocrx_word' id='word_1_601' title='bbox 756 5955 815 6003; x_wconf 91' lang='lat' dir='ltr'>et</span> <span class='ocrx_word' id='word_1_602' title='bbox 848 5962 987 6002; x_wconf 83' lang='lat' dir='ltr'>mox</span> <span class='ocrx_word' id='word_1_603' title='bbox 1021 5951 1469 6016; x_wconf 78' lang='lat' dir='ltr'>praenuntiatum,</span> <span class='ocrx_word' id='word_1_604' title='bbox 1519 5964 1618 6016; x_wconf 90' lang='lat' dir='ltr'>pro</span> <span class='ocrx_word' id='word_1_605' title='bbox 1642 5965 1709 6006; x_wconf 91' lang='lat' dir='ltr'>eo</span> 
     </span>
    </p>
   </div>
   <div class='ocr_carea' id='block_1_80' title="bbox 1758 1903 1813 1978">
    <p class='ocr_par' dir='ltr' id='par_1_80' title="bbox 1758 1903 1813 1978">
     <span class='ocr_line' id='line_1_80' title="bbox 1758 1903 1813 1978; baseline 0 0"><span class='ocrx_word' id='word_1_606' title='bbox 1758 1903 1813 1978; x_wconf 93' lang='lat' dir='ltr'><strong>B</strong></span> 
     </span>
    </p>
   </div>
   <div class='ocr_carea' id='block_1_81' title="bbox 1846 607 3443 681">
    <p class='ocr_par' dir='ltr' id='par_1_81' title="bbox 1846 607 3443 681">
     <span class='ocr_line' id='line_1_81' title="bbox 1846 607 3443 681; baseline 0.008 -24"><span class='ocrx_word' id='word_1_607' title='bbox 1846 607 2002 658; x_wconf 75' lang='lat' dir='ltr'>niam</span> <span class='ocrx_word' id='word_1_608' title='bbox 2052 621 2257 662; x_wconf 90' lang='lat' dir='ltr'>servus</span> <span class='ocrx_word' id='word_1_609' title='bbox 2302 621 2468 662; x_wconf 88' lang='lat' dir='ltr'>meus</span> <span class='ocrx_word' id='word_1_610' title='bbox 2513 625 2573 664; x_wconf 90' lang='lat' dir='ltr'>es</span> <span class='ocrx_word' id='word_1_611' title='bbox 2627 618 2709 677; x_wconf 90' lang='lat' dir='ltr'>tu,</span> <span class='ocrx_word' id='word_1_612' title='bbox 2740 616 2924 668; x_wconf 88' lang='lat' dir='ltr'>totum</span> <span class='ocrx_word' id='word_1_613' title='bbox 2955 615 3246 681; x_wconf 91' lang='lat' dir='ltr'>peculium</span> <span class='ocrx_word' id='word_1_614' title='bbox 3277 607 3443 670; x_wconf 85' lang='lat' dir='ltr'>tuum</span> 
     </span>
    </p>
   </div>
   <div class='ocr_carea' id='block_1_82' title="bbox 1846 684 2175 732">
    <p class='ocr_par' dir='ltr' id='par_1_82' title="bbox 1846 684 2175 732">
     <span class='ocr_line' id='line_1_82' title="bbox 1846 684 2175 732; baseline 0.009 -3"><span class='ocrx_word' id='word_1_615' title='bbox 1846 690 2041 730; x_wconf 91' lang='lat' dir='ltr'>meum</span> <span class='ocrx_word' id='word_1_616' title='bbox 2071 684 2175 732; x_wconf 87' lang='lat' dir='ltr'>est.</span> 
     </span>
    </p>
   </div>
   <div class='ocr_carea' id='block_1_83' title="bbox 1909 749 3444 825">
    <p class='ocr_par' dir='ltr' id='par_1_83' title="bbox 1909 749 3444 825">
     <span class='ocr_line' id='line_1_83' title="bbox 1909 749 3444 825; baseline 0.007 -22"><span class='ocrx_word' id='word_1_617' title='bbox 1909 749 1997 825; x_wconf 71' lang='lat'>11.</span> <span class='ocrx_word' id='word_1_618' title='bbox 2025 750 2261 814; x_wconf 86' lang='lat' dir='ltr'>Cognovi</span> <span class='ocrx_word' id='word_1_619' title='bbox 2296 752 2487 825; x_wconf 75' lang='lat' dir='ltr'>omnia</span> <span class='ocrx_word' id='word_1_620' title='bbox 2529 752 2772 825; x_wconf 63' lang='lat' dir='ltr'>uolatilia</span> <span class='ocrx_word' id='word_1_621' title='bbox 2813 757 2941 807; x_wconf 70' lang='lat' dir='ltr'>caeli.</span> <span class='ocrx_word' id='word_1_622' title='bbox 2966 758 3031 809; x_wconf 91' lang='lat' dir='ltr'>Id</span> <span class='ocrx_word' id='word_1_623' title='bbox 3060 763 3169 821; x_wconf 89' lang='lat' dir='ltr'>est,</span> <span class='ocrx_word' id='word_1_624' title='bbox 3194 761 3444 825; x_wconf 87' lang='lat' dir='ltr'>appendi</span> 
     </span>
    </p>
   </div>
   <div class='ocr_carea' id='block_1_84' title="bbox 1845 821 3441 892">
    <p class='ocr_par' dir='ltr' id='par_1_84' title="bbox 1845 821 3441 892">
     <span class='ocr_line' id='line_1_84' title="bbox 1845 821 3441 892; baseline 0.008 -22"><span class='ocrx_word' id='word_1_625' title='bbox 1845 821 2039 892; x_wconf 88' lang='lat' dir='ltr'>omnia</span> <span class='ocrx_word' id='word_1_626' title='bbox 2067 826 2125 873; x_wconf 91' lang='lat' dir='ltr'>et</span> <span class='ocrx_word' id='word_1_627' title='bbox 2147 823 2465 874; x_wconf 89' lang='lat' dir='ltr'>numeravi.</span> <span class='ocrx_word' id='word_1_628' title='bbox 2492 821 2620 874; x_wconf 87' lang='lat' dir='ltr'>Alia</span> <span class='ocrx_word' id='word_1_629' title='bbox 2643 830 2731 876; x_wconf 93' lang='lat' dir='ltr'>est</span> <span class='ocrx_word' id='word_1_630' title='bbox 2747 827 2951 878; x_wconf 88' lang='lat' dir='ltr'>notitia</span> <span class='ocrx_word' id='word_1_631' title='bbox 2977 829 3098 892; x_wconf 91' lang='lat' dir='ltr'>Dei,</span> <span class='ocrx_word' id='word_1_632' title='bbox 3124 821 3441 883; x_wconf 41' lang='lat' dir='ltr'>alia—homi-</span> 
     </span>
    </p>
   </div>
   <div class='ocr_carea' id='block_1_85' title="bbox 1843 891 3443 961">
    <p class='ocr_par' dir='ltr' id='par_1_85' title="bbox 1843 891 3443 961">
     <span class='ocr_line' id='line_1_85' title="bbox 1843 891 3443 961; baseline 0.008 -20"><span class='ocrx_word' id='word_1_633' title='bbox 1843 891 1951 941; x_wconf 90' lang='lat' dir='ltr'>nis.</span> <span class='ocrx_word' id='word_1_634' title='bbox 1979 891 2138 942; x_wconf 90' lang='lat' dir='ltr'>Sicut</span> <span class='ocrx_word' id='word_1_635' title='bbox 2180 893 2287 953; x_wconf 72' lang='lat' dir='ltr'>(Ex</span> <span class='ocrx_word' id='word_1_636' title='bbox 2325 893 2459 954; x_wconf 83' lang='lat' dir='ltr'>cod.)</span> <span class='ocrx_word' id='word_1_637' title='bbox 2483 892 2639 944; x_wconf 87' lang='lat' dir='ltr'>aliud</span> <span class='ocrx_word' id='word_1_638' title='bbox 2678 899 2768 946; x_wconf 90' lang='lat' dir='ltr'>est</span> <span class='ocrx_word' id='word_1_639' title='bbox 2811 891 3104 958; x_wconf 88' lang='lat' dir='ltr'>possidere</span> <span class='ocrx_word' id='word_1_640' title='bbox 3144 901 3262 961; x_wconf 83' lang='lat' dir='ltr'>Dei,</span> <span class='ocrx_word' id='word_1_641' title='bbox 3288 901 3443 952; x_wconf 91' lang='lat' dir='ltr'>aliud</span> 
     </span>
    </p>
   </div>
   <div class='ocr_carea' id='block_1_86' title="bbox 1843 961 3443 1033">
    <p class='ocr_par' dir='ltr' id='par_1_86' title="bbox 1843 961 3443 1033">
     <span class='ocr_line' id='line_1_86' title="bbox 1843 961 3443 1033; baseline 0.008 -22"><span class='ocrx_word' id='word_1_642' title='bbox 1843 965 1934 1012; x_wconf 89' lang='lat' dir='ltr'>est</span> <span class='ocrx_word' id='word_1_643' title='bbox 1956 961 2249 1025; x_wconf 90' lang='lat' dir='ltr'>possidere</span> <span class='ocrx_word' id='word_1_644' title='bbox 2272 963 2541 1015; x_wconf 89' lang='lat' dir='ltr'>hominis.</span> <span class='ocrx_word' id='word_1_645' title='bbox 2568 966 2696 1016; x_wconf 92' lang='lat' dir='ltr'>Non</span> <span class='ocrx_word' id='word_1_646' title='bbox 2720 965 2872 1017; x_wconf 91' lang='lat' dir='ltr'>enim</span> <span class='ocrx_word' id='word_1_647' title='bbox 2898 972 2978 1031; x_wconf 93' lang='lat' dir='ltr'>tu,</span> <span class='ocrx_word' id='word_1_648' title='bbox 3006 968 3161 1030; x_wconf 90' lang='lat' dir='ltr'>quod</span> <span class='ocrx_word' id='word_1_649' title='bbox 3180 972 3443 1033; x_wconf 87' lang='lat' dir='ltr'>possides</span> 
     </span>
    </p>
   </div>
   <div class='ocr_carea' id='block_1_87' title="bbox 1844 1033 3431 1100">
    <p class='ocr_par' dir='ltr' id='par_1_87' title="bbox 1844 1033 3431 1100">
     <span class='ocr_line' id='line_1_87' title="bbox 1844 1033 3431 1100; baseline 0.006 -17"><span class='ocrx_word' id='word_1_650' title='bbox 1844 1036 2031 1083; x_wconf 91' lang='lat' dir='ltr'>totum</span> <span class='ocrx_word' id='word_1_651' title='bbox 2058 1033 2239 1085; x_wconf 90' lang='lat' dir='ltr'>habes</span> <span class='ocrx_word' id='word_1_652' title='bbox 2274 1035 2335 1086; x_wconf 92' lang='lat' dir='ltr'>in</span> <span class='ocrx_word' id='word_1_653' title='bbox 2380 1038 2702 1099; x_wconf 88' lang='lat' dir='ltr'>potestate:</span> <span class='ocrx_word' id='word_1_654' title='bbox 2756 1042 2821 1088; x_wconf 90' lang='lat' dir='ltr'>ut</span> <span class='ocrx_word' id='word_1_655' title='bbox 2850 1038 3107 1100; x_wconf 90' lang='lat' dir='ltr'>quandiu</span> <span class='ocrx_word' id='word_1_656' title='bbox 3146 1041 3298 1091; x_wconf 87' lang='lat' dir='ltr'>vivat</span> <span class='ocrx_word' id='word_1_657' title='bbox 3329 1042 3431 1093; x_wconf 90' lang='lat' dir='ltr'>bos</span> 
     </span>
    </p>
   </div>
   <div class='ocr_carea' id='block_1_88' title="bbox 1843 1104 3444 1169">
    <p class='ocr_par' dir='ltr' id='par_1_88' title="bbox 1843 1104 3444 1169">
     <span class='ocr_line' id='line_1_88' title="bbox 1843 1104 3444 1169; baseline 0.006 -16"><span class='ocrx_word' id='word_1_658' title='bbox 1843 1108 1998 1166; x_wconf 91' lang='lat' dir='ltr'>tuus,</span> <span class='ocrx_word' id='word_1_659' title='bbox 2041 1104 2102 1155; x_wconf 91' lang='lat' dir='ltr'>in</span> <span class='ocrx_word' id='word_1_660' title='bbox 2144 1108 2431 1169; x_wconf 88' lang='lat' dir='ltr'>potestare</span> <span class='ocrx_word' id='word_1_661' title='bbox 2475 1109 2575 1157; x_wconf 88' lang='lat' dir='ltr'>tua</span> <span class='ocrx_word' id='word_1_662' title='bbox 2619 1111 2723 1159; x_wconf 91' lang='lat' dir='ltr'>est.</span> <span class='ocrx_word' id='word_1_663' title='bbox 2767 1108 2907 1159; x_wconf 80' lang='lat' dir='ltr'>Haec</span> <span class='ocrx_word' id='word_1_664' title='bbox 2942 1108 3196 1160; x_wconf 84' lang='lat' dir='ltr'>volatilia</span> <span class='ocrx_word' id='word_1_665' title='bbox 3219 1110 3346 1162; x_wconf 62' lang='lat' dir='ltr'>caeli</span> <span class='ocrx_word' id='word_1_666' title='bbox 3374 1111 3444 1163; x_wconf 91' lang='lat' dir='ltr'>de</span> 
     </span>
    </p>
   </div>
   <div class='ocr_carea' id='block_1_89' title="bbox 1841 1176 3447 1237">
    <p class='ocr_par' dir='ltr' id='par_1_89' title="bbox 1841 1176 3447 1237">
     <span class='ocr_line' id='line_1_89' title="bbox 1841 1176 3447 1237; baseline 0.006 -13"><span class='ocrx_word' id='word_1_667' title='bbox 1841 1184 1994 1237; x_wconf 90' lang='lat' dir='ltr'>aqua</span> <span class='ocrx_word' id='word_1_668' title='bbox 2016 1178 2151 1226; x_wconf 90' lang='lat' dir='ltr'>nata</span> <span class='ocrx_word' id='word_1_669' title='bbox 2175 1177 2312 1227; x_wconf 91' lang='lat' dir='ltr'>sunt</span> <span class='ocrx_word' id='word_1_670' title='bbox 2327 1187 2361 1227; x_wconf 88' lang='lat' dir='ltr'>a</span> <span class='ocrx_word' id='word_1_671' title='bbox 2385 1176 2560 1227; x_wconf 89' lang='lat' dir='ltr'>verbo</span> <span class='ocrx_word' id='word_1_672' title='bbox 2584 1177 3068 1230; x_wconf 89' lang='lat' dir='ltr'>Dominidicentis</span> <span class='ocrx_word' id='word_1_673' title='bbox 3088 1196 3098 1227; x_wconf 78' lang='grc' dir='ltr'>ε</span> <span class='ocrx_word' id='word_1_674' title='bbox 3120 1180 3447 1233; x_wconf 88' lang='lat' dir='ltr'>Producant</span> 
     </span>
    </p>
   </div>
   <div class='ocr_carea' id='block_1_90' title="bbox 1840 1245 3445 1314">
    <p class='ocr_par' dir='ltr' id='par_1_90' title="bbox 1840 1245 3445 1314">
     <span class='ocr_line' id='line_1_90' title="bbox 1840 1245 3445 1314; baseline 0.005 -19"><span class='ocrx_word' id='word_1_675' title='bbox 1840 1256 2009 1308; x_wconf 77' lang='lat' dir='ltr'>aquae</span> <span class='ocrx_word' id='word_1_676' title='bbox 2056 1246 2309 1297; x_wconf 89' lang='lat' dir='ltr'>volatilia</span> <span class='ocrx_word' id='word_1_677' title='bbox 2352 1245 2707 1309; x_wconf 74' lang='lat' dir='ltr'>ca31i(Genes.</span> <span class='ocrx_word' id='word_1_678' title='bbox 2764 1246 2848 1311; x_wconf 84' lang='grc'>1.).</span> <span class='ocrx_word' id='word_1_679' title='bbox 2876 1248 2984 1300; x_wconf 92' lang='lat' dir='ltr'>Ubi</span> <span class='ocrx_word' id='word_1_680' title='bbox 3028 1256 3287 1313; x_wconf 88' lang='lat' dir='ltr'>noverat,</span> <span class='ocrx_word' id='word_1_681' title='bbox 3312 1263 3445 1314; x_wconf 83' lang='lat' dir='ltr'>quae</span> 
     </span>
    </p>
   </div>
   <div class='ocr_carea' id='block_1_91' title="bbox 1838 1316 3447 1383">
    <p class='ocr_par' dir='ltr' id='par_1_91' title="bbox 1838 1316 3447 1383">
     <span class='ocr_line' id='line_1_91' title="bbox 1838 1316 3447 1383; baseline 0.006 -17"><span class='ocrx_word' id='word_1_682' title='bbox 1838 1316 2235 1380; x_wconf 88' lang='lat' dir='ltr'>imperaverat,</span> <span class='ocrx_word' id='word_1_683' title='bbox 2262 1322 2326 1368; x_wconf 91' lang='lat' dir='ltr'>ut</span> <span class='ocrx_word' id='word_1_684' title='bbox 2349 1330 2518 1382; x_wconf 81' lang='lat' dir='ltr'>aquae</span> <span class='ocrx_word' id='word_1_685' title='bbox 2547 1318 2914 1383; x_wconf 78' lang='lat' dir='ltr'>proferrent?</span> <span class='ocrx_word' id='word_1_686' title='bbox 2936 1321 3067 1372; x_wconf 88' lang='lat' dir='ltr'>Jam</span> <span class='ocrx_word' id='word_1_687' title='bbox 3091 1326 3244 1373; x_wconf 90' lang='lat' dir='ltr'>certe</span> <span class='ocrx_word' id='word_1_688' title='bbox 3265 1335 3447 1375; x_wconf 90' lang='lat' dir='ltr'>nove-</span> 
     </span>
    </p>
   </div>
   <div class='ocr_carea' id='block_1_92' title="bbox 1840 1387 3443 1454">
    <p class='ocr_par' dir='ltr' id='par_1_92' title="bbox 1840 1387 3443 1454">
     <span class='ocr_line' id='line_1_92' title="bbox 1840 1387 3443 1454; baseline 0.006 -17"><span class='ocrx_word' id='word_1_689' title='bbox 1840 1391 1945 1450; x_wconf 90' lang='lat' dir='ltr'>rat,</span> <span class='ocrx_word' id='word_1_690' title='bbox 1972 1387 2128 1450; x_wconf 92' lang='lat' dir='ltr'>quod</span> <span class='ocrx_word' id='word_1_691' title='bbox 2158 1392 2450 1439; x_wconf 88' lang='lat' dir='ltr'>creaverat</span> <span class='ocrx_word' id='word_1_692' title='bbox 2473 1392 2532 1440; x_wconf 89' lang='lat' dir='ltr'>et</span> <span class='ocrx_word' id='word_1_693' title='bbox 2574 1393 2885 1452; x_wconf 89' lang='lat' dir='ltr'>antequam</span> <span class='ocrx_word' id='word_1_694' title='bbox 2917 1395 3149 1454; x_wconf 88' lang='lat' dir='ltr'>crearet,</span> <span class='ocrx_word' id='word_1_695' title='bbox 3185 1398 3443 1446; x_wconf 88' lang='lat' dir='ltr'>noverat.</span> 
     </span>
    </p>
   </div>
   <div class='ocr_carea' id='block_1_93' title="bbox 1838 1458 3443 1524">
    <p class='ocr_par' dir='ltr' id='par_1_93' title="bbox 1838 1458 3443 1524">
     <span class='ocr_line' id='line_1_93' title="bbox 1838 1458 3443 1524; baseline 0.003 -16"><span class='ocrx_word' id='word_1_696' title='bbox 1838 1458 2019 1509; x_wconf 85' lang='lat' dir='ltr'>Tanta</span> <span class='ocrx_word' id='word_1_697' title='bbox 2042 1471 2175 1523; x_wconf 89' lang='lat' dir='ltr'>ergo</span> <span class='ocrx_word' id='word_1_698' title='bbox 2188 1460 2392 1510; x_wconf 88' lang='lat' dir='ltr'>notitia</span> <span class='ocrx_word' id='word_1_699' title='bbox 2417 1460 2519 1511; x_wconf 90' lang='lat' dir='ltr'>Dei</span> <span class='ocrx_word' id='word_1_700' title='bbox 2536 1474 2547 1509; x_wconf 92' lang='lat'>:</span> <span class='ocrx_word' id='word_1_701' title='bbox 2567 1463 2634 1511; x_wconf 92' lang='lat' dir='ltr'>ut</span> <span class='ocrx_word' id='word_1_702' title='bbox 2646 1460 2800 1524; x_wconf 90' lang='lat' dir='ltr'>apud</span> <span class='ocrx_word' id='word_1_703' title='bbox 2817 1461 3009 1523; x_wconf 91' lang='lat' dir='ltr'>ipsum</span> <span class='ocrx_word' id='word_1_704' title='bbox 3020 1468 3218 1513; x_wconf 89' lang='lat' dir='ltr'>essent</span> <span class='ocrx_word' id='word_1_705' title='bbox 3228 1467 3443 1524; x_wconf 87' lang='lat' dir='ltr'>quodam</span> 
     </span>
    </p>
   </div>
   <div class='ocr_carea' id='block_1_94' title="bbox 1836 1527 3445 1593">
    <p class='ocr_par' dir='ltr' id='par_1_94' title="bbox 1836 1527 3445 1593">
     <span class='ocr_line' id='line_1_94' title="bbox 1836 1527 3445 1593; baseline 0.006 -15"><span class='ocrx_word' id='word_1_706' title='bbox 1836 1527 2107 1579; x_wconf 73' lang='lat' dir='ltr'>ineffabili</span> <span class='ocrx_word' id='word_1_707' title='bbox 2130 1529 2322 1593; x_wconf 92' lang='lat' dir='ltr'>modo,</span> <span class='ocrx_word' id='word_1_708' title='bbox 2347 1534 2662 1592; x_wconf 89' lang='lat' dir='ltr'>antequam</span> <span class='ocrx_word' id='word_1_709' title='bbox 2686 1535 2878 1581; x_wconf 89' lang='lat' dir='ltr'>creata</span> <span class='ocrx_word' id='word_1_710' title='bbox 2899 1536 3113 1583; x_wconf 88' lang='lat' dir='ltr'>essent.</span> <span class='ocrx_word' id='word_1_711' title='bbox 3132 1534 3203 1583; x_wconf 89' lang='lat' dir='ltr'>Et</span> <span class='ocrx_word' id='word_1_712' title='bbox 3223 1545 3258 1584; x_wconf 90' lang='lat' dir='ltr'>a</span> <span class='ocrx_word' id='word_1_713' title='bbox 3274 1539 3328 1585; x_wconf 91' lang='lat' dir='ltr'>te</span> <span class='ocrx_word' id='word_1_714' title='bbox 3340 1547 3445 1586; x_wconf 81' lang='lat' dir='ltr'>ex-</span> 
     </span>
    </p>
   </div>
   <div class='ocr_carea' id='block_1_95' title="bbox 1838 1600 3444 1664">
    <p class='ocr_par' dir='ltr' id='par_1_95' title="bbox 1838 1600 3444 1664">
     <span class='ocr_line' id='line_1_95' title="bbox 1838 1600 3444 1664; baseline 0.004 -14"><span class='ocrx_word' id='word_1_715' title='bbox 1838 1603 2045 1662; x_wconf 88' lang='lat' dir='ltr'>pectat,</span> <span class='ocrx_word' id='word_1_716' title='bbox 2070 1602 2136 1651; x_wconf 90' lang='lat' dir='ltr'>ut</span> <span class='ocrx_word' id='word_1_717' title='bbox 2157 1600 2413 1664; x_wconf 89' lang='lat' dir='ltr'>accipiat,</span> <span class='ocrx_word' id='word_1_718' title='bbox 2440 1600 2594 1663; x_wconf 90' lang='lat' dir='ltr'>quod</span> <span class='ocrx_word' id='word_1_719' title='bbox 2616 1605 2929 1664; x_wconf 89' lang='lat' dir='ltr'>antequam</span> <span class='ocrx_word' id='word_1_720' title='bbox 2953 1606 3243 1654; x_wconf 89' lang='lat' dir='ltr'>crearetur</span> <span class='ocrx_word' id='word_1_721' title='bbox 3264 1604 3444 1657; x_wconf 89' lang='lat' dir='ltr'>habe-</span> 
     </span>
    </p>
   </div>
   <div class='ocr_carea' id='block_1_96' title="bbox 1839 1671 3443 1738">
    <p class='ocr_par' dir='ltr' id='par_1_96' title="bbox 1839 1671 3443 1738">
     <span class='ocr_line' id='line_1_96' title="bbox 1839 1671 3443 1738; baseline 0.004 -17"><span class='ocrx_word' id='word_1_722' title='bbox 1839 1671 1954 1721; x_wconf 86' lang='lat' dir='ltr'>bat.</span> <span class='ocrx_word' id='word_1_723' title='bbox 1994 1671 2061 1720; x_wconf 78' lang='lat' dir='ltr'>Et</span> <span class='ocrx_word' id='word_1_724' title='bbox 2085 1671 2436 1735; x_wconf 79' lang='lat' dir='ltr'>pulchritudo</span> <span class='ocrx_word' id='word_1_725' title='bbox 2481 1673 2604 1735; x_wconf 82' lang='lat' dir='ltr'>agri</span> <span class='ocrx_word' id='word_1_726' title='bbox 2629 1686 2835 1721; x_wconf 85' lang='lat' dir='ltr'>mecum</span> <span class='ocrx_word' id='word_1_727' title='bbox 2859 1678 2947 1724; x_wconf 84' lang='lat' dir='ltr'>est.</span> <span class='ocrx_word' id='word_1_728' title='bbox 2982 1674 3047 1723; x_wconf 90' lang='lat' dir='ltr'>Id</span> <span class='ocrx_word' id='word_1_729' title='bbox 3073 1678 3181 1738; x_wconf 82' lang='lat' dir='ltr'>est,</span> <span class='ocrx_word' id='word_1_730' title='bbox 3208 1676 3443 1728; x_wconf 86' lang='lat' dir='ltr'>ubertas</span> 
     </span>
    </p>
   </div>
   <div class='ocr_carea' id='block_1_97' title="bbox 1838 1741 3442 1806">
    <p class='ocr_par' dir='ltr' id='par_1_97' title="bbox 1838 1741 3442 1806">
     <span class='ocr_line' id='line_1_97' title="bbox 1838 1741 3442 1806; baseline 0.004 -15"><span class='ocrx_word' id='word_1_731' title='bbox 1838 1741 2096 1793; x_wconf 90' lang='lat' dir='ltr'>omnium</span> <span class='ocrx_word' id='word_1_732' title='bbox 2119 1743 2180 1792; x_wconf 90' lang='lat' dir='ltr'>in</span> <span class='ocrx_word' id='word_1_733' title='bbox 2205 1747 2353 1793; x_wconf 88' lang='lat' dir='ltr'>terra</span> <span class='ocrx_word' id='word_1_734' title='bbox 2388 1742 2750 1806; x_wconf 88' lang='lat' dir='ltr'>gignentium</span> <span class='ocrx_word' id='word_1_735' title='bbox 2774 1755 3005 1793; x_wconf 91' lang='lat' dir='ltr'>mecum</span> <span class='ocrx_word' id='word_1_736' title='bbox 3040 1748 3146 1795; x_wconf 88' lang='lat' dir='ltr'>est.</span> <span class='ocrx_word' id='word_1_737' title='bbox 3182 1747 3323 1797; x_wconf 89' lang='lat' dir='ltr'>Cum</span> <span class='ocrx_word' id='word_1_738' title='bbox 3346 1747 3442 1799; x_wconf 80' lang='lat' dir='ltr'>illo</span> 
     </span>
    </p>
   </div>
   <div class='ocr_carea' id='block_1_98' title="bbox 1837 1812 3441 1881">
    <p class='ocr_par' dir='ltr' id='par_1_98' title="bbox 1837 1812 3441 1881">
     <span class='ocr_line' id='line_1_98' title="bbox 1837 1812 3441 1881; baseline 0.004 -18"><span class='ocrx_word' id='word_1_739' title='bbox 1837 1824 1987 1876; x_wconf 85' lang='lat' dir='ltr'>ager,</span> <span class='ocrx_word' id='word_1_740' title='bbox 2021 1826 2154 1864; x_wconf 92' lang='lat' dir='ltr'>cum</span> <span class='ocrx_word' id='word_1_741' title='bbox 2193 1812 2287 1864; x_wconf 91' lang='lat' dir='ltr'>illo</span> <span class='ocrx_word' id='word_1_742' title='bbox 2312 1814 2532 1877; x_wconf 89' lang='lat' dir='ltr'>species</span> <span class='ocrx_word' id='word_1_743' title='bbox 2556 1816 2748 1877; x_wconf 65' lang='lat' dir='ltr'>terrae,</span> <span class='ocrx_word' id='word_1_744' title='bbox 2773 1826 2906 1864; x_wconf 91' lang='lat' dir='ltr'>cum</span> <span class='ocrx_word' id='word_1_745' title='bbox 2930 1815 3028 1865; x_wconf 91' lang='lat' dir='ltr'>illo</span> <span class='ocrx_word' id='word_1_746' title='bbox 3051 1815 3270 1878; x_wconf 90' lang='lat' dir='ltr'>species</span> <span class='ocrx_word' id='word_1_747' title='bbox 3294 1817 3441 1881; x_wconf 69' lang='lat' dir='ltr'>caeli,</span> 
     </span>
    </p>
   </div>
   <div class='ocr_carea' id='block_1_99' title="bbox 1838 1884 3445 1942">
    <p class='ocr_par' dir='ltr' id='par_1_99' title="bbox 1838 1884 3445 1942">
     <span class='ocr_line' id='line_1_99' title="bbox 1838 1884 3445 1942; baseline 0.006 -8"><span class='ocrx_word' id='word_1_748' title='bbox 1838 1895 1969 1934; x_wconf 91' lang='lat' dir='ltr'>cum</span> <span class='ocrx_word' id='word_1_749' title='bbox 2007 1884 2103 1935; x_wconf 93' lang='lat' dir='ltr'>illo</span> <span class='ocrx_word' id='word_1_750' title='bbox 2145 1884 2338 1935; x_wconf 91' lang='lat' dir='ltr'>omnia</span> <span class='ocrx_word' id='word_1_751' title='bbox 2371 1884 2625 1937; x_wconf 86' lang='lat' dir='ltr'>volatilia</span> <span class='ocrx_word' id='word_1_752' title='bbox 2670 1885 2798 1936; x_wconf 70' lang='lat' dir='ltr'>caeli</span> <span class='ocrx_word' id='word_1_753' title='bbox 2848 1889 2907 1937; x_wconf 90' lang='lat' dir='ltr'>et</span> <span class='ocrx_word' id='word_1_754' title='bbox 2950 1886 3140 1937; x_wconf 90' lang='lat' dir='ltr'>omnis</span> <span class='ocrx_word' id='word_1_755' title='bbox 3184 1893 3445 1942; x_wconf 85' lang='lat' dir='ltr'>creatura</span> 
     </span>
    </p>
   </div>
   <div class='ocr_carea' id='block_1_100' title="bbox 1837 1954 3191 2022">
    <p class='ocr_par' dir='ltr' id='par_1_100' title="bbox 1837 1954 3191 2022">
     <span class='ocr_line' id='line_1_100' title="bbox 1837 1954 3191 2022; baseline 0.004 -19"><span class='ocrx_word' id='word_1_756' title='bbox 1837 1954 2049 2019; x_wconf 79' lang='lat' dir='ltr'>(Jcrem.</span> <span class='ocrx_word' id='word_1_757' title='bbox 2073 1954 2201 2019; x_wconf 53' lang='lat'>$3.),</span> <span class='ocrx_word' id='word_1_758' title='bbox 2226 1956 2498 2019; x_wconf 90' lang='lat' dir='ltr'>quoniam</span> <span class='ocrx_word' id='word_1_759' title='bbox 2536 1955 2754 2018; x_wconf 90' lang='lat' dir='ltr'>ubique</span> <span class='ocrx_word' id='word_1_760' title='bbox 2777 1960 2868 2007; x_wconf 91' lang='lat' dir='ltr'>est</span> <span class='ocrx_word' id='word_1_761' title='bbox 2892 1956 3069 2019; x_wconf 87' lang='lat' dir='ltr'>(Joan.</span> <span class='ocrx_word' id='word_1_762' title='bbox 3096 1957 3191 2022; x_wconf 89' lang='lat'>1.).</span> 
     </span>
    </p>
   </div>
   <div class='ocr_carea' id='block_1_101' title="bbox 1899 2023 3442 2094">
    <p class='ocr_par' dir='ltr' id='par_1_101' title="bbox 1899 2023 3442 2094">
     <span class='ocr_line' id='line_1_101' title="bbox 1899 2023 3442 2094; baseline 0.005 -16"><span class='ocrx_word' id='word_1_763' title='bbox 1899 2023 2060 2079; x_wconf 72' lang='grc' dir='ltr'>12.Ξί</span> <span class='ocrx_word' id='word_1_764' title='bbox 2082 2027 2336 2087; x_wconf 77' lang='lat' dir='ltr'>esuriem,</span> <span class='ocrx_word' id='word_1_765' title='bbox 2357 2042 2469 2075; x_wconf 86' lang='lat' dir='ltr'>non</span> <span class='ocrx_word' id='word_1_766' title='bbox 2500 2026 2681 2075; x_wconf 87' lang='lat' dir='ltr'>dicam</span> <span class='ocrx_word' id='word_1_767' title='bbox 2706 2025 2818 2074; x_wconf 83' lang='lat' dir='ltr'>tibi.</span> <span class='ocrx_word' id='word_1_768' title='bbox 2847 2029 2974 2078; x_wconf 86' lang='lat' dir='ltr'>Non</span> <span class='ocrx_word' id='word_1_769' title='bbox 3015 2030 3231 2081; x_wconf 85' lang='lat' dir='ltr'>esuriet</span> <span class='ocrx_word' id='word_1_770' title='bbox 3250 2043 3442 2094; x_wconf 91' lang='lat' dir='ltr'>neque</span> 
     </span>
    </p>
   </div>
   <div class='ocr_carea' id='block_1_102' title="bbox 1837 2096 3445 2163">
    <p class='ocr_par' dir='ltr' id='par_1_102' title="bbox 1837 2096 3445 2163">
     <span class='ocr_line' id='line_1_102' title="bbox 1837 2096 3445 2163; baseline 0.006 -17"><span class='ocrx_word' id='word_1_771' title='bbox 1837 2096 2006 2154; x_wconf 88' lang='lat' dir='ltr'>sitiet,</span> <span class='ocrx_word' id='word_1_772' title='bbox 2032 2110 2151 2148; x_wconf 91' lang='lat' dir='ltr'>non</span> <span class='ocrx_word' id='word_1_773' title='bbox 2166 2098 2669 2161; x_wconf 87' lang='lat' dir='ltr'>laborabit,neque</span> <span class='ocrx_word' id='word_1_774' title='bbox 2692 2097 3041 2163; x_wconf 86' lang='lat' dir='ltr'>dormitabit,</span> <span class='ocrx_word' id='word_1_775' title='bbox 3068 2101 3167 2162; x_wconf 90' lang='lat' dir='ltr'>qui</span> <span class='ocrx_word' id='word_1_776' title='bbox 3190 2104 3445 2156; x_wconf 89' lang='lat' dir='ltr'>custodit</span> 
     </span>
    </p>
   </div>
   <div class='ocr_carea' id='block_1_103' title="bbox 1836 2166 3442 2231">
    <p class='ocr_par' dir='ltr' id='par_1_103' title="bbox 1836 2166 3442 2231">
     <span class='ocr_line' id='line_1_103' title="bbox 1836 2166 3442 2231; baseline 0.005 -14"><span class='ocrx_word' id='word_1_777' title='bbox 1836 2166 2011 2219; x_wconf 89' lang='lat' dir='ltr'>Israel</span> <span class='ocrx_word' id='word_1_778' title='bbox 2035 2167 2139 2231; x_wconf 87' lang='lat' dir='ltr'>(Ps.</span> <span class='ocrx_word' id='word_1_779' title='bbox 2169 2166 2332 2231; x_wconf 75' lang='lat'>120.).</span> <span class='ocrx_word' id='word_1_780' title='bbox 2369 2168 2479 2219; x_wconf 89' lang='lat' dir='ltr'>Sed</span> <span class='ocrx_word' id='word_1_781' title='bbox 2500 2167 2522 2196; x_wconf 67' lang='grc' dir='ltr'><strong><em>ἀ</em></strong></span> <span class='ocrx_word' id='word_1_782' title='bbox 2553 2168 2680 2219; x_wconf 72' lang='lat' dir='ltr'>haec</span> <span class='ocrx_word' id='word_1_783' title='bbox 2710 2170 3032 2219; x_wconf 89' lang='lat' dir='ltr'>secundum</span> <span class='ocrx_word' id='word_1_784' title='bbox 3056 2173 3442 2225; x_wconf 90' lang='lat' dir='ltr'>carnalitatem</span> 
     </span>
    </p>
   </div>
   <div class='ocr_carea' id='block_1_104' title="bbox 1839 2239 3441 2305">
    <p class='ocr_par' dir='ltr' id='par_1_104' title="bbox 1839 2239 3441 2305">
     <span class='ocr_line' id='line_1_104' title="bbox 1839 2239 3441 2305; baseline 0.003 -17"><span class='ocrx_word' id='word_1_785' title='bbox 1839 2242 1995 2289; x_wconf 89' lang='lat' dir='ltr'>tuam</span> <span class='ocrx_word' id='word_1_786' title='bbox 2012 2239 2165 2289; x_wconf 89' lang='lat' dir='ltr'>dicta</span> <span class='ocrx_word' id='word_1_787' title='bbox 2181 2245 2321 2290; x_wconf 87' lang='lat' dir='ltr'>sunt</span> <span class='ocrx_word' id='word_1_788' title='bbox 2336 2253 2348 2289; x_wconf 88' lang='lat'>:</span> <span class='ocrx_word' id='word_1_789' title='bbox 2363 2239 2498 2301; x_wconf 88' lang='lat' dir='ltr'>quia</span> <span class='ocrx_word' id='word_1_790' title='bbox 2512 2243 2574 2289; x_wconf 93' lang='lat' dir='ltr'>tu</span> <span class='ocrx_word' id='word_1_791' title='bbox 2586 2244 2897 2302; x_wconf 88' lang='lat' dir='ltr'>antequam</span> <span class='ocrx_word' id='word_1_792' title='bbox 2910 2240 3248 2305; x_wconf 88' lang='lat' dir='ltr'>manduces,</span> <span class='ocrx_word' id='word_1_793' title='bbox 3259 2246 3441 2293; x_wconf 84' lang='lat' dir='ltr'>famem</span> 
     </span>
    </p>
   </div>
   <div class='ocr_carea' id='block_1_105' title="bbox 1836 2309 3437 2373">
    <p class='ocr_par' dir='ltr' id='par_1_105' title="bbox 1836 2309 3437 2373">
     <span class='ocr_line' id='line_1_105' title="bbox 1836 2309 3437 2373; baseline 0.004 -14"><span class='ocrx_word' id='word_1_794' title='bbox 1836 2310 2070 2373; x_wconf 83' lang='lat' dir='ltr'>pateris,</span> <span class='ocrx_word' id='word_1_795' title='bbox 2096 2309 2239 2361; x_wconf 83' lang='lat' dir='ltr'>forte</span> <span class='ocrx_word' id='word_1_796' title='bbox 2262 2312 2453 2373; x_wconf 89' lang='lat' dir='ltr'>putas,</span> <span class='ocrx_word' id='word_1_797' title='bbox 2480 2313 2537 2360; x_wconf 90' lang='lat' dir='ltr'>et</span> <span class='ocrx_word' id='word_1_798' title='bbox 2561 2311 2745 2360; x_wconf 88' lang='lat' dir='ltr'>Deum</span> <span class='ocrx_word' id='word_1_799' title='bbox 2766 2310 3001 2372; x_wconf 89' lang='lat' dir='ltr'>esurire,</span> <span class='ocrx_word' id='word_1_800' title='bbox 3026 2315 3089 2362; x_wconf 89' lang='lat' dir='ltr'>ut</span> <span class='ocrx_word' id='word_1_801' title='bbox 3113 2313 3437 2366; x_wconf 88' lang='lat' dir='ltr'>manducet.</span> 
     </span>
    </p>
   </div>
   <div class='ocr_carea' id='block_1_106' title="bbox 1840 2380 3437 2444">
    <p class='ocr_par' dir='ltr' id='par_1_106' title="bbox 1840 2380 3437 2444">
     <span class='ocr_line' id='line_1_106' title="bbox 1840 2380 3437 2444; baseline 0.002 -13"><span class='ocrx_word' id='word_1_802' title='bbox 1840 2380 2016 2431; x_wconf 86' lang='lat' dir='ltr'>Etiam</span> <span class='ocrx_word' id='word_1_803' title='bbox 2043 2381 2091 2431; x_wconf 90' lang='lat' dir='ltr'>si</span> <span class='ocrx_word' id='word_1_804' title='bbox 2116 2393 2247 2431; x_wconf 91' lang='lat' dir='ltr'>esse</span> <span class='ocrx_word' id='word_1_805' title='bbox 2280 2385 2498 2444; x_wconf 87' lang='lat' dir='ltr'>posset,</span> <span class='ocrx_word' id='word_1_806' title='bbox 2535 2385 2602 2431; x_wconf 91' lang='lat' dir='ltr'>ut</span> <span class='ocrx_word' id='word_1_807' title='bbox 2640 2381 2906 2438; x_wconf 87' lang='lat' dir='ltr'>esuriret,</span> <span class='ocrx_word' id='word_1_808' title='bbox 2929 2393 3048 2433; x_wconf 93' lang='lat' dir='ltr'>non</span> <span class='ocrx_word' id='word_1_809' title='bbox 3080 2382 3293 2435; x_wconf 90' lang='lat' dir='ltr'>diceret</span> <span class='ocrx_word' id='word_1_810' title='bbox 3317 2385 3437 2436; x_wconf 91' lang='lat' dir='ltr'>tibi.</span> 
     </span>
    </p>
   </div>
   <div class='ocr_carea' id='block_1_107' title="bbox 1836 2450 3443 2514">
    <p class='ocr_par' dir='ltr' id='par_1_107' title="bbox 1836 2450 3443 2514">
     <span class='ocr_line' id='line_1_107' title="bbox 1836 2450 3443 2514; baseline 0.003 -12"><span class='ocrx_word' id='word_1_811' title='bbox 1836 2450 2042 2503; x_wconf 89' lang='lat' dir='ltr'>Omnia</span> <span class='ocrx_word' id='word_1_812' title='bbox 2066 2463 2200 2513; x_wconf 69' lang='lat' dir='ltr'>quia</span> <span class='ocrx_word' id='word_1_813' title='bbox 2227 2454 2363 2502; x_wconf 90' lang='lat' dir='ltr'>ante</span> <span class='ocrx_word' id='word_1_814' title='bbox 2388 2450 2553 2501; x_wconf 88' lang='lat' dir='ltr'>illum</span> <span class='ocrx_word' id='word_1_815' title='bbox 2582 2455 2741 2512; x_wconf 90' lang='lat' dir='ltr'>sunt,</span> <span class='ocrx_word' id='word_1_816' title='bbox 2767 2451 2920 2501; x_wconf 90' lang='lat' dir='ltr'>unde</span> <span class='ocrx_word' id='word_1_817' title='bbox 2944 2453 3088 2514; x_wconf 91' lang='lat' dir='ltr'>vult,</span> <span class='ocrx_word' id='word_1_818' title='bbox 3116 2453 3276 2505; x_wconf 89' lang='lat' dir='ltr'>tollit.</span> <span class='ocrx_word' id='word_1_819' title='bbox 3291 2454 3443 2507; x_wconf 91' lang='lat' dir='ltr'>Nihil</span> 
     </span>
    </p>
   </div>
   <div class='ocr_carea' id='block_1_108' title="bbox 1833 2522 3441 2576">
    <p class='ocr_par' dir='ltr' id='par_1_108' title="bbox 1833 2522 3441 2576">
     <span class='ocr_line' id='line_1_108' title="bbox 1833 2522 3441 2576; baseline 0.002 -4"><span class='ocrx_word' id='word_1_820' title='bbox 1833 2522 1915 2574; x_wconf 83' lang='lat' dir='ltr'>illi</span> <span class='ocrx_word' id='word_1_821' title='bbox 1958 2522 2353 2574; x_wconf 85' lang='lat' dir='ltr'>necessarium</span> <span class='ocrx_word' id='word_1_822' title='bbox 2377 2527 2486 2573; x_wconf 92' lang='lat' dir='ltr'>est.</span> <span class='ocrx_word' id='word_1_823' title='bbox 2522 2524 2593 2572; x_wconf 83' lang='lat' dir='ltr'>Et</span> <span class='ocrx_word' id='word_1_824' title='bbox 2622 2523 2749 2572; x_wconf 89' lang='lat' dir='ltr'>ideo</span> <span class='ocrx_word' id='word_1_825' title='bbox 2774 2522 2971 2574; x_wconf 85' lang='lat' dir='ltr'>subdit</span> <span class='ocrx_word' id='word_1_826' title='bbox 2997 2540 3007 2571; x_wconf 94' lang='lat'>:</span> <span class='ocrx_word' id='word_1_827' title='bbox 3034 2526 3184 2573; x_wconf 85' lang='lat' dir='ltr'>Meus</span> <span class='ocrx_word' id='word_1_828' title='bbox 3199 2530 3268 2575; x_wconf 76' lang='lat' dir='ltr'>est</span> <span class='ocrx_word' id='word_1_829' title='bbox 3294 2527 3441 2576; x_wconf 80' lang='lat' dir='ltr'>enim</span> 
     </span>
    </p>
   </div>
   <div class='ocr_carea' id='block_1_109' title="bbox 1834 2591 3437 2659">
    <p class='ocr_par' dir='ltr' id='par_1_109' title="bbox 1834 2591 3437 2659">
     <span class='ocr_line' id='line_1_109' title="bbox 1834 2591 3437 2659; baseline 0.004 -17"><span class='ocrx_word' id='word_1_830' title='bbox 1834 2592 1978 2642; x_wconf 74' lang='lat' dir='ltr'>orbis</span> <span class='ocrx_word' id='word_1_831' title='bbox 1999 2598 2165 2656; x_wconf 69' lang='lat' dir='ltr'>(erras,</span> <span class='ocrx_word' id='word_1_832' title='bbox 2188 2597 2234 2640; x_wconf 82' lang='lat' dir='ltr'>et</span> <span class='ocrx_word' id='word_1_833' title='bbox 2244 2592 2525 2655; x_wconf 84' lang='lat' dir='ltr'>plenitudo</span> <span class='ocrx_word' id='word_1_834' title='bbox 2550 2592 2681 2655; x_wconf 84' lang='lat' dir='ltr'>ejus.</span> <span class='ocrx_word' id='word_1_835' title='bbox 2698 2591 2823 2643; x_wconf 91' lang='lat' dir='ltr'>Noli</span> <span class='ocrx_word' id='word_1_836' title='bbox 2846 2605 2980 2656; x_wconf 89' lang='lat' dir='ltr'>ergo</span> <span class='ocrx_word' id='word_1_837' title='bbox 2992 2593 3437 2659; x_wconf 85' lang='lat' dir='ltr'>laborare,quod</span> 
     </span>
    </p>
   </div>
   <div class='ocr_carea' id='block_1_110' title="bbox 1834 2661 3124 2725">
    <p class='ocr_par' dir='ltr' id='par_1_110' title="bbox 1834 2661 3124 2725">
     <span class='ocr_line' id='line_1_110' title="bbox 1834 2661 3124 2725; baseline -0.003 -8"><span class='ocrx_word' id='word_1_838' title='bbox 1834 2664 1978 2717; x_wconf 91' lang='lat' dir='ltr'>mihi</span> <span class='ocrx_word' id='word_1_839' title='bbox 2013 2663 2117 2714; x_wconf 90' lang='lat' dir='ltr'>des</span> <span class='ocrx_word' id='word_1_840' title='bbox 2142 2679 2156 2711; x_wconf 91' lang='lat'>:</span> <span class='ocrx_word' id='word_1_841' title='bbox 2184 2665 2310 2713; x_wconf 89' lang='lat' dir='ltr'>sine</span> <span class='ocrx_word' id='word_1_842' title='bbox 2343 2661 2539 2714; x_wconf 88' lang='lat' dir='ltr'>labore</span> <span class='ocrx_word' id='word_1_843' title='bbox 2573 2662 2776 2725; x_wconf 86' lang='lat' dir='ltr'>habeo,</span> <span class='ocrx_word' id='word_1_844' title='bbox 2797 2664 2952 2725; x_wconf 90' lang='lat' dir='ltr'>quod</span> <span class='ocrx_word' id='word_1_845' title='bbox 2978 2664 3124 2715; x_wconf 88' lang='lat' dir='ltr'>volo.</span> 
     </span>
    </p>
   </div>
   <div class='ocr_carea' id='block_1_111' title="bbox 1898 2730 3443 2797">
    <p class='ocr_par' dir='ltr' id='par_1_111' title="bbox 1898 2730 3443 2797">
     <span class='ocr_line' id='line_1_111' title="bbox 1898 2730 3443 2797; baseline 0.003 -15"><span class='ocrx_word' id='word_1_846' title='bbox 1898 2734 1981 2788; x_wconf 82' lang='lat'>13.</span> <span class='ocrx_word' id='word_1_847' title='bbox 2011 2734 2284 2797; x_wconf 81' lang='lat' dir='ltr'>Nunquid</span> <span class='ocrx_word' id='word_1_848' title='bbox 2300 2730 2639 2781; x_wconf 82' lang='lat' dir='ltr'>manducabo</span> <span class='ocrx_word' id='word_1_849' title='bbox 2656 2748 2844 2781; x_wconf 83' lang='lat' dir='ltr'>carnes</span> <span class='ocrx_word' id='word_1_850' title='bbox 2866 2734 3191 2783; x_wconf 75' lang='lat' dir='ltr'>taurorum?</span> <span class='ocrx_word' id='word_1_851' title='bbox 3207 2741 3413 2786; x_wconf 80' lang='lat' dir='ltr'>aulsan</span> <span class='ocrx_word' id='word_1_852' title='bbox 3425 2763 3443 2777; x_wconf 84' lang='lat'><strong><em>-</em></strong></span> 
     </span>
    </p>
   </div>
   <div class='ocr_carea' id='block_1_112' title="bbox 1833 2802 3437 2871">
    <p class='ocr_par' dir='ltr' id='par_1_112' title="bbox 1833 2802 3437 2871">
     <span class='ocr_line' id='line_1_112' title="bbox 1833 2802 3437 2871; baseline 0.004 -18"><span class='ocrx_word' id='word_1_853' title='bbox 1833 2807 2056 2871; x_wconf 79' lang='lat' dir='ltr'>guinem</span> <span class='ocrx_word' id='word_1_854' title='bbox 2083 2805 2363 2853; x_wconf 75' lang='lat' dir='ltr'>hircorum</span> <span class='ocrx_word' id='word_1_855' title='bbox 2390 2802 2582 2868; x_wconf 77' lang='lat' dir='ltr'>potabo</span> <span class='ocrx_word' id='word_1_856' title='bbox 2607 2806 2631 2853; x_wconf 80' lang='lat'><strong><em>?</em></strong></span> <span class='ocrx_word' id='word_1_857' title='bbox 2655 2803 2795 2863; x_wconf 82' lang='lat' dir='ltr'>Quia</span> <span class='ocrx_word' id='word_1_858' title='bbox 2819 2804 2929 2854; x_wconf 88' lang='lat' dir='ltr'>ista</span> <span class='ocrx_word' id='word_1_859' title='bbox 2960 2816 3079 2855; x_wconf 90' lang='lat' dir='ltr'>non</span> <span class='ocrx_word' id='word_1_860' title='bbox 3102 2807 3332 2871; x_wconf 57' lang='lat' dir='ltr'>quaeris,</span> <span class='ocrx_word' id='word_1_861' title='bbox 3345 2808 3437 2860; x_wconf 88' lang='lat' dir='ltr'>die</span> 
     </span>
    </p>
   </div>
   <div class='ocr_carea' id='block_1_113' title="bbox 1835 2873 3436 2941">
    <p class='ocr_par' dir='ltr' id='par_1_113' title="bbox 1835 2873 3436 2941">
     <span class='ocr_line' id='line_1_113' title="bbox 1835 2873 3436 2941; baseline 0.001 -12"><span class='ocrx_word' id='word_1_862' title='bbox 1835 2889 1970 2941; x_wconf 90' lang='lat' dir='ltr'>ergo</span> <span class='ocrx_word' id='word_1_863' title='bbox 1994 2892 2008 2924; x_wconf 93' lang='lat'>:</span> <span class='ocrx_word' id='word_1_864' title='bbox 2035 2875 2277 2927; x_wconf 91' lang='lat' dir='ltr'>Domine</span> <span class='ocrx_word' id='word_1_865' title='bbox 2305 2877 2457 2927; x_wconf 92' lang='lat' dir='ltr'>Deus</span> <span class='ocrx_word' id='word_1_866' title='bbox 2472 2879 2685 2938; x_wconf 88' lang='lat' dir='ltr'>noster,</span> <span class='ocrx_word' id='word_1_867' title='bbox 2701 2874 2836 2938; x_wconf 91' lang='lat' dir='ltr'>quid</span> <span class='ocrx_word' id='word_1_868' title='bbox 2854 2873 3018 2937; x_wconf 91' lang='lat' dir='ltr'>velis,</span> <span class='ocrx_word' id='word_1_869' title='bbox 3037 2879 3099 2926; x_wconf 91' lang='lat' dir='ltr'>ut</span> <span class='ocrx_word' id='word_1_870' title='bbox 3121 2877 3321 2930; x_wconf 86' lang='lat' dir='ltr'>oﬁ‘erat</span> <span class='ocrx_word' id='word_1_871' title='bbox 3336 2880 3436 2932; x_wconf 88' lang='lat' dir='ltr'>tibi</span> 
     </span>
    </p>
   </div>
   <div class='ocr_carea' id='block_1_114' title="bbox 1836 2944 3039 3011">
    <p class='ocr_par' dir='ltr' id='par_1_114' title="bbox 1836 2944 3039 3011">
     <span class='ocr_line' id='line_1_114' title="bbox 1836 2944 3039 3011; baseline -0.003 -13"><span class='ocrx_word' id='word_1_872' title='bbox 1836 2946 2082 3011; x_wconf 89' lang='lat' dir='ltr'>populus</span> <span class='ocrx_word' id='word_1_873' title='bbox 2114 2950 2251 2997; x_wconf 90' lang='lat' dir='ltr'>tuus</span> <span class='ocrx_word' id='word_1_874' title='bbox 2276 2946 2466 2996; x_wconf 87' lang='lat' dir='ltr'>Israel.</span> <span class='ocrx_word' id='word_1_875' title='bbox 2493 2944 2764 3007; x_wconf 91' lang='lat' dir='ltr'>Sequitur</span> <span class='ocrx_word' id='word_1_876' title='bbox 2784 2949 2843 2995; x_wconf 89' lang='lat' dir='ltr'>et</span> <span class='ocrx_word' id='word_1_877' title='bbox 2865 2945 3002 2996; x_wconf 91' lang='lat' dir='ltr'>dicit</span> <span class='ocrx_word' id='word_1_878' title='bbox 3026 2960 3039 2994; x_wconf 90' lang='lat'>:</span> 
     </span>
    </p>
   </div>
   <div class='ocr_carea' id='block_1_115' title="bbox 1898 3015 3435 3079">
    <p class='ocr_par' dir='ltr' id='par_1_115' title="bbox 1898 3015 3435 3079">
     <span class='ocr_line' id='line_1_115' title="bbox 1898 3015 3435 3079; baseline 0.005 -13"><span class='ocrx_word' id='word_1_879' title='bbox 1898 3018 1981 3072; x_wconf 72' lang='grc'>14.</span> <span class='ocrx_word' id='word_1_880' title='bbox 2003 3017 2231 3066; x_wconf 83' lang='lat' dir='ltr'>Immola</span> <span class='ocrx_word' id='word_1_881' title='bbox 2254 3017 2361 3065; x_wconf 88' lang='lat' dir='ltr'>Deo</span> <span class='ocrx_word' id='word_1_882' title='bbox 2381 3016 2714 3079; x_wconf 82' lang='lat' dir='ltr'>sacriﬁicum</span> <span class='ocrx_word' id='word_1_883' title='bbox 2734 3015 2934 3067; x_wconf 78' lang='lat' dir='ltr'>laudis.</span> <span class='ocrx_word' id='word_1_884' title='bbox 2967 3016 3246 3070; x_wconf 82' lang='lat' dir='ltr'>Interiora</span> <span class='ocrx_word' id='word_1_885' title='bbox 3267 3021 3435 3073; x_wconf 87' lang='lat' dir='ltr'>sacri-</span> 
     </span>
    </p>
   </div>
   <div class='ocr_carea' id='block_1_116' title="bbox 1834 3087 3437 3153">
    <p class='ocr_par' dir='ltr' id='par_1_116' title="bbox 1834 3087 3437 3153">
     <span class='ocr_line' id='line_1_116' title="bbox 1834 3087 3437 3153; baseline 0.002 -13"><span class='ocrx_word' id='word_1_886' title='bbox 1834 3090 1965 3141; x_wconf 90' lang='lat' dir='ltr'>ﬁcia</span> <span class='ocrx_word' id='word_1_887' title='bbox 1993 3101 2219 3153; x_wconf 90' lang='lat' dir='ltr'>semper</span> <span class='ocrx_word' id='word_1_888' title='bbox 2242 3089 2367 3148; x_wconf 90' lang='lat' dir='ltr'>plus</span> <span class='ocrx_word' id='word_1_889' title='bbox 2390 3087 2573 3150; x_wconf 87' lang='lat' dir='ltr'>diligit</span> <span class='ocrx_word' id='word_1_890' title='bbox 2607 3088 2777 3137; x_wconf 92' lang='lat' dir='ltr'>Deus.</span> <span class='ocrx_word' id='word_1_891' title='bbox 2808 3087 2989 3152; x_wconf 86' lang='lat' dir='ltr'>Magis</span> <span class='ocrx_word' id='word_1_892' title='bbox 3012 3090 3167 3140; x_wconf 91' lang='lat' dir='ltr'>enim</span> <span class='ocrx_word' id='word_1_893' title='bbox 3189 3092 3437 3144; x_wconf 87' lang='lat' dir='ltr'>attendit</span> 
     </span>
    </p>
   </div>
   <div class='ocr_carea' id='block_1_117' title="bbox 1826 3158 3432 3223">
    <p class='ocr_par' dir='ltr' id='par_1_117' title="bbox 1826 3158 3432 3223">
     <span class='ocr_line' id='line_1_117' title="bbox 1826 3158 3432 3223; baseline 0.001 -10"><span class='ocrx_word' id='word_1_894' title='bbox 1826 3162 2095 3214; x_wconf 82' lang='lat' dir='ltr'>aﬁ‘ectum</span> <span class='ocrx_word' id='word_1_895' title='bbox 2105 3170 2300 3223; x_wconf 89' lang='lat' dir='ltr'>,quam</span> <span class='ocrx_word' id='word_1_896' title='bbox 2314 3158 2713 3210; x_wconf 71' lang='lat' dir='ltr'>censudeeo</span> <span class='ocrx_word' id='word_1_897' title='bbox 2726 3158 2987 3222; x_wconf 90' lang='lat' dir='ltr'>protinus</span> <span class='ocrx_word' id='word_1_898' title='bbox 2999 3159 3178 3212; x_wconf 89' lang='lat' dir='ltr'>addit.</span> <span class='ocrx_word' id='word_1_899' title='bbox 3191 3162 3259 3210; x_wconf 86' lang='lat' dir='ltr'>Et</span> <span class='ocrx_word' id='word_1_900' title='bbox 3275 3163 3432 3214; x_wconf 77' lang='lat' dir='ltr'>redde</span> 
     </span>
    </p>
   </div>
   <div class='ocr_carea' id='block_1_118' title="bbox 1827 3230 3431 3298">
    <p class='ocr_par' dir='ltr' id='par_1_118' title="bbox 1827 3230 3431 3298">
     <span class='ocr_line' id='line_1_118' title="bbox 1827 3230 3431 3298; baseline 0.002 -16"><span class='ocrx_word' id='word_1_901' title='bbox 1827 3232 2090 3281; x_wconf 77' lang='lat' dir='ltr'>altissimo</span> <span class='ocrx_word' id='word_1_902' title='bbox 2108 3236 2227 3279; x_wconf 82' lang='lat' dir='ltr'>vota</span> <span class='ocrx_word' id='word_1_903' title='bbox 2260 3235 2373 3281; x_wconf 78' lang='lat' dir='ltr'>tua.</span> <span class='ocrx_word' id='word_1_904' title='bbox 2397 3230 2481 3281; x_wconf 78' lang='lat' dir='ltr'>Sit</span> <span class='ocrx_word' id='word_1_905' title='bbox 2503 3240 2601 3298; x_wconf 89' lang='lat' dir='ltr'>ara</span> <span class='ocrx_word' id='word_1_906' title='bbox 2632 3233 2730 3281; x_wconf 90' lang='lat' dir='ltr'>tua</span> <span class='ocrx_word' id='word_1_907' title='bbox 2752 3230 3108 3281; x_wconf 89' lang='lat' dir='ltr'>conscientia</span> <span class='ocrx_word' id='word_1_908' title='bbox 3132 3235 3247 3283; x_wconf 90' lang='lat' dir='ltr'>tua.</span> <span class='ocrx_word' id='word_1_909' title='bbox 3273 3235 3431 3298; x_wconf 81' lang='lat' dir='ltr'>Ignis</span> 
     </span>
    </p>
   </div>
   <div class='ocr_carea' id='block_1_119' title="bbox 1756 3297 3430 3388">
    <p class='ocr_par' dir='ltr' id='par_1_119' title="bbox 1756 3297 3430 3388">
     <span class='ocr_line' id='line_1_119' title="bbox 1756 3297 3430 3388; baseline 0.002 -35"><span class='ocrx_word' id='word_1_910' title='bbox 1756 3314 1804 3388; x_wconf 68' lang='grc' dir='ltr'><strong>ρ</strong></span> <span class='ocrx_word' id='word_1_911' title='bbox 1830 3307 1968 3388; x_wconf 40' lang='grc' dir='ltr'>ξυιξε</span> <span class='ocrx_word' id='word_1_912' title='bbox 1980 3314 2154 3388; x_wconf 54' lang='lat' dir='ltr'>amor</span> <span class='ocrx_word' id='word_1_913' title='bbox 2175 3300 2424 3388; x_wconf 68' lang='lat' dir='ltr'>divinus.</span> <span class='ocrx_word' id='word_1_914' title='bbox 2656 3302 3008 3388; x_wconf 67' lang='lat' dir='ltr'>Sacriﬁcium</span> <span class='ocrx_word' id='word_1_915' title='bbox 3040 3305 3207 3388; x_wconf 82' lang='lat' dir='ltr'>tuum</span> <span class='ocrx_word' id='word_1_916' title='bbox 3226 3297 3430 3385; x_wconf 71' lang='lat' dir='ltr'>laudes</span> 
     </span>
    </p>
   </div>
   <div class='ocr_carea' id='block_1_120' title="bbox 1828 3372 3431 3440">
    <p class='ocr_par' dir='ltr' id='par_1_120' title="bbox 1828 3372 3431 3440">
     <span class='ocr_line' id='line_1_120' title="bbox 1828 3372 3431 3440; baseline 0.001 -15"><span class='ocrx_word' id='word_1_917' title='bbox 1828 3373 1950 3425; x_wconf 93' lang='lat' dir='ltr'>Dei.</span> <span class='ocrx_word' id='word_1_918' title='bbox 1978 3373 2069 3424; x_wconf 89' lang='lat' dir='ltr'>Sic</span> <span class='ocrx_word' id='word_1_919' title='bbox 2099 3383 2234 3435; x_wconf 90' lang='lat' dir='ltr'>ergo</span> <span class='ocrx_word' id='word_1_920' title='bbox 2268 3372 2454 3422; x_wconf 88' lang='lat' dir='ltr'>Deum</span> <span class='ocrx_word' id='word_1_921' title='bbox 2490 3374 2663 3422; x_wconf 85' lang='lat' dir='ltr'>lauda</span> <span class='ocrx_word' id='word_1_922' title='bbox 2684 3372 2747 3423; x_wconf 90' lang='lat' dir='ltr'>in</span> <span class='ocrx_word' id='word_1_923' title='bbox 2788 3373 2958 3423; x_wconf 89' lang='lat' dir='ltr'>corde</span> <span class='ocrx_word' id='word_1_924' title='bbox 2982 3376 3101 3436; x_wconf 91' lang='lat' dir='ltr'>tuo,</span> <span class='ocrx_word' id='word_1_925' title='bbox 3126 3378 3193 3425; x_wconf 90' lang='lat' dir='ltr'>ut</span> <span class='ocrx_word' id='word_1_926' title='bbox 3220 3375 3283 3425; x_wconf 90' lang='lat' dir='ltr'>in</span> <span class='ocrx_word' id='word_1_927' title='bbox 3304 3376 3431 3440; x_wconf 89' lang='lat' dir='ltr'>ipsa</span> 
     </span>
    </p>
   </div>
   <div class='ocr_carea' id='block_1_121' title="bbox 1830 3441 3430 3511">
    <p class='ocr_par' dir='ltr' id='par_1_121' title="bbox 1830 3441 3430 3511">
     <span class='ocr_line' id='line_1_121' title="bbox 1830 3441 3430 3511; baseline 0.001 -15"><span class='ocrx_word' id='word_1_928' title='bbox 1830 3445 2115 3497; x_wconf 85' lang='lat' dir='ltr'>oblatione</span> <span class='ocrx_word' id='word_1_929' title='bbox 2141 3441 2328 3495; x_wconf 88' lang='lat' dir='ltr'>laudis</span> <span class='ocrx_word' id='word_1_930' title='bbox 2380 3442 2660 3507; x_wconf 83' lang='lat' dir='ltr'>spirituali</span> <span class='ocrx_word' id='word_1_931' title='bbox 2705 3444 2839 3507; x_wconf 89' lang='lat' dir='ltr'>igne</span> <span class='ocrx_word' id='word_1_932' title='bbox 2867 3455 3148 3495; x_wconf 89' lang='lat' dir='ltr'>accensus</span> <span class='ocrx_word' id='word_1_933' title='bbox 3178 3446 3430 3511; x_wconf 89' lang='lat' dir='ltr'>teipsum</span> 
     </span>
    </p>
   </div>
   <div class='ocr_carea' id='block_1_122' title="bbox 1829 3513 3429 3575">
    <p class='ocr_par' dir='ltr' id='par_1_122' title="bbox 1829 3513 3429 3575">
     <span class='ocr_line' id='line_1_122' title="bbox 1829 3513 3429 3575; baseline 0 -7"><span class='ocrx_word' id='word_1_934' title='bbox 1829 3516 2093 3568; x_wconf 90' lang='lat' dir='ltr'>immoles</span> <span class='ocrx_word' id='word_1_935' title='bbox 2110 3518 2169 3566; x_wconf 92' lang='lat' dir='ltr'>et</span> <span class='ocrx_word' id='word_1_936' title='bbox 2190 3513 2521 3575; x_wconf 88' lang='lat' dir='ltr'>mortiﬁces,</span> <span class='ocrx_word' id='word_1_937' title='bbox 2540 3518 2599 3565; x_wconf 90' lang='lat' dir='ltr'>et</span> <span class='ocrx_word' id='word_1_938' title='bbox 2617 3515 2902 3566; x_wconf 76' lang='lat' dir='ltr'>sacriﬁcas</span> <span class='ocrx_word' id='word_1_939' title='bbox 2920 3516 3055 3566; x_wconf 91' lang='lat' dir='ltr'>Deo.</span> <span class='ocrx_word' id='word_1_940' title='bbox 3073 3517 3300 3569; x_wconf 88' lang='lat' dir='ltr'>Etbene</span> <span class='ocrx_word' id='word_1_941' title='bbox 3313 3534 3429 3568; x_wconf 88' lang='lat' dir='ltr'>cum</span> 
     </span>
    </p>
   </div>
   <div class='ocr_carea' id='block_1_123' title="bbox 1831 3585 3428 3651">
    <p class='ocr_par' dir='ltr' id='par_1_123' title="bbox 1831 3585 3428 3651">
     <span class='ocr_line' id='line_1_123' title="bbox 1831 3585 3428 3651; baseline -0.001 -11"><span class='ocrx_word' id='word_1_942' title='bbox 1831 3588 2108 3640; x_wconf 88' lang='lat' dir='ltr'>sacriﬁcio</span> <span class='ocrx_word' id='word_1_943' title='bbox 2125 3585 2489 3650; x_wconf 78' lang='lat' dir='ltr'>praecipimus</span> <span class='ocrx_word' id='word_1_944' title='bbox 2514 3592 2717 3639; x_wconf 86' lang='lat' dir='ltr'>votum</span> <span class='ocrx_word' id='word_1_945' title='bbox 2734 3586 2969 3639; x_wconf 88' lang='lat' dir='ltr'>reddere</span> <span class='ocrx_word' id='word_1_946' title='bbox 2982 3585 3284 3641; x_wconf 90' lang='lat' dir='ltr'>altissimo.</span> <span class='ocrx_word' id='word_1_947' title='bbox 3306 3592 3428 3651; x_wconf 86' lang='lat' dir='ltr'>Nam</span> 
     </span>
    </p>
   </div>
   <div class='ocr_carea' id='block_1_124' title="bbox 1830 3657 3428 3726">
    <p class='ocr_par' dir='ltr' id='par_1_124' title="bbox 1830 3657 3428 3726">
     <span class='ocr_line' id='line_1_124' title="bbox 1830 3657 3428 3726; baseline 0.002 -15"><span class='ocrx_word' id='word_1_948' title='bbox 1830 3658 2152 3711; x_wconf 90' lang='lat' dir='ltr'>secundum</span> <span class='ocrx_word' id='word_1_949' title='bbox 2176 3660 2310 3709; x_wconf 88' lang='lat' dir='ltr'>vota</span> <span class='ocrx_word' id='word_1_950' title='bbox 2331 3661 2538 3721; x_wconf 91' lang='lat' dir='ltr'>pensat</span> <span class='ocrx_word' id='word_1_951' title='bbox 2560 3659 2715 3708; x_wconf 90' lang='lat' dir='ltr'>Deus</span> <span class='ocrx_word' id='word_1_952' title='bbox 2746 3657 3040 3709; x_wconf 85' lang='lat' dir='ltr'>sacriﬁcia.</span> <span class='ocrx_word' id='word_1_953' title='bbox 3067 3659 3250 3711; x_wconf 90' lang='lat' dir='ltr'>Tanto</span> <span class='ocrx_word' id='word_1_954' title='bbox 3272 3661 3428 3726; x_wconf 88' lang='lat' dir='ltr'>apud</span> 
     </span>
    </p>
   </div>
   <div class='ocr_carea' id='block_1_125' title="bbox 1828 3730 3425 3794">
    <p class='ocr_par' dir='ltr' id='par_1_125' title="bbox 1828 3730 3425 3794">
     <span class='ocr_line' id='line_1_125' title="bbox 1828 3730 3425 3794; baseline 0.001 -11"><span class='ocrx_word' id='word_1_955' title='bbox 1828 3733 2015 3783; x_wconf 91' lang='lat' dir='ltr'>Deum</span> <span class='ocrx_word' id='word_1_956' title='bbox 2057 3730 2247 3794; x_wconf 90' lang='lat' dir='ltr'>majus</span> <span class='ocrx_word' id='word_1_957' title='bbox 2272 3733 2378 3780; x_wconf 88' lang='lat' dir='ltr'>erit</span> <span class='ocrx_word' id='word_1_958' title='bbox 2415 3730 2761 3781; x_wconf 87' lang='lat' dir='ltr'>sacriﬁcium</span> <span class='ocrx_word' id='word_1_959' title='bbox 2799 3734 2980 3789; x_wconf 92' lang='lat' dir='ltr'>tuum,</span> <span class='ocrx_word' id='word_1_960' title='bbox 3036 3737 3256 3793; x_wconf 89' lang='lat' dir='ltr'>quanto</span> <span class='ocrx_word' id='word_1_961' title='bbox 3299 3746 3425 3785; x_wconf 86' lang='lat' dir='ltr'>ma-</span> 
     </span>
    </p>
   </div>
   <div class='ocr_carea' id='block_1_126' title="bbox 1821 3802 3427 3868">
    <p class='ocr_par' dir='ltr' id='par_1_126' title="bbox 1821 3802 3427 3868">
     <span class='ocr_line' id='line_1_126' title="bbox 1821 3802 3427 3868; baseline 0.001 -12"><span class='ocrx_word' id='word_1_962' title='bbox 1821 3804 2006 3868; x_wconf 90' lang='lat' dir='ltr'>jorem</span> <span class='ocrx_word' id='word_1_963' title='bbox 2031 3803 2091 3855; x_wconf 92' lang='lat' dir='ltr'>in</span> <span class='ocrx_word' id='word_1_964' title='bbox 2114 3804 2239 3867; x_wconf 90' lang='lat' dir='ltr'>ipso</span> <span class='ocrx_word' id='word_1_965' title='bbox 2264 3802 2543 3853; x_wconf 84' lang='lat' dir='ltr'>sacriﬁcio</span> <span class='ocrx_word' id='word_1_966' title='bbox 2565 3802 2840 3854; x_wconf 89' lang='lat' dir='ltr'>habueris</span> <span class='ocrx_word' id='word_1_967' title='bbox 2856 3804 3238 3856; x_wconf 81' lang='lat' dir='ltr'>devotionem.</span> <span class='ocrx_word' id='word_1_968' title='bbox 3265 3805 3427 3858; x_wconf 90' lang='lat' dir='ltr'>Unde</span> 
     </span>
    </p>
   </div>
   <div class='ocr_carea' id='block_1_127' title="bbox 1828 3872 3426 3940">
    <p class='ocr_par' dir='ltr' id='par_1_127' title="bbox 1828 3872 3426 3940">
     <span class='ocr_line' id='line_1_127' title="bbox 1828 3872 3426 3940; baseline 0.001 -12"><span class='ocrx_word' id='word_1_969' title='bbox 1828 3877 2106 3940; x_wconf 90' lang='lat' dir='ltr'>scriptum</span> <span class='ocrx_word' id='word_1_970' title='bbox 2136 3877 2258 3925; x_wconf 87' lang='lat' dir='ltr'>est:</span> <span class='ocrx_word' id='word_1_971' title='bbox 2294 3873 2433 3924; x_wconf 89' lang='lat' dir='ltr'>Fide</span> <span class='ocrx_word' id='word_1_972' title='bbox 2457 3872 2764 3936; x_wconf 88' lang='lat' dir='ltr'>plurimam</span> <span class='ocrx_word' id='word_1_973' title='bbox 2788 3872 3041 3925; x_wconf 87' lang='lat' dir='ltr'>hostiam</span> <span class='ocrx_word' id='word_1_974' title='bbox 3062 3875 3224 3936; x_wconf 80' lang='lat' dir='ltr'>Abel,</span> <span class='ocrx_word' id='word_1_975' title='bbox 3250 3890 3426 3940; x_wconf 81' lang='lat' dir='ltr'>quam</span> 
     </span>
    </p>
   </div>
   <div class='ocr_carea' id='block_1_128' title="bbox 1826 3944 3424 4007">
    <p class='ocr_par' dir='ltr' id='par_1_128' title="bbox 1826 3944 3424 4007">
     <span class='ocr_line' id='line_1_128' title="bbox 1826 3944 3424 4007; baseline -0.001 -6"><span class='ocrx_word' id='word_1_976' title='bbox 1826 3948 1964 4001; x_wconf 87' lang='lat' dir='ltr'>Cain</span> <span class='ocrx_word' id='word_1_977' title='bbox 2008 3944 2215 3997; x_wconf 90' lang='lat' dir='ltr'>obtulit</span> <span class='ocrx_word' id='word_1_978' title='bbox 2265 3946 2403 4007; x_wconf 90' lang='lat' dir='ltr'>Deo,</span> <span class='ocrx_word' id='word_1_979' title='bbox 2450 3956 2550 4007; x_wconf 90' lang='lat' dir='ltr'>per</span> <span class='ocrx_word' id='word_1_980' title='bbox 2589 3956 2766 4007; x_wconf 91' lang='lat' dir='ltr'>quam</span> <span class='ocrx_word' id='word_1_981' title='bbox 2797 3946 3189 3998; x_wconf 88' lang='lat' dir='ltr'>testimonium</span> <span class='ocrx_word' id='word_1_982' title='bbox 3223 3960 3424 4001; x_wconf 90' lang='lat' dir='ltr'>conse-</span> 
     </span>
    </p>
   </div>
   <div class='ocr_carea' id='block_1_129' title="bbox 1825 4014 3426 4082">
    <p class='ocr_par' dir='ltr' id='par_1_129' title="bbox 1825 4014 3426 4082">
     <span class='ocr_line' id='line_1_129' title="bbox 1825 4014 3426 4082; baseline 0.001 -12"><span class='ocrx_word' id='word_1_983' title='bbox 1825 4022 1996 4071; x_wconf 90' lang='lat' dir='ltr'>cutus</span> <span class='ocrx_word' id='word_1_984' title='bbox 2037 4020 2126 4067; x_wconf 91' lang='lat' dir='ltr'>est</span> <span class='ocrx_word' id='word_1_985' title='bbox 2162 4026 2293 4066; x_wconf 90' lang='lat' dir='ltr'>esse</span> <span class='ocrx_word' id='word_1_986' title='bbox 2327 4016 2526 4078; x_wconf 90' lang='lat' dir='ltr'>justus</span> <span class='ocrx_word' id='word_1_987' title='bbox 2567 4015 2740 4079; x_wconf 81' lang='lat' dir='ltr'>(Hebr.</span> <span class='ocrx_word' id='word_1_988' title='bbox 2781 4014 2907 4078; x_wconf 68' lang='lat'>14.).</span> <span class='ocrx_word' id='word_1_989' title='bbox 2950 4019 3056 4067; x_wconf 85' lang='lat' dir='ltr'>Cor</span> <span class='ocrx_word' id='word_1_990' title='bbox 3092 4030 3345 4082; x_wconf 86' lang='lat' dir='ltr'>namque</span> <span class='ocrx_word' id='word_1_991' title='bbox 3369 4021 3426 4071; x_wconf 87' lang='lat' dir='ltr'>et</span> 
     </span>
    </p>
   </div>
   <div class='ocr_carea' id='block_1_130' title="bbox 1823 4085 3423 4153">
    <p class='ocr_par' dir='ltr' id='par_1_130' title="bbox 1823 4085 3423 4153">
     <span class='ocr_line' id='line_1_130' title="bbox 1823 4085 3423 4153; baseline 0 -13"><span class='ocrx_word' id='word_1_992' title='bbox 1823 4101 1941 4141; x_wconf 90' lang='lat' dir='ltr'>non</span> <span class='ocrx_word' id='word_1_993' title='bbox 1955 4086 2341 4138; x_wconf 86' lang='lat' dir='ltr'>substantiam</span> <span class='ocrx_word' id='word_1_994' title='bbox 2355 4088 2559 4149; x_wconf 89' lang='lat' dir='ltr'>pensat</span> <span class='ocrx_word' id='word_1_995' title='bbox 2574 4088 2747 4137; x_wconf 91' lang='lat' dir='ltr'>Deus.</span> <span class='ocrx_word' id='word_1_996' title='bbox 2765 4085 2878 4136; x_wconf 88' lang='lat' dir='ltr'>Nec</span> <span class='ocrx_word' id='word_1_997' title='bbox 2902 4089 3217 4153; x_wconf 90' lang='lat' dir='ltr'>perpendit,</span> <span class='ocrx_word' id='word_1_998' title='bbox 3240 4101 3423 4152; x_wconf 90' lang='lat' dir='ltr'>quan-</span> 
     </span>
    </p>
   </div>
   <div class='ocr_carea' id='block_1_131' title="bbox 1826 4156 3421 4221">
    <p class='ocr_par' dir='ltr' id='par_1_131' title="bbox 1826 4156 3421 4221">
     <span class='ocr_line' id='line_1_131' title="bbox 1826 4156 3421 4221; baseline -0.003 -9"><span class='ocrx_word' id='word_1_999' title='bbox 1826 4165 1949 4212; x_wconf 89' lang='lat' dir='ltr'>tum</span> <span class='ocrx_word' id='word_1_1000' title='bbox 1972 4159 2032 4209; x_wconf 90' lang='lat' dir='ltr'>in</span> <span class='ocrx_word' id='word_1_1001' title='bbox 2053 4158 2102 4221; x_wconf 89' lang='lat' dir='ltr'>ej</span> <span class='ocrx_word' id='word_1_1002' title='bbox 2113 4169 2182 4208; x_wconf 91' lang='lat' dir='ltr'>us</span> <span class='ocrx_word' id='word_1_1003' title='bbox 2208 4156 2503 4217; x_wconf 86' lang='lat' dir='ltr'>sacriﬁcio,</span> <span class='ocrx_word' id='word_1_1004' title='bbox 2519 4156 2622 4208; x_wconf 91' lang='lat' dir='ltr'>sed</span> <span class='ocrx_word' id='word_1_1005' title='bbox 2633 4170 2705 4207; x_wconf 81' lang='lat' dir='ltr'>ex</span> <span class='ocrx_word' id='word_1_1006' title='bbox 2717 4162 2933 4220; x_wconf 88' lang='lat' dir='ltr'>quanto</span> <span class='ocrx_word' id='word_1_1007' title='bbox 2942 4158 3277 4221; x_wconf 88' lang='lat' dir='ltr'>proferatur.</span> <span class='ocrx_word' id='word_1_1008' title='bbox 3293 4164 3421 4209; x_wconf 82' lang='lat' dir='ltr'>Hinc</span> 
     </span>
    </p>
   </div>
   <div class='ocr_carea' id='block_1_132' title="bbox 1821 4227 3419 4294">
    <p class='ocr_par' dir='ltr' id='par_1_132' title="bbox 1821 4227 3419 4294">
     <span class='ocr_line' id='line_1_132' title="bbox 1821 4227 3419 4294; baseline 0 -13"><span class='ocrx_word' id='word_1_1009' title='bbox 1821 4229 1957 4281; x_wconf 87' lang='lat' dir='ltr'>alibi</span> <span class='ocrx_word' id='word_1_1010' title='bbox 1980 4228 2189 4280; x_wconf 91' lang='lat' dir='ltr'>dicitur</span> <span class='ocrx_word' id='word_1_1011' title='bbox 2210 4227 2270 4277; x_wconf 92' lang='lat' dir='ltr'>in</span> <span class='ocrx_word' id='word_1_1012' title='bbox 2302 4228 2555 4291; x_wconf 88' lang='lat' dir='ltr'>psalmo:</span> <span class='ocrx_word' id='word_1_1013' title='bbox 2578 4228 2640 4278; x_wconf 92' lang='lat' dir='ltr'>in</span> <span class='ocrx_word' id='word_1_1014' title='bbox 2676 4239 2771 4278; x_wconf 92' lang='lat' dir='ltr'>me</span> <span class='ocrx_word' id='word_1_1015' title='bbox 2796 4232 2936 4278; x_wconf 89' lang='lat' dir='ltr'>sunt</span> <span class='ocrx_word' id='word_1_1016' title='bbox 2963 4230 3119 4279; x_wconf 89' lang='lat' dir='ltr'>Deus</span> <span class='ocrx_word' id='word_1_1017' title='bbox 3144 4233 3280 4280; x_wconf 88' lang='lat' dir='ltr'>vota</span> <span class='ocrx_word' id='word_1_1018' title='bbox 3300 4234 3419 4294; x_wconf 88' lang='lat' dir='ltr'>tua,</span> 
     </span>
    </p>
   </div>
   <div class='ocr_carea' id='block_1_133' title="bbox 1821 4297 3419 4365">
    <p class='ocr_par' dir='ltr' id='par_1_133' title="bbox 1821 4297 3419 4365">
     <span class='ocr_line' id='line_1_133' title="bbox 1821 4297 3419 4365; baseline 0.001 -13"><span class='ocrx_word' id='word_1_1019' title='bbox 1821 4312 1954 4365; x_wconf 77' lang='lat' dir='ltr'>quae</span> <span class='ocrx_word' id='word_1_1020' title='bbox 1996 4298 2253 4361; x_wconf 90' lang='lat' dir='ltr'>reddam,</span> <span class='ocrx_word' id='word_1_1021' title='bbox 2307 4298 2662 4349; x_wconf 88' lang='lat' dir='ltr'>laudationes</span> <span class='ocrx_word' id='word_1_1022' title='bbox 2704 4298 2807 4349; x_wconf 85' lang='lat' dir='ltr'>tibi</span> <span class='ocrx_word' id='word_1_1023' title='bbox 2859 4298 3020 4361; x_wconf 82' lang='lat' dir='ltr'>(Psal.</span> <span class='ocrx_word' id='word_1_1024' title='bbox 3068 4297 3195 4362; x_wconf 81' lang='lat'>55.).</span> <span class='ocrx_word' id='word_1_1025' title='bbox 3242 4302 3327 4352; x_wconf 84' lang='lat' dir='ltr'>Ac</span> <span class='ocrx_word' id='word_1_1026' title='bbox 3371 4303 3419 4353; x_wconf 91' lang='lat' dir='ltr'>si</span> 
     </span>
    </p>
   </div>
   <div class='ocr_carea' id='block_1_134' title="bbox 1820 4369 3420 4436">
    <p class='ocr_par' dir='ltr' id='par_1_134' title="bbox 1820 4369 3420 4436">
     <span class='ocr_line' id='line_1_134' title="bbox 1820 4369 3420 4436; baseline -0.001 -12"><span class='ocrx_word' id='word_1_1027' title='bbox 1820 4377 2014 4436; x_wconf 88' lang='lat' dir='ltr'>aperte</span> <span class='ocrx_word' id='word_1_1028' title='bbox 2043 4370 2197 4421; x_wconf 89' lang='lat' dir='ltr'>dicat</span> <span class='ocrx_word' id='word_1_1029' title='bbox 2221 4384 2233 4419; x_wconf 90' lang='lat'>:</span> <span class='ocrx_word' id='word_1_1030' title='bbox 2265 4371 2333 4421; x_wconf 89' lang='lat' dir='ltr'>Et</span> <span class='ocrx_word' id='word_1_1031' title='bbox 2359 4369 2408 4419; x_wconf 89' lang='lat' dir='ltr'>si</span> <span class='ocrx_word' id='word_1_1032' title='bbox 2449 4369 2704 4419; x_wconf 80' lang='lat' dir='ltr'>exterius</span> <span class='ocrx_word' id='word_1_1033' title='bbox 2727 4381 2968 4420; x_wconf 88' lang='lat' dir='ltr'>munera</span> <span class='ocrx_word' id='word_1_1034' title='bbox 2990 4369 3278 4422; x_wconf 85' lang='lat' dir='ltr'>oﬁ&#39;erenda</span> <span class='ocrx_word' id='word_1_1035' title='bbox 3298 4384 3420 4424; x_wconf 90' lang='lat' dir='ltr'>non</span> 
     </span>
    </p>
   </div>
   <div class='ocr_carea' id='block_1_135' title="bbox 1819 4438 3418 4505">
    <p class='ocr_par' dir='ltr' id='par_1_135' title="bbox 1819 4438 3418 4505">
     <span class='ocr_line' id='line_1_135' title="bbox 1819 4438 3418 4505; baseline -0.001 -10"><span class='ocrx_word' id='word_1_1036' title='bbox 1819 4444 2025 4505; x_wconf 87' lang='lat' dir='ltr'>habeo,</span> <span class='ocrx_word' id='word_1_1037' title='bbox 2053 4444 2207 4492; x_wconf 89' lang='lat' dir='ltr'>intra</span> <span class='ocrx_word' id='word_1_1038' title='bbox 2247 4438 2653 4503; x_wconf 89' lang='lat' dir='ltr'>memetipsum</span> <span class='ocrx_word' id='word_1_1039' title='bbox 2680 4443 2873 4490; x_wconf 86' lang='lat' dir='ltr'>tamen</span> <span class='ocrx_word' id='word_1_1040' title='bbox 2895 4439 3143 4500; x_wconf 90' lang='lat' dir='ltr'>invenio,</span> <span class='ocrx_word' id='word_1_1041' title='bbox 3180 4444 3335 4505; x_wconf 90' lang='lat' dir='ltr'>quod</span> <span class='ocrx_word' id='word_1_1042' title='bbox 3358 4443 3418 4494; x_wconf 89' lang='lat' dir='ltr'>in</span> 
     </span>
    </p>
   </div>
   <div class='ocr_carea' id='block_1_136' title="bbox 1819 4510 3416 4574">
    <p class='ocr_par' dir='ltr' id='par_1_136' title="bbox 1819 4510 3416 4574">
     <span class='ocr_line' id='line_1_136' title="bbox 1819 4510 3416 4574; baseline 0 -8"><span class='ocrx_word' id='word_1_1043' title='bbox 1819 4526 1978 4566; x_wconf 89' lang='lat' dir='ltr'>aram</span> <span class='ocrx_word' id='word_1_1044' title='bbox 2003 4517 2118 4564; x_wconf 71' lang='lat' dir='ltr'>tute</span> <span class='ocrx_word' id='word_1_1045' title='bbox 2162 4511 2350 4562; x_wconf 89' lang='lat' dir='ltr'>laudis</span> <span class='ocrx_word' id='word_1_1046' title='bbox 2381 4511 2631 4574; x_wconf 91' lang='lat' dir='ltr'>impono.</span> <span class='ocrx_word' id='word_1_1047' title='bbox 2676 4512 2819 4571; x_wconf 89' lang='lat' dir='ltr'>Quia</span> <span class='ocrx_word' id='word_1_1048' title='bbox 2841 4510 2938 4573; x_wconf 90' lang='lat' dir='ltr'>qui</span> <span class='ocrx_word' id='word_1_1049' title='bbox 2965 4515 3162 4562; x_wconf 86' lang='lat' dir='ltr'>nostra</span> <span class='ocrx_word' id='word_1_1050' title='bbox 3182 4512 3416 4566; x_wconf 89' lang='lat' dir='ltr'>datione</span> 
     </span>
    </p>
   </div>
   <div class='ocr_carea' id='block_1_137' title="bbox 1818 4580 3416 4649">
    <p class='ocr_par' dir='ltr' id='par_1_137' title="bbox 1818 4580 3416 4649">
     <span class='ocr_line' id='line_1_137' title="bbox 1818 4580 3416 4649; baseline -0.003 -12"><span class='ocrx_word' id='word_1_1051' title='bbox 1818 4599 1939 4637; x_wconf 89' lang='lat' dir='ltr'>non</span> <span class='ocrx_word' id='word_1_1052' title='bbox 1968 4583 2237 4649; x_wconf 89' lang='lat' dir='ltr'>pasceris,</span> <span class='ocrx_word' id='word_1_1053' title='bbox 2263 4582 2553 4633; x_wconf 89' lang='lat' dir='ltr'>oblatione</span> <span class='ocrx_word' id='word_1_1054' title='bbox 2582 4581 2768 4631; x_wconf 88' lang='lat' dir='ltr'>cordis</span> <span class='ocrx_word' id='word_1_1055' title='bbox 2782 4580 2992 4632; x_wconf 91' lang='lat' dir='ltr'>melius</span> <span class='ocrx_word' id='word_1_1056' title='bbox 3021 4582 3285 4646; x_wconf 85' lang='lat' dir='ltr'>placaris.</span> <span class='ocrx_word' id='word_1_1057' title='bbox 3306 4585 3416 4633; x_wconf 84' lang='lat' dir='ltr'>Im-</span> 
     </span>
    </p>
   </div>
   <div class='ocr_carea' id='block_1_138' title="bbox 1820 4652 3414 4720">
    <p class='ocr_par' dir='ltr' id='par_1_138' title="bbox 1820 4652 3414 4720">
     <span class='ocr_line' id='line_1_138' title="bbox 1820 4652 3414 4720; baseline 0.001 -13"><span class='ocrx_word' id='word_1_1058' title='bbox 1820 4657 1983 4720; x_wconf 77' lang='lat' dir='ltr'>mola,</span> <span class='ocrx_word' id='word_1_1059' title='bbox 2010 4658 2268 4719; x_wconf 88' lang='lat' dir='ltr'>inquam,</span> <span class='ocrx_word' id='word_1_1060' title='bbox 2301 4654 2407 4702; x_wconf 86' lang='lat' dir='ltr'>Deo</span> <span class='ocrx_word' id='word_1_1061' title='bbox 2420 4652 2751 4716; x_wconf 79' lang='lat' dir='ltr'>sacrificium</span> <span class='ocrx_word' id='word_1_1062' title='bbox 2768 4652 2968 4716; x_wconf 76' lang='lat' dir='ltr'>laudis,</span> <span class='ocrx_word' id='word_1_1063' title='bbox 2992 4658 3058 4704; x_wconf 86' lang='lat' dir='ltr'>ut</span> <span class='ocrx_word' id='word_1_1064' title='bbox 3094 4655 3176 4706; x_wconf 88' lang='lat' dir='ltr'>sic</span> <span class='ocrx_word' id='word_1_1065' title='bbox 3197 4655 3414 4709; x_wconf 86' lang='lat' dir='ltr'>habeas</span> 
     </span>
    </p>
   </div>
   <div class='ocr_carea' id='block_1_139' title="bbox 1821 4724 3260 4792">
    <p class='ocr_par' dir='ltr' id='par_1_139' title="bbox 1821 4724 3260 4792">
     <span class='ocr_line' id='line_1_139' title="bbox 1821 4724 3260 4792; baseline -0.001 -10"><span class='ocrx_word' id='word_1_1066' title='bbox 1821 4742 1955 4783; x_wconf 90' lang='lat' dir='ltr'>eum</span> <span class='ocrx_word' id='word_1_1067' title='bbox 1984 4727 2272 4792; x_wconf 88' lang='lat' dir='ltr'>placatum</span> <span class='ocrx_word' id='word_1_1068' title='bbox 2306 4730 2365 4777; x_wconf 86' lang='lat' dir='ltr'>et</span> <span class='ocrx_word' id='word_1_1069' title='bbox 2397 4724 2725 4788; x_wconf 87' lang='lat' dir='ltr'>propitium.</span> <span class='ocrx_word' id='word_1_1070' title='bbox 2751 4727 2821 4776; x_wconf 89' lang='lat' dir='ltr'>Et</span> <span class='ocrx_word' id='word_1_1071' title='bbox 2849 4725 2990 4788; x_wconf 89' lang='lat' dir='ltr'>quid</span> <span class='ocrx_word' id='word_1_1072' title='bbox 3011 4726 3214 4781; x_wconf 86' lang='lat' dir='ltr'>deinde</span> <span class='ocrx_word' id='word_1_1073' title='bbox 3233 4733 3260 4781; x_wconf 57' lang='grc' dir='ltr'>αῖ</span> 
     </span>
    </p>
   </div>
   <div class='ocr_carea' id='block_1_140' title="bbox 1888 4795 3410 4866">
    <p class='ocr_par' dir='ltr' id='par_1_140' title="bbox 1888 4795 3410 4866">
     <span class='ocr_line' id='line_1_140' title="bbox 1888 4795 3410 4866; baseline 0.002 -16"><span class='ocrx_word' id='word_1_1074' title='bbox 1888 4800 1972 4856; x_wconf 83' lang='grc'>15.</span> <span class='ocrx_word' id='word_1_1075' title='bbox 2008 4800 2075 4849; x_wconf 79' lang='lat' dir='ltr'>Et</span> <span class='ocrx_word' id='word_1_1076' title='bbox 2097 4799 2289 4848; x_wconf 73' lang='lat' dir='ltr'>invoca.</span> <span class='ocrx_word' id='word_1_1077' title='bbox 2318 4812 2401 4845; x_wconf 82' lang='lat' dir='ltr'>me</span> <span class='ocrx_word' id='word_1_1078' title='bbox 2436 4796 2497 4844; x_wconf 85' lang='lat' dir='ltr'>in</span> <span class='ocrx_word' id='word_1_1079' title='bbox 2521 4796 2606 4844; x_wconf 84' lang='lat' dir='ltr'>die</span> <span class='ocrx_word' id='word_1_1080' title='bbox 2639 4795 3005 4846; x_wconf 73' lang='lat' dir='ltr'>tribulationis</span> <span class='ocrx_word' id='word_1_1081' title='bbox 3029 4812 3042 4848; x_wconf 91' lang='lat'>:</span> <span class='ocrx_word' id='word_1_1082' title='bbox 3065 4804 3111 4849; x_wconf 73' lang='lat' dir='ltr'>et</span> <span class='ocrx_word' id='word_1_1083' title='bbox 3133 4815 3324 4852; x_wconf 80' lang='lat' dir='ltr'>eruam</span> <span class='ocrx_word' id='word_1_1084' title='bbox 3348 4808 3410 4866; x_wconf 76' lang='lat' dir='ltr'>te,</span> 
     </span>
    </p>
   </div>
   <div class='ocr_carea' id='block_1_141' title="bbox 1811 4866 3410 4939">
    <p class='ocr_par' dir='ltr' id='par_1_141' title="bbox 1811 4866 3410 4939">
     <span class='ocr_line' id='line_1_141' title="bbox 1811 4866 3410 4939; baseline 0.003 -16"><span class='ocrx_word' id='word_1_1085' title='bbox 1811 4880 1858 4923; x_wconf 86' lang='lat' dir='ltr'>et</span> <span class='ocrx_word' id='word_1_1086' title='bbox 1880 4869 2263 4935; x_wconf 76' lang='lat' dir='ltr'>honoriﬁcabis</span> <span class='ocrx_word' id='word_1_1087' title='bbox 2282 4882 2380 4917; x_wconf 87' lang='lat' dir='ltr'>me.</span> <span class='ocrx_word' id='word_1_1088' title='bbox 2399 4866 2639 4930; x_wconf 89' lang='lat' dir='ltr'>Quando</span> <span class='ocrx_word' id='word_1_1089' title='bbox 2656 4867 2943 4918; x_wconf 87' lang='lat' dir='ltr'>tribularis</span> <span class='ocrx_word' id='word_1_1090' title='bbox 2955 4868 3073 4920; x_wconf 89' lang='lat' dir='ltr'>noli</span> <span class='ocrx_word' id='word_1_1091' title='bbox 3088 4870 3410 4939; x_wconf 89' lang='lat' dir='ltr'>desperare,</span> 
     </span>
    </p>
   </div>
   <div class='ocr_carea' id='block_1_142' title="bbox 1809 4939 3411 5007">
    <p class='ocr_par' dir='ltr' id='par_1_142' title="bbox 1809 4939 3411 5007">
     <span class='ocr_line' id='line_1_142' title="bbox 1809 4939 3411 5007; baseline -0.001 -8"><span class='ocrx_word' id='word_1_1092' title='bbox 1809 4960 1918 4998; x_wconf 92' lang='lat' dir='ltr'>nec</span> <span class='ocrx_word' id='word_1_1093' title='bbox 1949 4944 2090 4998; x_wconf 90' lang='lat' dir='ltr'>velis</span> <span class='ocrx_word' id='word_1_1094' title='bbox 2137 4943 2199 4994; x_wconf 90' lang='lat' dir='ltr'>in</span> <span class='ocrx_word' id='word_1_1095' title='bbox 2245 4941 2359 4993; x_wconf 89' lang='lat' dir='ltr'>tuis</span> <span class='ocrx_word' id='word_1_1096' title='bbox 2404 4940 2623 4992; x_wconf 89' lang='lat' dir='ltr'>viribus</span> <span class='ocrx_word' id='word_1_1097' title='bbox 2669 4939 2972 4992; x_wconf 86' lang='lat' dir='ltr'>conﬁdere.</span> <span class='ocrx_word' id='word_1_1098' title='bbox 3017 4943 3216 4993; x_wconf 81' lang='lat' dir='ltr'>Invoea</span> <span class='ocrx_word' id='word_1_1099' title='bbox 3238 4961 3338 5007; x_wconf 83' lang='lat' dir='ltr'>me,</span> <span class='ocrx_word' id='word_1_1100' title='bbox 3363 4955 3411 4998; x_wconf 82' lang='lat' dir='ltr'>et</span> 
     </span>
    </p>
   </div>
   <div class='ocr_carea' id='block_1_143' title="bbox 1809 5011 3413 5075">
    <p class='ocr_par' dir='ltr' id='par_1_143' title="bbox 1809 5011 3413 5075">
     <span class='ocr_line' id='line_1_143' title="bbox 1809 5011 3413 5075; baseline 0 -8"><span class='ocrx_word' id='word_1_1101' title='bbox 1809 5033 1999 5067; x_wconf 84' lang='lat' dir='ltr'>eruam</span> <span class='ocrx_word' id='word_1_1102' title='bbox 2023 5022 2084 5067; x_wconf 88' lang='lat' dir='ltr'>le.</span> <span class='ocrx_word' id='word_1_1103' title='bbox 2110 5015 2198 5066; x_wconf 84' lang='lat' dir='ltr'>Ad</span> <span class='ocrx_word' id='word_1_1104' title='bbox 2221 5014 2331 5065; x_wconf 88' lang='lat' dir='ltr'>hoc</span> <span class='ocrx_word' id='word_1_1105' title='bbox 2346 5012 2502 5064; x_wconf 88' lang='lat' dir='ltr'>enim</span> <span class='ocrx_word' id='word_1_1106' title='bbox 2532 5011 2849 5075; x_wconf 88' lang='lat' dir='ltr'>permissus</span> <span class='ocrx_word' id='word_1_1107' title='bbox 2872 5016 2967 5064; x_wconf 86' lang='lat' dir='ltr'>est</span> <span class='ocrx_word' id='word_1_1108' title='bbox 2987 5013 3111 5065; x_wconf 90' lang='lat' dir='ltr'>dies</span> <span class='ocrx_word' id='word_1_1109' title='bbox 3130 5019 3413 5067; x_wconf 87' lang='lat' dir='ltr'>tribulatio-</span> 
     </span>
    </p>
   </div>
   <div class='ocr_carea' id='block_1_144' title="bbox 1808 5083 3410 5152">
    <p class='ocr_par' dir='ltr' id='par_1_144' title="bbox 1808 5083 3410 5152">
     <span class='ocr_line' id='line_1_144' title="bbox 1808 5083 3410 5152; baseline -0.002 -11"><span class='ocrx_word' id='word_1_1110' title='bbox 1808 5090 1904 5141; x_wconf 91' lang='lat' dir='ltr'>nis</span> <span class='ocrx_word' id='word_1_1111' title='bbox 1924 5088 2067 5152; x_wconf 90' lang='lat' dir='ltr'>ﬁeri,</span> <span class='ocrx_word' id='word_1_1112' title='bbox 2091 5086 2227 5151; x_wconf 91' lang='lat' dir='ltr'>quia</span> <span class='ocrx_word' id='word_1_1113' title='bbox 2240 5086 2383 5137; x_wconf 88' lang='lat' dir='ltr'>forte</span> <span class='ocrx_word' id='word_1_1114' title='bbox 2396 5084 2446 5135; x_wconf 89' lang='lat' dir='ltr'>si</span> <span class='ocrx_word' id='word_1_1115' title='bbox 2468 5096 2586 5134; x_wconf 91' lang='lat' dir='ltr'>non</span> <span class='ocrx_word' id='word_1_1116' title='bbox 2612 5083 2979 5149; x_wconf 87' lang='lat' dir='ltr'>tribulareris,</span> <span class='ocrx_word' id='word_1_1117' title='bbox 3006 5098 3125 5136; x_wconf 89' lang='lat' dir='ltr'>non</span> <span class='ocrx_word' id='word_1_1118' title='bbox 3148 5090 3410 5138; x_wconf 86' lang='lat' dir='ltr'>invocares</span> 
     </span>
    </p>
   </div>
   <div class='ocr_carea' id='block_1_145' title="bbox 1811 5154 3410 5220">
    <p class='ocr_par' dir='ltr' id='par_1_145' title="bbox 1811 5154 3410 5220">
     <span class='ocr_line' id='line_1_145' title="bbox 1811 5154 3410 5220; baseline -0.001 -8"><span class='ocrx_word' id='word_1_1119' title='bbox 1811 5173 1921 5212; x_wconf 88' lang='lat' dir='ltr'>me.</span> <span class='ocrx_word' id='word_1_1120' title='bbox 1948 5162 2089 5212; x_wconf 88' lang='lat' dir='ltr'>Cum</span> <span class='ocrx_word' id='word_1_1121' title='bbox 2110 5155 2401 5209; x_wconf 89' lang='lat' dir='ltr'>tribularis</span> <span class='ocrx_word' id='word_1_1122' title='bbox 2424 5158 2637 5218; x_wconf 87' lang='lat' dir='ltr'>autem,</span> <span class='ocrx_word' id='word_1_1123' title='bbox 2662 5154 2899 5208; x_wconf 88' lang='lat' dir='ltr'>invocas</span> <span class='ocrx_word' id='word_1_1124' title='bbox 2922 5167 3039 5207; x_wconf 88' lang='lat' dir='ltr'>me:</span> <span class='ocrx_word' id='word_1_1125' title='bbox 3065 5161 3124 5207; x_wconf 89' lang='lat' dir='ltr'>et</span> <span class='ocrx_word' id='word_1_1126' title='bbox 3152 5159 3286 5220; x_wconf 90' lang='lat' dir='ltr'>quia</span> <span class='ocrx_word' id='word_1_1127' title='bbox 3310 5173 3410 5210; x_wconf 91' lang='lat' dir='ltr'>vo-</span> 
     </span>
    </p>
   </div>
   <div class='ocr_carea' id='block_1_146' title="bbox 1809 5226 3405 5294">
    <p class='ocr_par' dir='ltr' id='par_1_146' title="bbox 1809 5226 3405 5294">
     <span class='ocr_line' id='line_1_146' title="bbox 1809 5226 3405 5294; baseline -0.001 -11"><span class='ocrx_word' id='word_1_1128' title='bbox 1809 5245 1923 5294; x_wconf 90' lang='lat' dir='ltr'>ces,</span> <span class='ocrx_word' id='word_1_1129' title='bbox 1949 5242 2149 5282; x_wconf 88' lang='lat' dir='ltr'>eruam</span> <span class='ocrx_word' id='word_1_1130' title='bbox 2174 5233 2247 5280; x_wconf 91' lang='lat' dir='ltr'>te.</span> <span class='ocrx_word' id='word_1_1131' title='bbox 2267 5230 2411 5279; x_wconf 91' lang='lat' dir='ltr'>Cum</span> <span class='ocrx_word' id='word_1_1132' title='bbox 2433 5226 2608 5278; x_wconf 84' lang='lat' dir='ltr'>fueris</span> <span class='ocrx_word' id='word_1_1133' title='bbox 2632 5231 2853 5291; x_wconf 89' lang='lat' dir='ltr'>erutus,</span> <span class='ocrx_word' id='word_1_1134' title='bbox 2868 5226 3278 5279; x_wconf 88' lang='lat' dir='ltr'>honoriﬁcabis</span> <span class='ocrx_word' id='word_1_1135' title='bbox 3294 5243 3405 5292; x_wconf 92' lang='lat' dir='ltr'>me,</span> 
     </span>
    </p>
   </div>
   <div class='ocr_carea' id='block_1_147' title="bbox 1810 5297 3407 5365">
    <p class='ocr_par' dir='ltr' id='par_1_147' title="bbox 1810 5297 3407 5365">
     <span class='ocr_line' id='line_1_147' title="bbox 1810 5297 3407 5365; baseline -0.005 -12"><span class='ocrx_word' id='word_1_1136' title='bbox 1810 5307 1876 5353; x_wconf 89' lang='lat' dir='ltr'>ut</span> <span class='ocrx_word' id='word_1_1137' title='bbox 1890 5305 2011 5365; x_wconf 87' lang='lat' dir='ltr'>jam</span> <span class='ocrx_word' id='word_1_1138' title='bbox 2035 5313 2151 5353; x_wconf 93' lang='lat' dir='ltr'>non</span> <span class='ocrx_word' id='word_1_1139' title='bbox 2169 5298 2432 5350; x_wconf 89' lang='lat' dir='ltr'>discedas</span> <span class='ocrx_word' id='word_1_1140' title='bbox 2447 5310 2483 5352; x_wconf 86' lang='lat' dir='ltr'>a</span> <span class='ocrx_word' id='word_1_1141' title='bbox 2498 5310 2615 5349; x_wconf 90' lang='lat' dir='ltr'>me.</span> <span class='ocrx_word' id='word_1_1142' title='bbox 2639 5297 2843 5349; x_wconf 84' lang='lat' dir='ltr'>Valent</span> <span class='ocrx_word' id='word_1_1143' title='bbox 2859 5310 2993 5362; x_wconf 89' lang='lat' dir='ltr'>ergo</span> <span class='ocrx_word' id='word_1_1144' title='bbox 3010 5298 3176 5349; x_wconf 91' lang='lat' dir='ltr'>nobis</span> <span class='ocrx_word' id='word_1_1145' title='bbox 3200 5303 3407 5350; x_wconf 83' lang='lat' dir='ltr'>tribula.</span> 
     </span>
    </p>
   </div>
   <div class='ocr_carea' id='block_1_148' title="bbox 1813 5368 3404 5433">
    <p class='ocr_par' dir='ltr' id='par_1_148' title="bbox 1813 5368 3404 5433">
     <span class='ocr_line' id='line_1_148' title="bbox 1813 5368 3404 5433; baseline -0.002 -11"><span class='ocrx_word' id='word_1_1146' title='bbox 1813 5373 2017 5433; x_wconf 88' lang='lat' dir='ltr'>tiones,</span> <span class='ocrx_word' id='word_1_1147' title='bbox 2030 5370 2166 5433; x_wconf 88' lang='lat' dir='ltr'>quia</span> <span class='ocrx_word' id='word_1_1148' title='bbox 2179 5382 2288 5421; x_wconf 91' lang='lat' dir='ltr'>nos</span> <span class='ocrx_word' id='word_1_1149' title='bbox 2303 5369 2555 5421; x_wconf 81' lang='lat' dir='ltr'>excitant</span> <span class='ocrx_word' id='word_1_1150' title='bbox 2568 5368 2641 5418; x_wconf 88' lang='lat' dir='ltr'>ad</span> <span class='ocrx_word' id='word_1_1151' title='bbox 2656 5368 3055 5419; x_wconf 89' lang='lat' dir='ltr'>honorandum</span> <span class='ocrx_word' id='word_1_1152' title='bbox 3074 5370 3281 5421; x_wconf 92' lang='lat' dir='ltr'>Deum.</span> <span class='ocrx_word' id='word_1_1153' title='bbox 3298 5375 3404 5420; x_wconf 87' lang='lat' dir='ltr'>Trl-</span> 
     </span>
    </p>
   </div>
   <div class='ocr_carea' id='block_1_149' title="bbox 1810 5439 3403 5504">
    <p class='ocr_par' dir='ltr' id='par_1_149' title="bbox 1810 5439 3403 5504">
     <span class='ocr_line' id='line_1_149' title="bbox 1810 5439 3403 5504; baseline -0.001 -11"><span class='ocrx_word' id='word_1_1154' title='bbox 1810 5442 1991 5493; x_wconf 88' lang='lat' dir='ltr'>bulati</span> <span class='ocrx_word' id='word_1_1155' title='bbox 2007 5440 2287 5504; x_wconf 85' lang='lat' dir='ltr'>propriam</span> <span class='ocrx_word' id='word_1_1156' title='bbox 2307 5440 2700 5491; x_wconf 87' lang='lat' dir='ltr'>inﬁrmitatem</span> <span class='ocrx_word' id='word_1_1157' title='bbox 2724 5439 3145 5504; x_wconf 90' lang='lat' dir='ltr'>cognoscimus,</span> <span class='ocrx_word' id='word_1_1158' title='bbox 3164 5443 3311 5493; x_wconf 90' lang='lat' dir='ltr'>eruti</span> <span class='ocrx_word' id='word_1_1159' title='bbox 3325 5446 3403 5492; x_wconf 84' lang='lat' dir='ltr'>di-</span> 
     </span>
    </p>
   </div>
   <div class='ocr_carea' id='block_1_150' title="bbox 1808 5510 3406 5575">
    <p class='ocr_par' dir='ltr' id='par_1_150' title="bbox 1808 5510 3406 5575">
     <span class='ocr_line' id='line_1_150' title="bbox 1808 5510 3406 5575; baseline 0.001 -10"><span class='ocrx_word' id='word_1_1160' title='bbox 1808 5515 2005 5565; x_wconf 69' lang='lat' dir='ltr'>Vinum</span> <span class='ocrx_word' id='word_1_1161' title='bbox 2029 5510 2273 5574; x_wconf 86' lang='lat' dir='ltr'>gratiam</span> <span class='ocrx_word' id='word_1_1162' title='bbox 2302 5510 2603 5560; x_wconf 87' lang='lat' dir='ltr'>sentimus.</span> <span class='ocrx_word' id='word_1_1163' title='bbox 2627 5511 2807 5563; x_wconf 87' lang='lat' dir='ltr'>Tanto</span> <span class='ocrx_word' id='word_1_1164' title='bbox 2842 5513 3027 5575; x_wconf 86' lang='lat' dir='ltr'>magis</span> <span class='ocrx_word' id='word_1_1165' title='bbox 3049 5516 3246 5563; x_wconf 87' lang='lat' dir='ltr'>autem</span> <span class='ocrx_word' id='word_1_1166' title='bbox 3270 5526 3406 5567; x_wconf 91' lang='lat' dir='ltr'>eum</span> 
     </span>
    </p>
   </div>
   <div class='ocr_carea' id='block_1_151' title="bbox 1810 5578 3405 5650">
    <p class='ocr_par' dir='ltr' id='par_1_151' title="bbox 1810 5578 3405 5650">
     <span class='ocr_line' id='line_1_151' title="bbox 1810 5578 3405 5650; baseline 0.003 -16"><span class='ocrx_word' id='word_1_1167' title='bbox 1810 5584 2179 5641; x_wconf 83' lang='lat' dir='ltr'>honoramus,</span> <span class='ocrx_word' id='word_1_1168' title='bbox 2205 5592 2319 5641; x_wconf 89' lang='lat' dir='ltr'>quo</span> <span class='ocrx_word' id='word_1_1169' title='bbox 2342 5578 2737 5650; x_wconf 85' lang='lat' dir='ltr'>liberationem</span> <span class='ocrx_word' id='word_1_1170' title='bbox 2760 5587 3016 5633; x_wconf 88' lang='lat' dir='ltr'>nostram</span> <span class='ocrx_word' id='word_1_1171' title='bbox 3032 5594 3151 5632; x_wconf 91' lang='lat' dir='ltr'>non</span> <span class='ocrx_word' id='word_1_1172' title='bbox 3166 5595 3200 5634; x_wconf 85' lang='lat' dir='ltr'>a</span> <span class='ocrx_word' id='word_1_1173' title='bbox 3216 5586 3405 5650; x_wconf 88' lang='lat' dir='ltr'>nobis,</span> 
     </span>
    </p>
   </div>
   <div class='ocr_carea' id='block_1_152' title="bbox 1812 5649 3405 5720">
    <p class='ocr_par' dir='ltr' id='par_1_152' title="bbox 1812 5649 3405 5720">
     <span class='ocr_line' id='line_1_152' title="bbox 1812 5649 3405 5720; baseline 0.003 -14"><span class='ocrx_word' id='word_1_1174' title='bbox 1812 5654 1914 5706; x_wconf 90' lang='lat' dir='ltr'>sed</span> <span class='ocrx_word' id='word_1_1175' title='bbox 1936 5654 2010 5705; x_wconf 87' lang='lat' dir='ltr'>ab</span> <span class='ocrx_word' id='word_1_1176' title='bbox 2031 5652 2158 5715; x_wconf 89' lang='lat' dir='ltr'>ipso</span> <span class='ocrx_word' id='word_1_1177' title='bbox 2182 5649 2486 5713; x_wconf 88' lang='lat' dir='ltr'>procedere</span> <span class='ocrx_word' id='word_1_1178' title='bbox 2530 5653 2767 5704; x_wconf 90' lang='lat' dir='ltr'>scimus.</span> <span class='ocrx_word' id='word_1_1179' title='bbox 2793 5655 2864 5705; x_wconf 85' lang='lat' dir='ltr'>Et</span> <span class='ocrx_word' id='word_1_1180' title='bbox 2898 5652 3218 5719; x_wconf 85' lang='lat' dir='ltr'>sciendum,</span> <span class='ocrx_word' id='word_1_1181' title='bbox 3249 5649 3405 5720; x_wconf 89' lang='lat' dir='ltr'>quod</span> 
     </span>
    </p>
   </div>
   <div class='ocr_carea' id='block_1_153' title="bbox 1812 5802 2574 5873">
    <p class='ocr_par' dir='ltr' id='par_1_153' title="bbox 1812 5802 2574 5873">
     <span class='ocr_line' id='line_1_153' title="bbox 1812 5802 2574 5873; baseline -0.009 -13"><span class='ocrx_word' id='word_1_1182' title='bbox 1812 5805 1967 5873; x_wconf 90' lang='lat' dir='ltr'>quod</span> <span class='ocrx_word' id='word_1_1183' title='bbox 1991 5806 2112 5855; x_wconf 90' lang='lat' dir='ltr'>erat</span> <span class='ocrx_word' id='word_1_1184' title='bbox 2134 5802 2574 5866; x_wconf 83' lang='lat' dir='ltr'>pronuntiatum,</span> 
     </span>
    </p>
   </div>
   <div class='ocr_carea' id='block_1_154' title="bbox 1873 5873 2500 5939">
    <p class='ocr_par' dir='ltr' id='par_1_154' title="bbox 1873 5873 2500 5939">
     <span class='ocr_line' id='line_1_154' title="bbox 1873 5873 2500 5939; baseline -0.005 -11"><span class='ocrx_word' id='word_1_1185' title='bbox 1873 5886 1892 5908; x_wconf 76' lang='grc'><strong><em>⁸</em></strong></span> <span class='ocrx_word' id='word_1_1186' title='bbox 1923 5873 2303 5939; x_wconf 89' lang='lat' dir='ltr'>Augustinus,</span> <span class='ocrx_word' id='word_1_1187' title='bbox 2319 5879 2467 5923; x_wconf 81' lang='lat' dir='ltr'>curte</span> <span class='ocrx_word' id='word_1_1188' title='bbox 2488 5892 2500 5925; x_wconf 89' lang='lat'>:</span> 
     </span>
    </p>
   </div>
   <div class='ocr_carea' id='block_1_155' title="bbox 1874 5946 2938 6011">
    <p class='ocr_par' dir='ltr' id='par_1_155' title="bbox 1874 5946 2938 6011">
     <span class='ocr_line' id='line_1_155' title="bbox 1874 5946 2938 6011; baseline -0.004 -10"><span class='ocrx_word' id='word_1_1189' title='bbox 1874 5949 1894 5979; x_wconf 86' lang='grc'>·¹</span> <span class='ocrx_word' id='word_1_1190' title='bbox 1918 5948 2097 6008; x_wconf 86' lang='lat' dir='ltr'>Idem,</span> <span class='ocrx_word' id='word_1_1191' title='bbox 2119 5958 2227 5994; x_wconf 82' lang='lat' dir='ltr'>ecce</span> <span class='ocrx_word' id='word_1_1192' title='bbox 2247 5955 2263 6006; x_wconf 86' lang='lat'><strong>;</strong></span> <span class='ocrx_word' id='word_1_1193' title='bbox 2285 5946 2469 6008; x_wconf 88' lang='lat' dir='ltr'>magis</span> <span class='ocrx_word' id='word_1_1194' title='bbox 2493 5946 2739 6011; x_wconf 83' lang='lat' dir='ltr'>placeret</span> <span class='ocrx_word' id='word_1_1195' title='bbox 2761 5946 2938 5997; x_wconf 65' lang='lat' dir='ltr'>hccee.</span> 
     </span>
    </p>
   </div>
  </div>
