3880 6222
464 393 565 446 847

464 507 585 554 tota
610 503 729 555 vita
754 502 863 552 ista
886 501 1142 574 mortalis
1169 501 1459 552 tribulatio
1482 503 1580 574 est
1598 498 1727 574 (Job.
1754 498 1822 560 7.)
1853 498 2066 574 sanctis
2088 503 2142 574 Α

466 574 625 625 viris.
650 576 795 624 Nam
820 577 1025 636 praeter
1036 572 1372 624 innumeras
1384 571 1586 623 mundi
1600 572 1774 633 hujus
1791 572 2061 619 anxietates

466 717 897 779 peregrinantur
938 714 1009 773 (tl.
1059 716 1179 764 Cor.
1216 714 1307 778 5.),
1352 715 1505 777 quod
1531 726 1739 776 corpus
1762 712 1913 775 quod
1939 725 2065 762 cor-

468 787 761 849 rumpitur
775 791 1053 848 aggravat
1069 786 1575 850 animam(Sap.9.),
1590 785 1957 834 vehementer
1972 783 2066 832 tri-

465 858 754 907 bulantur.
804 858 870 906 Et
904 860 1119 917 quanto
1144 859 1457 907 crebriores
1485 857 1882 905 tribulationes
1926 857 2065 904 sunt

464 928 617 991 apud
642 941 767 985 nos,
798 931 957 977 tanto
972 926 1382 990 frequentiores
1408 927 1620 977 debent
1643 926 1930 976 orationes
1955 940 2062 971 essu

464 999 618 1063 apud
658 1000 859 1049 Deum.
887 1001 996 1051 Sed
1018 999 1343 1050 cavendum
1369 1002 1476 1059 est,
1499 1010 1571 1048 ne
1598 997 1865 1048 vivamus
1896 994 2063 1057 male,

468 1071 609 1121 dum
634 1073 938 1122 cantamus
968 1072 1131 1121 bene.
1159 1071 1303 1119 Nam
1332 1069 1590 1130 sequitur
1614 1084 1624 1115 :

530 1139 616 1193 16.
662 1145 925 1190 Peccatori
961 1147 1141 1189 autem.
1176 1140 1317 1188 dixit
1355 1140 1511 1200 Deus,
1548 1140 1725 1197 Quare
1758 1142 1815 1186 tu
1838 1151 2066 1186 enarras

459 1211 704 1275 Justitias
720 1227 864 1260 meas
881 1216 903 1262 .9
920 1212 980 1263 Id
993 1216 1081 1263 est
1096 1216 1382 1275 praecepta
1398 1223 1525 1261 mea
1535 1209 1911 1274 justiflcantia
1921 1220 2067 1272 prae-

470 1284 672 1333 dicas?
714 1284 796 1333 De
849 1284 1059 1333 talibus
1109 1281 1246 1333 dicit
1288 1282 1599 1345 Apostolus
1634 1281 1804 1340 (Rom.
1832 1278 1882 1341 *2)
1919 1299 1929 1327 :
1960 1278 2068 1339 Qui

468 1353 751 1419 prtedicas
773 1365 890 1404 non
918 1353 1241 1416 furandum,
1256 1353 1460 1403 iuraris
1479 1370 1489 1400 τ
1505 1352 1785 1415 quidoces
1801 1363 1918 1401 non
1930 1362 2069 1400 mce-

468 1423 782 1479 chandum.
796 1424 1106 1474 mmcharis
1130 1437 1141 1472 :
1161 1425 1261 1486 qui
1286 1423 1633 1473 abominaris
1659 1422 1827 1484 idola,
1847 1419 2069 1471 sacrile-

469 1495 628 1559 gium
678 1493 835 1544 facis.
878 1495 943 1542 Et
981 1495 1213 1543 assumis
1243 1500 1618 1542 testamentum
1664 1506 1844 1541 meum
1880 1507 1977 1556 per
2011 1505 2068 1538 os

470 1570 626 1612 tuum
642 1567 667 1613 ?
683 1564 745 1614 Id
767 1568 853 1615 est
866 1577 1075 1628 corpus
1088 1565 1267 1615 Christ
1280 1566 1294 1615 i
1307 1570 1363 1615 et
1375 1565 1605 1616 calicem
1619 1564 1752 1615 novi
1769 1564 2065 1611 Testttmenti

470 1636 569 1699 qui
583 1649 683 1699 pro
696 1636 891 1686 multis
905 1637 1126 1687 effusus
1144 1641 1252 1695 est,
1273 1637 1326 1686 in
1340 1636 1734 1686 remissionem
1755 1642 2067 1694 peccatorum

471 1708 679 1768 (Matth.
705 1705 774 1759 26
795 1722 813 1766 ;
836 1708 1005 1757 Marc.
1034 1706 1132 1763 15;
1166 1708 1291 1755 Luc.
1321 1706 1423 1769 ‘2‘2;
1460 1706 1510 1759 1.
1549 1708 1668 1756 Cor.
1698 1705 1821 1766 11.).
1850 1702 1954 1753 Vel
1980 1718 2071 1751 as-

467 1778 637 1826 sumis
661 1782 1030 1826 testamentum
1057 1792 1234 1825 meum
1260 1793 1353 1841 per
1376 1793 1431 1826 os
1460 1782 1633 1839 tuum,
1660 1777 1711 1827 id
1751 1779 1860 1835 est,
1884 1776 2063 1824 Evan-

1539 387 1800 441 RUFINO
1834 387 2294 440 PRESBYTERO
2328 388 2709 441 ASCRIPTUS

2164 502 2444 562 expectat,
2489 504 2555 551 ut
2583 502 3008 552 convertamur.
3052 501 3182 551 Non
3211 499 3379 551 enim
3405 499 3689 552 irascitur
3709 514 3805 562 per

2162 570 2425 632 singulos
2472 570 2594 621 dies
2639 571 2800 632 (Psal.
2847 570 2939 634 7.),
2990 570 3094 622 sed
3141 571 3301 622 sicut
3352 571 3583 621 dicitur
3611 572 3799 623 inaiio

463 646 524 695 in
549 658 615 695 eo
640 644 793 707 quod
818 655 852 693 a
884 645 1000 693 Deo
1028 650 1383 706 separantur,
1399 642 1554 706 quod
1569 641 1759 691 adhuc
1775 637 2060 691 inmundo
2160 640 2411 705 psalmo:
2440 641 2564 692 Nisi
2581 642 2845 693 conversi
2862 641 3099 704 fueritis,
3117 642 3391 705 gladium
3406 654 3596 692 suum
3616 643 3800 693 vibra-

2163 712 2243 762 bit
2268 714 2433 772 (l’sal.
2460 711 2585 775 17.).
2606 713 2753 762 Hinc
2778 717 2865 762 est
2890 713 3046 775 quod
3072 713 3203 775 subj
3216 713 3420 777 ungit:
3444 713 3799 761 Existimasti

2161 783 2350 845 inique
2374 783 2519 847 quod
2544 798 2633 831 ero
2671 784 2751 831 lui
2786 784 2997 831 similis.
3029 784 3239 834 Parum
3267 789 3364 835 est
3394 784 3511 847 (Ea:
3544 786 3793 847 August.)

2163 854 2298 916 quia
2341 856 2492 903 mala
2539 854 2688 905 facta
2724 858 2822 904 tua
2857 854 3084 917 placent
3109 854 3235 905 tibi.
3269 855 3513 905 Placere
3540 860 3716 918 putas
3740 862 3794 907 et

2163 924 2320 975 mihi.
2367 927 2567 985 Deum,
2602 927 2737 987 quia
2770 938 2884 975 non
2917 926 3129 988 pateris
3156 926 3434 983 ultorem,
3465 928 3561 976 vis
3602 929 3793 978 tenere

2162 995 2768 1059 participem.Argua~m
2786 1001 2847 1054 te,
2866 1002 2910 1044 et
2924 1002 3163 1044 statuam
3176 1002 3373 1049 contra
3388 998 3598 1060 faciem
3619 1004 3790 1049 tuam.

2164 1071 2387 1128 Quanto
2407 1067 2580 1119 modo
2606 1067 2911 1131 patientius
2927 1068 3258 1119 misericors
3280 1068 3585 1119 Dominus
3600 1083 3795 1133 pecca-

2164 1142 2316 1189 tores
2341 1138 2608 1197 sustinet,
2628 1141 2784 1188 tanto
2796 1151 2895 1188 eos
2919 1137 3243 1187 districtius
3267 1138 3332 1188 in
3347 1139 3581 1202 judicio
3598 1151 3787 1200 arguet.

2165 1211 2234 1260 Et
2259 1209 2395 1271 quia
2432 1210 2538 1273 (Eae
2570 1207 2764 1270 eodem)
2791 1208 2885 1259 hic
2912 1209 3135 1271 seipsos
3160 1209 3474 1261 attendere
3498 1215 3561 1261 et
3602 1224 3792 1263 einen.

2166 1280 2299 1331 dare
2320 1281 2637 1344 negligunt,
2665 1283 2877 1331 statuet
2901 1292 2999 1330 eos
3024 1280 3101 1329 ibi
3126 1284 3265 1331 ante
3280 1280 3497 1331 faciem
3516 1296 3712 1342 suam,
3730 1291 3791 1334 ut

2168 1351 2400 1403 videant
2424 1350 2742 1401 foeditatem
2767 1363 2953 1401 suam.
2970 1352 3084 1400 Nec
3109 1355 3308 1402 tamen
3332 1352 3407 1402 ad
3436 1352 3577 1413 hoc,
3598 1358 3668 1404 ut
3680 1370 3791 1402 Cur-

2166 1423 2356 1485 rigant
2382 1437 2397 1469 :
2424 1421 2523 1471 sed
2556 1425 2619 1471 ut
2644 1420 2826 1483 magis
2850 1421 3217 1471 erubescant.
3250 1422 3424 1472 Modo
3451 1436 3600 1481 ergo
3626 1431 3688 1475 tu
3708 1426 3789 1475 fac

2168 1494 2430 1556 quisquis
2466 1492 2597 1543 talis
2620 1504 2699 1553 es,
2728 1491 2881 1554 quod
2922 1492 3025 1542 tibi
3071 1493 3326 1543 minatur
3379 1492 3566 1560 252
3609 1494 3787 1547 facere

2166 1566 2337 1614 Deus.
2392 1565 2546 1614 Tolle
2592 1568 2648 1614 te
2694 1575 2729 1613 a
2773 1568 2931 1626 tergo
2966 1568 3084 1625 tuo,
3113 1564 3212 1613 ubi
3238 1568 3293 1614 te
3331 1565 3535 1616 videre
3555 1579 3680 1617 non
3702 1568 3786 1617 vis

2168 1636 2543 1686 dissimulans
2582 1647 2617 1685 a
2653 1634 2817 1685 factis
2870 1635 3000 1696 tuis,
3049 1639 3108 1686 et
3133 1636 3430 1686 constitue
3468 1642 3526 1688 te
3552 1644 3691 1689 ante
3718 1645 3786 1690 te.

2168 1706 2432 1758 Ascende
2460 1705 2705 1756 tribunal
2729 1706 2939 1756 mentis
2963 1708 3097 1756 tum.
3124 1708 3263 1756 Esto
3288 1707 3395 1757 tibi
3416 1708 3637 1770 judex.
3663 1712 3785 1761 Tor-

2166 1783 2339 1841 queat
2365 1783 2419 1828 te
2447 1777 2635 1828 timor.
2667 1779 2940 1840 Erumpat
2964 1777 3271 1828 confessio.
3317 1781 3389 1829 Et
3411 1778 3511 1829 dic
3540 1782 3784 1833 Domino

466 1848 679 1928 gelium
713 1861 928 1910 meum,
957 1855 1073 1900 tam
1110 1848 1340 1912 pollutis
1370 1848 1537 1899 labiis
1570 1847 1883 1912 praedicare
1918 1857 2066 1909 prse-
2094 1867 2145 1940 Β
2170 1855 2301 1900 tuo:
2331 1850 2607 1910 Quoniam
2632 1849 2997 1910 iniquitatem
3014 1860 3207 1900 meam
3228 1861 3368 1913 ergo
3394 1863 3715 1940 cognosco,
3731 1860 3783 1904 et

472 1920 656 1969 sumis
680 1922 707 1968 ‘I

532 1989 617 2043 17.
651 1990 727 2038 Tu
746 2005 867 2038 vero
880 1990 1040 2039 odisti
1052 1990 1420 2053 disciplinam.
1434 1989 1497 2040 Id
1511 1992 1596 2039 est
1613 1989 2063 2052 corruptionem:

468 2061 537 2109 Et
561 2060 829 2124 projecisti
861 2075 1127 2109 sermones
1161 2075 1301 2109 meos
1337 2066 1650 2110 retrorsum.
1677 2060 1821 2120 Quia
1844 2071 1950 2110 nos
1972 2071 2069 2109 ne-

466 2131 692 2195 gligens
737 2144 856 2181 non
902 2132 1225 2182 custodisti.
1272 2134 1337 2181 In
1384 2132 1513 2181 odio
1560 2130 1939 2193 disciplinam,
1976 2142 2065 2179 re-

472 2202 772 2264 darguitur
798 2200 1067 2251 voluntas
1092 2202 1257 2251 maia.
1296 2204 1361 2251 In
1392 2200 1738 2264 projiciendo
1769 2212 2065 2251 sermones

469 2272 570 2323 Dei
607 2276 938 2332 retrorsum,
980 2272 1417 2335 reprehenditur
1450 2272 1752 2334 negligens
1798 2276 1855 2322 et
1890 2284 2066 2334 prava

465 2344 585 2393 vita
653 2343 957 2391 Sermones
1001 2343 1101 2391 Dei
1142 2342 1432 2405 projicere,
1463 2347 1568 2403 est,
1604 2342 1715 2391 illis
1740 2342 2063 2405 contemtis,

464 2426 735 2477 perversa
756 2424 941 2474 agere.
976 2410 1121 2477 251
1166 2414 1307 2462 Ecce
1332 2412 1621 2475 quomodo
1640 2412 1927 2476 projecisti
1956 2426 2065 2463 ser-

468 2495 673 2533 mones
707 2494 864 2532 IDGOS
893 2498 905 2532 2

527 2553 613 2606 18.
662 2552 721 2602 Si
767 2552 979 2601 videbas
1016 2553 1215 2615 furem,
1264 2552 1513 2601 currebas
1557 2568 1679 2601 cum
1726 2568 1815 2602 eo:
1850 2557 1895 2601 et
1941 2568 2063 2602 cum

462 2624 722 2673 adulteris
743 2625 1045 2687 portionem
1070 2630 1222 2671 tuam
1255 2624 1504 2687 ponebas.
1537 2626 1616 2674 Ne
1642 2624 1784 2674 forte
1811 2625 1915 2687 (Ea:
1956 2625 2063 2673 Au-

460 2695 695 2758 gustino)
716 2706 831 2745 non
843 2694 1080 2758 diceres,
1102 2697 1224 2745 Non
1248 2695 1355 2745 feci
1383 2695 1614 2745 furtum.
1636 2696 1762 2746 Non
1788 2695 1892 2746 feci
1914 2699 2063 2743 adul-

462 2766 685 2817 terium.
725 2764 870 2825 Quid
908 2766 955 2815 si
994 2766 1206 2829 placuit
1244 2766 1345 2816 tibi
1380 2766 1479 2828 qui
1518 2766 1685 2817 fecit?
1712 2779 1909 2818 nonne
1934 2767 2060 2830 ipso

462 2837 668 2901 placito
691 2836 1029 2887 cucurristi?
1054 2838 1254 2887 Nonne
1281 2837 1601 2900 portionem
1628 2842 1784 2888 tuam
1803 2852 1934 2889 cum
1965 2838 2060 2889 illo

461 2908 561 2971 qui
587 2908 731 2970 fecit,
757 2908 1045 2958 laudando
1065 2908 1340 2972 posuisti:
1370 2909 1436 2958 Et
1460 2908 1507 2958 si
1528 2921 1645 2959 non
1661 2909 1802 2959 facis
1819 2910 2057 2973 malum,

461 2980 509 3029 si
535 2983 729 3029 tamen
754 2977 958 3029 laudas
985 2977 1280 3037 malum,si
1297 2990 1369 3028 ex
1395 2983 1529 3029 voto
1542 2980 1855 3043 consentis,
1874 2982 2058 3031 curris

462 3061 591 3100 cum
618 3048 786 3111 malo,
812 3053 869 3100 et
893 3049 1213 3113 portionem
1238 3048 1371 3099 mali
1397 3049 1616 3113 recipis.

524 3119 609 3174 19.
641 3121 705 3169 Os
730 3127 886 3168 tuum
923 3120 1220 3169 abundavit
1244 3120 1476 3180 malitia,
1503 3127 1547 3169 et
1572 3120 1765 3184 lingua
1797 3128 1892 3170 tua
1926 3138 2057 3171 con-

457 3191 716 3240 cinnabat
734 3192 897 3240 dolos.
918 3192 1192 3243 Malitiam
1208 3193 1262 3241 et
1277 3192 1474 3243 dolum
1492 3192 1854 3254 quorundam
1869 3193 2058 3244 homi-

457 3276 598 3313 num
644 3264 921 3321 insinuat,
968 3263 1065 3326 qui
1099 3263 1368 3325 quamvis
1394 3263 1577 3314 sciztnt
1600 3263 1752 3314 mala
1771 3277 1899 3327 esse
1920 3277 2052 3327 quae

456 3334 718 3389 audiunt.
740 3334 975 3384 minime
1002 3334 1444 3396 reprehendunt.
1476 3336 1544 3385 Et
1572 3347 1776 3397 parum
1803 3339 1892 3385 est
1918 3337 2054 3398 quia

458 3417 577 3455 non
600 3404 819 3465 dicunt,
844 3405 984 3454 Mala
1010 3405 1218 3455 fecisti:
1246 3404 1347 3454 sed
1359 3403 1645 3455 adulando
1675 3406 1892 3470 dicunt,
1906 3409 2057 3457 Bene

459 3474 661 3525 fecisti.
688 3476 757 3524 Et
778 3479 991 3524 norunt
1018 3477 1167 3524 mala
1191 3488 1335 3533 esse,
1368 3475 1470 3524 sed
1496 3476 1795 3527 abundant
1819 3478 2053 3541 malitia,

460 3548 517 3595 et
544 3544 743 3607 lingua
768 3556 966 3594 eorum
991 3546 1317 3607 concinnat,
1358 3545 1415 3594 id
1453 3551 1562 3607 est,
1598 3546 1842 3598 adornat
1872 3549 2054 3599 dolos.

458 3614 637 3665 Dolus
661 3619 857 3664 autem
889 3619 979 3665 est
1010 3615 1167 3665 fraus
1190 3615 1460 3677 quaedam
1489 3616 1547 3666 in
1573 3619 1783 3680 verbis,
1826 3621 2057 3683 quando

459 3684 614 3735 aliud
635 3693 651 3712 ·
673 3684 1044 3747 promittitur,
1071 3685 1225 3734 aliud
1257 3687 1517 3737 sentitur.
1548 3688 1754 3738 Parum
1790 3693 1881 3740 est
1904 3691 2058 3753 quod

460 3755 601 3806 facis
625 3755 861 3817 malum,
889 3753 1122 3818 insuper
1144 3755 1347 3805 laudas
1371 3756 1678 3820 adulando,
1702 3762 1760 3809 et
1784 3759 1981 3811 irrides
2002 3766 2061 3813 et

462 3825 612 3876 fallis
637 3825 1111 3888 peccantem.Vel
1134 3838 1199 3876 os
1223 3827 1539 3889 peccatoris
1564 3828 1783 3879 malitia
1812 3833 2056 3895 abundat,

462 3896 694 3961 quando
718 3895 1036 3947 maledictis
1058 3898 1552 3948 etconviciisalios
1570 3907 1892 3965 exasperat.
1913 3906 2058 3953 Dolos

461 3980 598 4021 vero
620 3968 770 4019 labia
794 3967 1155 4029 concinnant,
1175 3968 1406 4031 quando
1418 3970 1619 4021 auditu
1632 3972 1853 4034 placida
1868 3975 2059 4026 verbis

461 4041 854 4104 pronuntiant,
880 4039 1039 4091 Unde
1063 4039 1253 4090 adhuc
1277 4040 1660 4092 subinfertur:

526 4110 613 4164 20.
644 4110 858 4169 Sedens,
891 4110 1144 4158 adversus
1165 4110 1364 4173 fratem
1393 4117 1549 4161 tuum
1579 4114 1903 4177 loquebaris.
1936 4117 2059 4169 Hoc

467 4183 532 4234 fit
556 4182 788 4245 quando
808 4180 1017 4243 aliquis
1028 4183 1195 4244 quasi
1210 4182 1431 4246 ﬁrmus,
1448 4187 1550 4234 aut
1564 4184 1807 4249 alicujus
1814 4187 1935 4250 jam
1952 4204 2057 4236 mo-

465 4253 645 4304 menti
667 4252 867 4304 doctor
881 4252 1128 4303 detrahit
1150 4253 1307 4304 fratri
1335 4267 1438 4305 suo
1470 4255 1610 4306 forte
1636 4258 1779 4308 bene
1790 4260 1981 4322 agenti
2004 4264 2062 4311 et

464 4327 615 4375 recte
652 4323 890 4374 viventi.
934 4325 1001 4373 in
1039 4335 1106 4374 eo
1147 4327 1343 4374 autem
1380 4325 1535 4388 quod
1558 4327 1637 4377 ait
1660 4327 1873 4390 Sedens,
1901 4342 2063 4382 mora

464 4395 556 4446 vel
582 4394 839 4445 studium
863 4394 1214 4459 designatur.
1241 4397 1344 4447 Est
1364 4396 1512 4447 alius
1527 4396 2063 4462 intlrmusetimper-

463 4466 665 4528 fectus,
710 4465 993 4517 adversus
1041 4479 1214 4529 quem
1251 4467 1409 4530 ponit
1444 4469 1779 4520 scandalum
1805 4471 2063 4524 similiter

468 4549 641 4601 prave
666 4536 971 4599 loquendo.
999 4536 1132 4589 Ideo
1150 4538 1415 4590 infirmus
1439 4539 1532 4590 ille
1554 4539 1742 4591 dictus
1760 4546 1849 4592 est
1865 4544 2063 4595 matris

468 4609 638 4669 illius,
660 4608 916 4659 nondum
939 4610 1133 4673 patris,
1152 4610 1339 4661 adhuc
1362 4611 1507 4662 lacte
1530 4611 1793 4676 indigens
1810 4618 1865 4665 et
1878 4615 2064 4665 uberi-

466 4681 577 4730 bus
599 4679 921 4729 adhaarens.
940 4680 1205 4731 Portatur
1215 4681 1403 4733 adhuc
1429 4684 1652 4735 sinibus
1665 4685 1864 4736 matris
1882 4688 2066 4738 Eccle-

468 4750 590 4809 siae,
616 4749 875 4799 nondum
902 4749 1101 4800 valens
1114 4751 1186 4801 ad
1203 4752 1447 4804 solidum
1465 4757 1659 4807 cibum
1674 4769 1895 4809 mensae
1907 4762 2065 4809 Patris

467 4821 558 4892 sui
582 4820 1301 4892 accedere.Scandalizatur
1324 4830 1536 4887 autem,
1566 4828 1703 4889 quia
1723 4827 1910 4879 adhuc
1942 4842 2063 4892 per-

466 4890 651 4941 fectus
676 4902 796 4941 non
823 4895 931 4941 est.
957 4890 1013 4939 Si
1030 4892 1180 4941 enim
1198 4894 1486 4956 perfectus
1500 4903 1671 4959 esset,
1692 4890 2066 4951 scandalizari

467 4961 799 5013 nullatenus
824 4961 1125 5025 potuisset.
1144 4965 1288 5015 Nam
1305 4978 1418 5029 pax
1432 4968 1615 5020 multa
1625 4974 1715 5020 est
1731 4972 2064 5031 diligentibus

465 5034 652 5097 legem
682 5032 804 5105 Dei,
839 5036 898 5105 et
930 5045 1047 5084 non
1087 5040 1176 5086 est
1207 5035 1318 5087 illis
1345 5039 1679 5090 scandalum
1709 5041 1875 5103 (Psat.
1900 5041 2060 5105 118.).

467 5104 927 5177 EtiDominusiin
950 5106 1257 5177 Evangelio
1286 5122 1299 5159 :
1335 5110 1443 5170 Qui
1472 5104 2064 5177 scandalizaverit(in-

466 5176 603 5239 quit)
631 5188 816 5227 unum
838 5176 910 5228 de
933 5176 1156 5240 pusillis
1179 5179 1326 5230 meis
1344 5180 1552 5241 (Matth.
1580 5180 1704 5245 18.).
1733 5184 1859 5234 Non
1882 5185 1961 5235 ait
1990 5185 2062 5237 de

463 5248 906 5312 majoribus,sed
917 5248 988 5299 de
1002 5249 1224 5312 pusillis
1240 5265 1252 5301 :
1269 5250 1405 5313 quia
1415 5250 1749 5314 pusillorum
1768 5259 1857 5305 est
1869 5261 2060 5304 tantum

464 5319 853 5372 scandalizari.
902 5322 1216 5371 Pravorum
1262 5324 1455 5372 autem
1490 5336 1633 5373 usus
1655 5328 1763 5387 est,
1795 5326 2061 5389 perfectis

463 5392 756 5456 derogare,
777 5391 1125 5455 imperfectis
1150 5391 1485 5444 scandalum
1511 5406 1740 5460 ponere,
1766 5400 2061 5462 etsemper

463 5462 776 5514 discordias
802 5462 1104 5513 seminare.

521 5531 610 5586 21.
655 5534 765 5581 Hoc
809 5533 979 5595 fecisti
1026 5532 1230 5596 (inquit
1254 5535 1555 5599 Dominus)
1592 5541 1639 5585 et
1671 5539 1834 5602 tacui,
1862 5539 1920 5590 id
1945 5544 2055 5603 est,

461 5615 576 5653 non
601 5603 958 5674 reprehendi,
983 5617 1098 5655 non
1123 5605 1427 5656 vindicavi.
1464 5607 1631 5657 Modo
1656 5609 1809 5659 enim
1827 5614 2054 5674 tempus

461 5677 551 5723 est
576 5672 1002 5737 misericordiae,
1031 5687 1143 5737 quo
1164 5687 1273 5726 nos
1298 5676 1429 5740 pius
1461 5679 1743 5730 Dominus
1778 5672 2055 5744 patienter

523 5816 541 5835 ·
565 5807 756 5886 Malim
805 5810 1007 5871 utique
1041 5813 1278 5886 rescribi
1313 5816 1629 5878 promitur:
1655 5829 1787 5869 nam
1811 5821 1869 5871 et
1892 5822 2048 5886 apud

456 5878 848 5938 Augustinum
871 5883 1156 5941 promendi
1179 5887 1287 5935 est.

2089 4590 2145 4662 D

2167 1926 2469 1985 peccatum
2510 1932 2707 1971 meum
2732 1925 2929 1970 contra
2958 1932 3051 1971 me
3079 1926 3170 1971 cst
3194 1933 3428 1984 semper
3456 1923 3633 1985 (Psal.
3657 1924 3777 1986 50.).

2169 1994 2222 2042 Si
2248 1992 2402 2043 enim
2428 1993 2511 2055 (ut
2538 1991 2749 2041 Paulus
2773 1991 2869 2051 ait)
2887 2003 2994 2041 nos
3020 1991 3303 2055 metipsos
3316 1992 3777 2055 dijudicaremur

2166 2076 2281 2115 non
2316 2064 2512 2126 utique
2543 2060 3014 2126 judicaremur(i.
3044 2063 3165 2112 Cor.
3190 2061 3318 2125 11.).
3348 2065 3663 2128 Propterea
3685 2067 3780 2117 ad-

2168 2134 2455 2185 monendo
2492 2133 2687 2183 subdit
2713 2148 2725 2182 :

2226 2204 2312 2259 ‘22.
2342 2204 2622 2267 lnlelligite
2653 2205 2759 2251 haec
2776 2205 2874 2268 qui
2896 2204 3281 2252 obliviscimini
3305 2204 3511 2256 Deum.
3540 2209 3662 2258 Vos
3685 2210 3779 2271 qui

2164 2278 2349 2328 lteum
2384 2274 2542 2326 obliti
2567 2275 2727 2333 estis,
2753 2275 2893 2326 dum
2916 2275 3069 2326 maia
3091 2276 3286 2339 agitis,
3312 2289 3389 2327 ex
3414 2280 3644 2330 ratione
3664 2294 3784 2343 per-

2166 2347 2397 2403 nendite
2425 2359 2555 2410 quae
2585 2346 2738 2396 dicta
2765 2350 2930 2396 sunt:
2949 2349 3014 2396 ut
3039 2347 3437 2410 vosmetipsos
3462 2351 3783 2413 corrigatis.

2165 2419 2415 2469 Attende
2440 2424 2499 2467 in
2539 2417 2647 2467 hoc
2672 2429 2841 2467 versu
2870 2417 3089 2467 viscera
3112 2417 3330 2469 divinae
3358 2420 3785 2473 misericordiae

2166 2492 2347 2541 Etiam
2375 2488 2778 2539 obliviscentes
2806 2500 2867 2538 se
2892 2500 3005 2538 non
3030 2487 3421 2555 obliviscitur,
3435 2504 3553 2542 non
3571 2497 3784 2553 repellit,

2163 2560 2277 2611 imo
2317 2564 2546 2611 revocat
2589 2558 2662 2609 ad
2695 2558 3063 2621 intellectum,
3094 2563 3159 2609 ut
3182 2560 3561 2620 resipiscant,
3589 2570 3647 2613 et
3672 2578 3784 2615 non

2163 2636 2411 2696 pereant.
2434 2633 2560 2681 Non
2586 2630 2713 2680 vult
2739 2634 2981 2680 mortem
3007 2631 3348 2694 peccatoris,
3370 2633 3478 2683 sed
3493 2640 3785 2685 utconver-

2163 2708 2320 2753 tatur
2361 2705 2418 2752 et
2460 2703 2619 2751 vivat
2654 2701 2855 2759 (Ezech.
2896 2700 3021 2762 18.).
3061 2703 3127 2751 Et
3156 2713 3357 2764 quare,
3384 2717 3418 2754 o
3448 2707 3779 2758 misericors

2161 2773 2421 2831 Domine,
2453 2771 2731 2821 admones
2774 2771 3182 2823 obliviscentes
3205 2777 3278 2832 te,
3310 2778 3377 2823 ut
3402 2775 3782 2841 intelligant?

2160 2844 2310 2894 Audi
2349 2855 2650 2893 caussam:
2680 2842 2759 2890 Ne
2782 2843 3004 2904 quando
3042 2843 3230 2907 rapiat
3268 2844 3657 2897 adversarius
3692 2848 3779 2898 ille

2159 2913 2439 2977 diabolus,
2454 2913 2551 2976 qui
2577 2919 2870 2975 tamquam
2896 2912 2984 2963 leo
3007 2914 3245 2977 rugiens
3257 2916 3488 2979 circuit,
3507 2931 3778 2980 quaerens

2160 2998 2331 3048 quem
2377 2985 2613 3037 devoret
2643 2984 2712 3047 (1.
2748 2984 2886 3035 Petr.
2906 2982 2997 3047 5.),
3026 2990 3072 3033 el
3108 3000 3219 3034 non
3244 2987 3314 3034 sit
3342 2989 3444 3051 qui
3472 2990 3697 3053 eripiat,
3723 2991 3776 3040 Si

2158 3069 2265 3108 vos
2290 3056 2602 3120 intelligere
2633 3068 2750 3106 non
2777 3055 2966 3107 vultis.
2998 3058 3126 3107 Non
3147 3059 3301 3108 enim
3327 3059 3501 3122 eripit
3528 3064 3771 3109 Dominus

2158 3140 2275 3190 eos,
2301 3127 2397 3190 qui
2431 3126 2857 3178 obliviscuntur
2870 3138 3004 3177 eum
3029 3140 3043 3175 :
3075 3127 3178 3191 qui
3204 3142 3269 3179 ea
3294 3141 3428 3192 qua:
3457 3130 3535 3180 ad
3559 3135 3770 3179 salutem

2156 3199 2478 3249 animarum
2492 3211 2729 3249 suarum
2748 3198 3052 3261 pertinent,
3070 3199 3385 3263 intelligere
3410 3209 3770 3251 contemnunt.

2157 3271 2319 3321 Unde
2354 3271 2629 3333 scriptum
2656 3274 2746 3320 est
2762 3284 2774 3319 :
2791 3269 2992 3320 Omnis
3006 3268 3282 3333 ignorans
3308 3271 3686 3335 ignorabitur
3702 3274 3715 3335 ζ
3726 3274 3765 3326 i.

2156 3342 2299 3405 (Cor.
2332 3340 2450 3404 14.).
2498 3344 2620 3402 Quo
2645 3343 2841 3391 contra
2867 3340 2939 3391 de
2962 3340 3419 3405 intelligentibus
3445 3348 3507 3394 et
3531 3343 3768 3396 laudan-

2157 3413 2314 3463 tibus
2339 3413 2518 3462 Deum
2535 3411 2674 3475 quid
2701 3412 3033 3475 subjungat,
3060 3413 3370 3464 audiamus
3401 3430 3415 3465 :

2216 3481 2305 3537 24.
2331 3483 2677 3544 Sacriﬁcium
2702 3483 2884 3531 laudis
2901 3484 3286 3547 honoriﬁcabit
3308 3500 3393 3534 me
3418 3500 3431 3535 :
3452 3491 3502 3534 et
3518 3486 3637 3535 illic
3650 3489 3766 3549 iter,

2158 3569 2264 3618 quo
2287 3554 2563 3604 ostendam
2586 3554 2668 3603 illi
2688 3554 2926 3603 salutare
2949 3555 3063 3603 Dei.
3083 3557 3249 3617 Quod
3272 3557 3475 3608 Latine
3507 3558 3769 3622 salutare,

2156 3625 2267 3676 hoc
2292 3625 2568 3677 Hebraice
2586 3626 2617 3675 J
2623 3638 2759 3676 esus
2784 3625 3007 3676 dicitur.
3023 3628 3090 3677 In
3105 3628 3388 3679 sacriﬁcio
3403 3628 3587 3692 igitur
3603 3633 3768 3678 laudis

2159 3696 2223 3747 iit
2255 3698 2397 3748 Jesu
2421 3697 2529 3770 iter
2550 3696 2920 3770 ostensionis,
2957 3697 3055 3768 qui
3090 3698 3230 3770 dum
3258 3712 3358 3770 per
3380 3700 3765 3770 psaimpdiam

2159 3760 2522 3823 compunctio
2557 3759 2886 3821 effunditur,
2920 3760 3014 3811 via
3050 3762 3219 3811 nobis
3254 3759 3311 3812 in
3346 3759 3522 3815 corde
3556 3764 3643 3827 tit,
3669 3777 3766 3828 per

2159 3841 2333 3894 quam
2357 3829 2431 3881 ad
2447 3831 2647 3881 Jesum
2678 3831 2737 3881 in
2762 3830 2876 3881 fine
2901 3832 3411 3894 pervenitur.$icut
3432 3835 3559 3898 ipse
3575 3835 3654 3887 de
3665 3848 3763 3885 sua

2158 3901 2490 3953 ostensione
2514 3900 2768 3964 loquitur
2789 3901 2984 3952 dicens
3011 3916 3024 3952 :
3049 3903 3156 3962 Qui
3174 3902 3360 3967 diligit
3374 3906 3764 3971 me,diligetur

2159 3985 2193 4023 a
2222 3975 2387 4024 Patre
2411 3986 2554 4035 meo,
2582 3976 2639 4024 et
2662 3985 2768 4036 ego
2792 3972 3027 4037 diligam
3051 3980 3280 4038 eum,et
3292 3977 3682 4030 manifestabo
3716 3978 3763 4029 ei

2159 4044 2449 4108 meipsum
2473 4044 2650 4109 (Joan.
2677 4043 2801 4107 1.1.).

2529 4132 2894 4196 TITULUS
2940 4133 3267 4199 PSALMI
3310 4136 3385 4200 L.

2223 4240 2359 4305 1.,ln
2370 4240 2536 4303 ﬁnem
2546 4241 2787 4305 psalmus
2798 4240 3239 4305 David,[Vers.2.)
3261 4258 3387 4291 cum
3398 4246 3546 4294 venit
3554 4246 3633 4294 ad
3646 4262 3757 4295 eum

2161 4303 2388 4372 Nathan
2399 4303 2909 4372 propheta,qua_ndo
2923 4305 2979 4351 in
2984 4303 3149 4372 {rasit
3163 4303 3238 4353 ad
3249 4306 3560 4372 Belh-sabee
3572 4310 3757 4372 (2.Reg.

2165 4367 2286 4433 ιλ).
2307 4368 2532 4433 Psalmus
2558 4368 2970 4433 iste:att_ribuitur
2982 4369 3143 4414 David
3161 4370 3485 4427 prophetcin
3512 4367 3679 4433 ﬁnem
3696 4367 3759 4419 {e-

2161 4430 2417 4488 spicienti,
2442 4429 2492 4474 id
2518 4435 2607 4481 est,
2636 4429 2910 4489 Christum,
2928 4444 2955 4475 a
2978 4443 3080 4489 quo
3097 4440 3454 4489 perpeccatum
3474 4429 3757 4485 recesserat.

2162 4493 2347 4556 quiest
2385 4490 2501 4556 finis
2536 4491 2661 4556 legis
2698 4496 2746 4536 et
2782 4492 3159 4551 prophetarum.
3188 4493 3275 4539 Vel
3303 4496 3439 4556 linis,
3462 4497 3515 4542 id
3540 4504 3635 4555 est,
3660 4512 3760 4556 per-

2170 4554 2315 4618 fectio
2344 4554 2569 4598 omnium
2606 4553 2851 4618 bonorum
2883 4567 3111 4612 operum.
3150 4556 3398 4618 Psaimus,
3428 4553 3558 4613 dico,
3571 4553 3760 4618 compo-

2171 4617 2297 4662 situs
2313 4628 2401 4672 pro
2418 4628 2475 4678 eo
2493 4614 2717 4675 negocio,
2737 4628 2827 4673 pro
2838 4630 2939 4674 quo
2951 4618 3090 4663 venit
3108 4617 3168 4662 ad
3180 4629 3296 4663 eum
3328 4622 3653 4678 arguentium
3678 4614 3758 4667 Ra-

2166 4679 2283 4723 than
2304 4677 2564 4741 propheta.
2583 4678 2637 4722 Et
2651 4679 2775 4741 quia
2798 4678 2987 4723 Nathan
3001 4679 3295 4725 multotiens
3318 4677 3603 4729 veneratad
3629 4697 3757 4741 eum,

2167 4744 2222 4803 ut
2245 4740 2455 4803 sciretur
2478 4739 2538 4803 in_
2557 4752 2657 4797 quo
2687 4738 2903 4803 adventu
2929 4741 3038 4798 ipse
3062 4741 3159 4786 fuit
3182 4754 3360 4788 caussa
3387 4744 3544 4801 hujus
3561 4738 3757 4803 psalmi.

2167 4801 2465 4847 determinat
2498 4801 2572 4847 sic
2612 4813 2624 4848 :
2666 4814 2724 4846 eo
2756 4802 2947 4847 scilicet
2972 4807 3210 4861 tempore,
3236 4805 3441 4862 quando
3472 4801 3680 4853 intravit
3703 4808 3757 4853 ad

2167 4862 2481 4909 Beth-sabee.
2509 4862 2670 4919 Hujus
2694 4864 2941 4923 mulieris,
2958 4865 3131 4911 uxoris
3155 4867 3356 4925 alienas,
3382 4868 3757 4925 pulchritudine

2166 4931 2338 4983 captus
2362 4929 2435 4969 est
2461 4936 2543 4988 rex
2565 4930 2618 4988 et
2633 4926 2872 4988 propheta
2897 4927 3069 4974 David.
3118 4926 3219 4973 Hoc
3242 4929 3296 4973 in
3322 4931 3419 4975 isto
3442 4931 3639 4988 psalmo
3663 4945 3755 4978 non

2165 4988 2366 5052 legitur,
2398 4985 2482 5052 sed
2508 4986 2559 5031 in
2590 4986 2734 5052 titulo
2757 4987 2871 5052 ejus
2890 4993 3092 5052 apparet
3126 4990 3182 5034 In
3208 4989 3353 5036 libris
3377 4985 3544 5038 autem
3570 4994 3754 5052 Regno-

2165 5048 2277 5095 rum
2289 5047 2395 5107 (Ea:
2405 5045 2727 5108 Augustino)
2739 5045 2940 5106 plenius
2952 5050 3155 5107 legitur.
3173 5051 3334 5108 Hujus
3345 5055 3585 5100 maritum
3598 5045 3756 5101 in'bel.

2163 5111 2211 5156 io
2249 5114 2443 5158 curavit
2474 5110 2821 5156 occidendum.
2849 5111 2904 5156 Et
2926 5117 3038 5169 post
3068 5112 3162 5159 hoc
3184 5114 3370 5160 factum
3396 5116 3584 5163 missus
3606 5117 3751 5163 estad

2161 5184 2279 5219 eum
2300 5173 2746 5235 Nathanpropheta
2768 5186 2796 5235 a
2812 5174 3042 5234 Domino,
3060 5175 3151 5232 qui
3169 5187 3286 5221 eum
3306 5186 3537 5235 argueret
3551 5179 3610 5224 de
3628 5185 3752 5225 tanm

2160 5235 2426 5282 commisso
2457 5231 2520 5294 (2.
2551 5233 2676 5295 Reg.
2706 5232 2817 5293 11.).
2840 5235 2979 5281 Mulli
3005 5231 3509 5286 voluntcadere'cum
3525 5241 3692 5296 David,
3707 5245 3747 5284 et
3832 5268 3833 5271 η

2161 5297 2339 5361 nolunt
2362 5309 2626 5361 resurgere
2642 5309 2756 5361 cum
2782 5297 2953 5361 David.
2979 5298 3085 5344 Non
3110 5298 3326 5346 cadendi
3343 5302 3625 5360 exemplum
3637 5315 3742 5361 pro~

2158 5358 2376 5417 positum
2402 5364 2475 5405 est
2506 5370 2518 5405 :
2545 5358 2630 5419 sed
2664 5360 2707 5404 si
2739 5359 2999 5418 cecideris,
3025 5362 3344 5419 resurgendi.
3372 5358 3576 5410 Attende
3597 5358 3659 5410 ne
3678 5376 3744 5409 ω-
3830 5378 3831 5381 ‘

2158 5421 2262 5466 das.
2310 5421 2415 5467 Non
2459 5420 2523 5484 sit
2546 5418 2567 5447 δ
2590 5421 2849 5467 delectatio
2885 5421 3162 5480 minorum,
3186 5418 3339 5471 casus
3362 5428 3604 5484 majorum
3628 5439 3642 5474 :
3663 5423 3738 5470 sed
3830 5450 3831 5465 ι

2158 5483 2231 5548 sit
2248 5495 2393 5529 casus
2415 5482 2662 5548 majorum
2688 5485 3158 5548 tremor-minorum.
3189 5486 3418 5534 Audiant
3442 5482 3529 5548 qui
3554 5501 3645 5533 non
3673 5500 3737 5531 ce-
3830 5506 3831 5517 ι

2156 5544 2402 5603 ciderunt,
2444 5557 2505 5590 ne
2530 5544 2723 5590 cadant.
2750 5544 2969 5591 Audiant
2992 5547 3081 5604 qui
3108 5547 3422 5609 ceciderunt,
3452 5544 3504 5597 ut
3527 5552 3727 5607 surgant.

2154 5614 2395 5660 Admonet
2417 5616 2565 5660 etiam
2592 5615 2687 5661 tale
2716 5615 3024 5678 exemplum,
3242 5632 3347 5667 non
3372 5634 3427 5668 se
3451 5629 3723 5681 quemquam

2152 5685 2386 5733 extollere
2432 5686 2610 5733 debere
2632 5688 2687 5733 in
2732 5689 2987 5746 prosperis
3025 5690 3197 5737 rebus.
3235 5690 3379 5738 Multi
3416 5693 3548 5739 enim
3574 5686 3723 5736 resad-

2212 5826 2233 5854 "
2252 5829 2444 5889 Atque
2466 5827 2595 5879 heic
2619 5827 3021 5892 rescripsimus
3032 5829 3313 5882 delectatio
3328 5845 3403 5885 ex
3416 5829 3718 5897 Augustino,

2146 5908 2250 5961 pro
2277 5910 2391 5961 quo
2417 5903 2589 5950 antea
2613 5906 2738 5951 erat
2759 5898 2986 5952 dilectio.

3696 390 3802 441 843

3822 5840 3827 6011 l
