3880 6222
132 337 249 392 849

132 465 317 498 versas
350 453 546 511 timent,
577 464 837 514 presperas
873 469 973 502 non
998 455 1189 507 timent.
1218 458 1549 507 Periculosior
1570 464 1643 508 est
1665 475 1750 508 au-

133 518 237 583 tem
271 527 359 561 res
384 528 620 583 prospera
639 519 842 578 animae,
869 531 1019 577 quam
1043 520 1103 566 ad
1115 534 1250 567 versa
1280 526 1491 582 corpori.
1520 525 1621 570 Hoc
1636 538 1745 583 pec-

131 581 312 645 catum
363 590 463 623 non
511 578 642 645 fecit,
684 592 804 645 cum
834 586 1204 645 persecutorem
1246 578 1441 632 Saulem
1477 578 1743 645 pateretur.

131 640 351 703 Semper
378 652 495 703 vero
518 640 761 688 adversus
782 642 1065 689 felicitatem
1090 645 1402 703 vigilandum
1429 640 1518 694 est.
1550 650 1749 694 Materia

132 701 301 768 hujus
328 702 515 759 psalmi
547 708 618 748 est
644 704 821 768 David,
843 706 949 751 sive
973 701 1185 764 quilibet
1207 708 1341 754 alius
1370 711 1636 768 pamitens.
1664 712 1750 756 ln-

132 762 504 830 tendit_au_tem
535 766 773 830 propheta
808 762 864 812 in
892 762 1004 830 hoc
1016 769 1210 827 psalmo
1247 762 1588 830 principaliter
1610 786 1750 819 orare

132 837 229 893 pro
244 823 458 893 triplici
493 823 1062 893 reatubujus‘criminis
1085 823 1379 889 supradicti,
1413 823 1609 880 scilicet
1632 848 1750 893 pro-

133 886 421 954 adulterio,
436 888 789 954 bomiciﬁdio,et
812 890 1006 940 fraude.
1034 886 1218 938 Dein—de
1237 886 1383 941 etiam
1409 909 1498 954 pro
1512 886 1752 943 omnibus

133 948 257 994 aliis
288 949 511 1009 delictis,
537 955 591 995 ut
614 948 740 998 Deus
770 954 1107 1001 hanc“noxam
1129 958 1179 1003 et
1202 969 1374 1004 omnes
1397 948 1523 1005 alias
1545 956 1641 1006 sibi
1666 960 1745 1005 in-

134 1010 366 1070 dulgeat,
399 1018 445 1057 et
474 1013 688 1071 gratiam
714 1016 872 1061 sancti
899 1016 1115 1074 Spiritus
1141 1018 1366 1064 restituat
1391 1035 1402 1066 :
1436 1020 1505 1066 ita
1529 1026 1583 1066 ut
1609 1021 1750 1067 illam

136 1086 429 1137 numquam
453 1076 674 1133 amplius
688 1078 893 1126 amittat.
912 1079 1209 1137 Proponitur
1223 1084 1389 1126 autem
1407 1082 1559 1128 David
1584 1082 1637 1128 in
1657 1084 1750 1129 hoc

134 1135 343 1202 psalmo
379 1138 618 1183 omnibus
637 1140 655 1196 j
665 1140 787 1185 ustis
808 1135 1185 1202 exemplarmon
1208 1144 1447 1200 peccandi
1467 1158 1479 1192 :
1498 1144 1585 1190 sed
1609 1145 1654 1190 si
1669 1158 1747 1191 ce-

135 1197 386 1264 ciderint,
418 1202 733 1264 resurgendi.
760 1202 815 1246 Et
837 1214 895 1248 ne
921 1197 973 1249 in
998 1197 1181 1250 virtute
1204 1197 1295 1251 sua
1319 1212 1747 1264 praesumanteum

136 1260 392 1329 scriptum
418 1261 501 1321 sit,
528 1263 624 1329 Qui
648 1268 761 1324 stat,
774 1264 938 1329 videat
954 1278 1017 1312 ne
1032 1264 1249 1325 cadat(l.
1272 1260 1751 1329 cor.10.).lnjustis

137 1322 199 1367 ad
237 1322 340 1391 hoc
385 1322 791 1391 proponitur,_u_t
830 1326 890 1372 de
918 1322 1270 1386 magnitudine
1292 1322 1561 1378 delictisui
1588 1322 1749 1391 aliqui

138 1397 241 1452 non
274 1385 561 1452 desperent,
595 1388 916 1452 respicientes
960 1385 1132 1447 David,
1162 1391 1282 1450 tanti
1320 1393 1492 1440 delicti
1517 1407 1604 1452 per
1627 1385 1748 1441 con-

140 1445 776 1516 dignamusatisfactionem
817 1445 1178 1511 consequutum
1202 1445 1419 1503 veniam.
1464 1445 1592 1503 Dicit
1634 1470 1751 1516 ergo

140 1508 217 1555 sic
239 1510 399 1556 David
429 1523 443 1560 :

679 1598 1081 1665 PSALMUS
1124 1601 1196 1664 L.

204 1738 257 1792 3.
294 1740 557 1789 Miserere
583 1742 706 1803 mei,
753 1742 909 1793 Deus.
944 1743 1175 1795 Dictum
1202 1748 1290 1796 est
1316 1757 1351 1797 a
1376 1746 1548 1800 simili
1570 1747 1749 1799 alicu-

1165 344 1240 394 IN
1272 343 1596 398 PSALMOS
1632 347 1841 398 LXXV
1875 347 2436 406 COMMENTARIUS

3339 364 3445 419 850

1769 462 1825 535 Α
1850 459 2021 511 tende
2045 461 2183 539 quid
2204 462 2336 515 facit
2361 466 2533 539 Deus.
2557 469 2613 520 Si
2637 483 2857 523 memor
2879 472 2962 523 sis
2986 475 3203 537 peccati
3224 476 3328 539 tui,
3354 475 3446 527 ille

1847 542 1965 581 non
1988 532 2094 581 erit
2108 544 2354 610 memor.
2382 537 2439 587 Si
2468 541 2532 588 tu
2549 541 2673 602 ejus
2698 541 2912 593 oblitus
2942 532 3129 604 fueris,
3148 547 3300 597 Deus
3316 532 3445 610 ejus

1847 602 2277 678 memorabitur.
2305 607 2422 670 Ego
2447 621 2576 659 sum
2599 612 2803 675 (inquit
2830 602 3125 678 Dominus)
3154 617 3253 678 qui
3281 602 3444 669 deleo

1846 671 2176 735 iniquitates
2207 679 2336 726 tuas
2371 677 2495 739 (Isai
2528 678 2653 743 45.).
2691 671 2778 734 'l‘u
2816 696 2949 736 vero
2982 671 3209 738 memor
3244 699 3446 737 earum

1848 744 2138 821 csto._S_ed
2183 746 2324 821 forte
2356 748 2508 821 dicet
2544 751 2772 814 aliquis,
2805 756 2877 805 Ut
2911 758 3050 819 quid
3089 770 3196 821 ego
3226 770 3449 810 memor

1849 818 2018 864 sum?
2053 816 2127 866 Ut
2162 818 2211 867 si
2248 819 2478 884 gratior,
2514 821 2723 885 inquit,
2762 816 3156 880 misericordia
3191 842 3338 885 mea.
3383 830 3449 880 ut

1849 885 2066 936 sentias
2096 886 2232 949 quid
2250 889 2353 940 tibi
2372 893 2776 944 concesserim.
2796 895 2853 944 Si
2875 896 3027 947 enim
3040 898 3216 950 fueris
3228 912 3450 951 memor

1849 955 2065 1029 cumuli
2096 963 2461 1029 peccatorum
2490 967 2740 1026 tuorum,
2765 966 2879 1015 eris
2900 978 3121 1019 memor
3138 973 3193 1018 et
3205 973 3452 1029 magnitu-

1849 1025 1999 1075 dinis
2025 1027 2423 1083 beneﬁcentia:
2448 1033 2565 1083 Dei.
2593 1025 2757 1085 Tales
2780 1040 2943 1086 erant
2958 1038 3173 1091 sancti:
3206 1025 3451 1091 virtutes

1853 1108 1989 1169 suas
2002 1110 2119 1147 non
2135 1099 2493 1163 emittebant,
2510 1106 2611 1155 sed
2628 1111 2991 1169 peccatorum
3011 1120 3246 1159 suorum
3266 1124 3454 1157 memo-

1850 1166 1996 1242 riam
2019 1171 2400 1223 revocabant:
2421 1186 2540 1226 non
2569 1166 2720 1227 sicut
2743 1189 2897 1228 nunc
2912 1177 3197 1242 homines,
3218 1181 3315 1242 qui
3330 1192 3453 1242 pec-

1850 1241 2108 1313 ceterum
2133 1252 2372 1293 suorum
2396 1245 2839 1310 obliviscuntur,
2867 1254 2924 1300 et
2947 1249 3131 1301 celare
3148 1241 3390 1313 cupiunt
3407 1250 3454 1301 si

1851 1308 2141 1385 quippiam
2164 1317 2360 1365 autem
2385 1317 2521 1367 boni
2548 1308 2835 1383 fecerunt,
2850 1319 2912 1372 in
2934 1320 3126 1371 medio
3139 1308 3453 1385 proferunt,

1849 1384 1907 1455 et
1926 1382 2198 1455 omnibus
2210 1388 2504 1450 propalare
2516 1388 2810 1442 festinant.
2827 1392 3036 1442 Fecisti
3049 1382 3263 1455 aliquid
3282 1393 3417 1445 boni
3430 1396 3456 1443 ?

1850 1451 1982 1525 Cela
2008 1454 2167 1516 illud,
2188 1460 2254 1507 ut
2270 1459 2552 1511 Dominus
2567 1465 2705 1513 tuus
2722 1462 2929 1525 videat,
2947 1468 3003 1514 et
3018 1451 3228 1515 laudet.
3245 1463 3455 1515 Fecisti

1850 1524 2032 1597 mala?
2055 1538 2305 1590 agnosce
2331 1532 2389 1581 et
2411 1532 2670 1596 emenda,
2695 1538 2754 1584 et
2794 1524 3040 1597 ignescit
3064 1538 3236 1587 Deus.
3268 1534 3458 1587 Conﬂ-

1853 1595 1971 1667 tere
2000 1596 2136 1659 Deo,
2166 1603 2224 1649 et
2249 1599 2340 1650 dic
2363 1602 2519 1663 quod
2547 1595 2846 1667 sequitur?

1914 1664 1965 1719 6.
2002 1667 2114 1716 Tibi
2139 1669 2237 1718 soli
2258 1673 2485 1735 peccavi.
2512 1676 2614 1725 Cui
2631 1664 2745 1726 soli
2768 1676 3060 1728 reddenda
3084 1681 3175 1728 est
3213 1678 3358 1731 ratio
3383 1678 3455 1729 de

1846 1743 2097 1811 peccato,
2134 1741 2233 1804 qui
2271 1743 2430 1794 solus
2467 1750 2557 1795 est
2587 1747 2711 1797 sine
2748 1753 2982 1811 peccato
3033 1748 3208 1811 (Joan.
3246 1748 3338 1811 8.).
3384 1749 3456 1798 Et

139 1810 239 1874 jus
389 1823 598 1863 caussa
620 1812 979 1900 deprehensi,
1007 1815 1174 1896 cujus
1213 1816 1449 1900 crimen,
1475 1819 1609 1881 quia
1628 1820 1749 1900 jam

1852 1808 2062 1900 malum
2078 1820 2352 1900 Lcorazmute
2383 1815 2503 1878 feci.
2529 1808 2796 1900 Quid‘est
2814 1818 2923 1900 h‘oc
2948 1808 3055 1899 (Ea:
3083 1808 3411 1900 Augustino)
3438 1838 3449 1868 :

145 1881 527 1934 manifestum
550 1888 638 1935 est
655 1884 969 1951 judicibus,
994 1900 1112 1937 non
1129 1886 1251 1949 jam
1277 1880 1474 1940 studet
1496 1880 1642 1940 illud
1660 1890 1749 1941 de-

1853 1881 2054 1952 coram
2078 1880 2414 1935 hominibus
2430 1899 2545 1937 non
2569 1893 2660 1939 est
2684 1888 2705 1917 ⁸³
2728 1888 2975 1940 adulteri
2998 1902 3146 1941 uxor
3167 1880 3371 1952 aliena,
3397 1880 3455 1943 et

145 1952 377 2004 tendere
402 1968 417 2003 :
447 1954 549 2006 sed
576 1954 758 2006 solam
772 1957 1000 2007 veniam
1012 1957 1213 2008 nititur
1223 1958 1581 2022 deprecando
1594 1964 1771 2021 impe-‘

149 2028 313 2086 trare,
340 2037 512 2076 suam
538 2026 933 2090 pcenitentiam
958 2028 1295 2090 ostendens,
1314 2034 1372 2081 et
1394 2031 1599 2081 merita
1616 2043 1755 2094 pree-

150 2095 315 2145 terita
350 2096 724 2159 praetendens
752 2114 763 2145 :
798 2100 853 2149 et
880 2098 962 2150 sic
988 2098 1276 2150 facturum
1316 2101 1464 2151 bona
1486 2101 1543 2151 in
1565 2102 1752 2152 futuro

148 2166 510 2229 promittens.
536 2169 700 2220 Prius
717 2174 841 2221 orat
863 2183 966 2234 pro
988 2175 1254 2232 peccato:
1282 2171 1491 2223 deinde
1533 2184 1752 2223 crimen

149 2249 315 2288 suum
336 2242 555 2303 ;sponte
592 2240 914 2292 conﬁtetur.
947 2243 1030 2292 Ac
1055 2241 1104 2292 si
1128 2241 1358 2307 diceret,
1383 2244 1541 2303 Deus,
1564 2243 1620 2294 id
1646 2246 1749 2306 est,

150 2308 374 2360 Greater
419 2322 606 2371 meus,
646 2323 821 2374 quem
844 2324 1056 2376 magna
1078 2317 1134 2363 et
1156 2313 1456 2377 multiplex
1476 2314 1751 2377 iniquitas

150 2391 274 2433 mea
295 2393 416 2432 non
427 2381 588 2441 latet,
615 2383 863 2433 Miserere
883 2385 1009 2447 mei,
1033 2384 1327 2433 secundum
1349 2400 1615 2449 magnam
1638 2386 1749 2433 mi-

149 2451 502 2501 sericordiam
534 2458 703 2503 tuam.
749 2454 923 2518 Idest,
959 2454 1033 2504 ad
1066 2456 1309 2506 modum
1340 2456 1751 2508 misericordiae

151 2524 283 2582 tuae,
317 2535 457 2585 quae
489 2536 701 2588 magna
737 2529 846 2590 est,
882 2525 1108 2577 dimitte
1131 2538 1411 2588 magnum
1449 2532 1749 2590 peccatum

151 2604 360 2644 meum.
384 2594 460 2644 Et
473 2596 768 2645 secundum
784 2597 1188 2646 multitudinem
1202 2598 1616 2646 miserationum
1636 2604 1752 2646 tua-

150 2679 287 2713 rum.
311 2665 490 2726 Idest,
515 2666 587 2718 ad
610 2667 849 2718 modum
878 2668 1317 2719 miserationum
1338 2674 1584 2729 tuarum,
1618 2681 1751 2731 quae

152 2735 345 2789 multa:
371 2741 515 2788 sunt
538 2737 599 2788 in
619 2738 856 2801 effectis,
883 2738 992 2787 dele
1014 2739 1357 2802 iniquitatem
1384 2753 1587 2789 meam:
1617 2752 1750 2802 quae

154 2806 453 2871 multiplex
477 2812 584 2859 est.
610 2808 783 2870 Idest,
811 2809 935 2860 dele
960 2809 1358 2873 homicidium,
1384 2809 1664 2875 fraudem,
1694 2815 1751 2861 et

153 2876 512 2930 adulterium.
539 2880 646 2931 Hic
668 2880 922 2932 ostendit
937 2883 1302 2944 etpeccatum
1321 2893 1491 2932 suum
1509 2896 1746 2941 magnum

156 2960 278 3001 esse
315 2952 457 3013 (erat
479 2952 633 3002 enim
657 2951 1006 3003 adulterium
1037 2951 1106 3017 [1.
1134 2953 1262 3015 Reg.
1288 2951 1396 3017 11.]
1425 2951 1439 3014 )
1472 2955 1528 3003 et
1550 2952 1750 3002 multi-

156 3018 298 3084 plex.
316 3022 398 3072 Ibi
424 3034 679 3086 namque
705 3022 1082 3074 homicidium
1106 3028 1165 3075 et
1186 3022 1360 3085 fraus,
1376 3026 1433 3074 et
1448 3023 1749 3074 multaalia

157 3090 403 3145 denotari
431 3096 696 3157 possunt.
724 3096 845 3146 Hoc
860 3094 1037 3146 distat
1058 3094 1207 3146 inter
1223 3094 1676 3147 misericordiam
1694 3100 1751 3145 et

156 3162 581 3217 miserationem
609 3183 619 3214 :
636 3165 768 3228 quia
794 3167 948 3218 Deus
961 3164 1299 3217 naturaliter
1312 3178 1536 3230 semper
1551 3168 1638 3216 est
1654 3167 1747 3212 mi-

158 3234 389 3286 sericors
412 3236 478 3287 in
502 3249 583 3299 se,
608 3235 908 3288 actualiter
935 3241 1128 3288 autem
1147 3237 1447 3287 miserator
1478 3236 1539 3287 in
1558 3236 1744 3287 nobis.

160 3304 559 3360 Misericordia:
582 3308 769 3359 virtus
791 3306 1245 3370 inseparabiliter
1271 3308 1330 3357 in
1347 3309 1465 3358 Deo
1482 3312 1591 3358 est.
1607 3308 1747 3358 Cum

161 3380 343 3428 autem
367 3391 446 3431 ex
467 3378 575 3431 hac
586 3378 977 3431 misericordia
987 3380 1155 3429 nobis
1168 3379 1361 3441 aliqua
1377 3379 1649 3430 beneﬁcia
1660 3382 1751 3426 tri-

162 3446 429 3513 buuntur,
452 3450 848 3501 miserationes
873 3450 1160 3501 dicuntur.
1188 3451 1257 3501 Et
1277 3449 1602 3501 notandum
1613 3453 1746 3511 quod

155 3520 247 3582 qui
259 3534 527 3585 magnam
542 3521 993 3574 misericordiam
1007 3521 1359 3586 deprecatur,
1373 3534 1646 3584 magnam
1658 3524 1751 3569 mi-

157 3592 352 3644 seriam
372 3594 700 3646 confitetur.
728 3592 1044 3657 Opponitur
1067 3605 1203 3657 ergo
1216 3604 1426 3657 magna
1436 3592 1750 3644 misericor-

157 3660 243 3713 dia
261 3676 472 3729 magno
497 3669 751 3729 peccato.
768 3663 1087 3727 Opponitur
1110 3663 1417 3715 multitudo
1437 3663 1750 3715 miseratio-

157 3745 290 3786 num
309 3736 716 3801 multiplicitati
739 3734 1055 3799 culparum.
1081 3735 1381 3799 Propterea
1404 3734 1596 3787 adhuc
1617 3735 1749 3785 sub-

157 3803 339 3869 jungit
365 3823 376 3858 :

217 3876 264 3929 4.
294 3878 562 3944 Amplius,
602 3891 788 3942 quam
813 3891 947 3943 ergo
971 3884 1025 3931 te
1049 3878 1338 3943 deprecari
1359 3877 1603 3939 valeam,
1626 3876 1747 3927 lava

162 3960 237 3995 me
258 3947 320 3996 ab
353 3950 645 4015 iniquitate
668 3964 814 4001 mea:
838 3954 902 4000 ut
927 3959 943 3978 ·
969 3950 1224 4001 dimittas
1246 3962 1379 4014 quae
1396 3948 1749 4000 conscientia

161 4020 374 4081 metuit,
397 4025 453 4073 et
473 4022 710 4084 adjicias
741 4021 896 4084 quod
925 4021 1105 4073 oratio
1129 4034 1245 4072 non
1279 4020 1595 4085 prmsumit.
1624 4020 1689 4067 Et
1714 4035 1749 4067 a

159 4096 352 4149 ρεσεαεο
376 4108 492 4142 meo
512 4093 727 4142 munda
748 4108 847 4141 me.
875 4092 1307 4154 Quamvisinter
1322 4091 1683 4154 iniquitatem
1699 4095 1754 4137 et

162 4167 448 4240 Peccatum
479 4163 619 4240 nihil
645 4163 858 4215 distare
882 4164 1175 4240 perhibeat
1193 4165 1448 4240 Joannes
1463 4163 1746 4240 Apostolus,

164 4231 254 4291 qui
282 4234 376 4297 ait,
412 4235 695 4297 Iniquitas
734 4240 1036 4298 peccatum
1070 4238 1163 4285 est
1196 4232 1264 4294 (1.
1291 4232 1454 4282 Joan.
1483 4231 1551 4293 1.)
1584 4231 1748 4292 :ipso

164 4304 346 4356 tamen
369 4320 481 4358 usu
505 4306 776 4369 loquendi
803 4306 933 4366 plus
955 4305 1228 4367 iniquitas
1257 4315 1429 4366 quam
1451 4305 1749 4365 peccatum

167 4379 341 4444 sonat.
389 4378 457 4429 Et
493 4378 680 4428 omnis
710 4376 883 4444 254
910 4390 970 4428 se
994 4376 1166 4428 homo
1190 4375 1365 4425 libere
1388 4376 1748 4444 peccatorcm

166 4440 375 4497 fatetur.
407 4448 676 4512 iniquum
700 4440 836 4500 Vero
856 4440 1069 4511 dicere,
1094 4456 1519 4508 nunnunquam
1541 4443 1744 4495 erube-

165 4514 284 4584 scit.
307 4519 442 4571 Cum
469 4532 600 4584 ergs
623 4520 913 4583 paenitens
939 4520 1047 4570 iste
1083 4522 1223 4577 orat,
1257 4521 1321 4567 ut
1350 4517 1421 4566 ab
1445 4513 1749 4577 iniquitate

164 4581 392 4653 lavetur,
403 4596 460 4643 et
482 4605 517 4643 a
528 4581 763 4655 peccato
778 4590 1092 4643 mundetur
1110 4607 1120 4637 :
1143 4592 1260 4641 tam
1276 4600 1309 4639 a
1328 4586 1746 4651 graviori,quam

1777 3188 1825 3262 C

1851 1950 2093 2025 maritus
2131 1954 2373 2025 occisus.
2414 1957 2522 2008 Sed
2558 1958 2614 2008 in
2638 1959 2746 2011 hoc
2771 1960 2875 2011 soli
2900 1962 3019 2012 Deo
3043 1967 3243 2025 peccat
3267 1950 3453 2013 omnis

1852 2019 2043 2083 homo,
2092 2024 2247 2085 quod
2282 2026 2440 2078 solus
2471 2030 2627 2080 Deus
2660 2032 2849 2093 potest
2880 2019 3080 2083 curare
3104 2032 3397 2083 hominem
3421 2046 3454 2084 a

1850 2098 2101 2166 peccato.
2134 2097 2215 2145 Ac
2236 2097 2283 2147 si
2308 2099 2535 2162 egregio
2559 2101 2776 2152 medico
2799 2101 2952 2153 dicat
2988 2105 3243 2166 aegrotus
3278 2119 3290 2153 :
3329 2104 3453 2154 Tibi

1853 2162 1960 2239 soli
1983 2171 2200 2239 aegroto
2229 2185 2238 2215 :
2266 2170 2594 2231 passionem
2624 2184 2815 2222 meam
2838 2162 3264 2224 nullus‘sanare
3276 2180 3452 2239 potest,

1852 2234 1965 2305 nisi
1996 2239 2059 2285 tu
2086 2236 2262 2287 solus.
2292 2239 2440 2290 Hinc
2463 2241 2520 2291 in
2543 2242 2653 2292 alio
2666 2243 2889 2305 psalmo
2905 2242 2974 2293 de
2995 2243 3104 2293 hoc
3120 2244 3337 2295 caelesti
3351 2234 3453 2292 mel

1852 2304 1979 2377 dico
2010 2307 2221 2359 animm
2244 2311 2547 2373 peccatrici
2564 2304 2902 2374 dici’tur,Qui
2919 2314 3456 2377 prepitiaturomni-

1851 2376 1964 2447 bus
1988 2377 2392 2440 iniquitatibus
2420 2382 2532 2434 tuis
2557 2383 2899 2447 (Psal.10‘2.).
2922 2376 3041 2446 Qui
3061 2390 3229 2436 sanat
3251 2398 3456 2436 omnes

1850 2445 2215 2500 inﬁrmitates
2264 2455 2410 2503 tuas.
2448 2455 2623 2505 Recte
2658 2445 3069 2507 autem'coram
3095 2457 3215 2507 Dco
3238 2454 3455 2507 malum

1854 2516 2055 2590 fecisse
2082 2532 2144 2571 se
2168 2520 2322 2587 dicit,
2338 2525 2474 2587 quia
2491 2525 2650 2576 solus
2664 2526 2818 2577 Deus
2831 2526 3000 2589 quale
3020 2529 3074 2578 et
3087 2530 3373 2590 quantum
3391 2528 3455 2574 sit

1853 2589 2072 2640 malum
2094 2593 2377 2657 cujusque
2401 2597 2716 2658 cognoscit.
2730 2597 2915 2648 Homo
2933 2598 3087 2647 enim
3112 2589 3271 2648 videt
3294 2597 3353 2648 in
3373 2597 3455 2647 fa-

1851 2659 1956 2721 cie,
1984 2662 2136 2711 Deus
2161 2663 2319 2715 videt
2339 2666 2398 2715 in
2424 2666 2591 2716 corde
2620 2666 2755 2729 [Job.
2782 2666 2922 2730 35.).
2945 2668 3131 2717 Homo
3152 2667 3306 2718 videt
3328 2680 3454 2730 pec-

1851 2733 2047 2781 catum
2072 2734 2277 2799 aperis,
2302 2738 2459 2787 Deus
2482 2737 2715 2801 inspicit
2733 2739 2903 2788 etiam
2920 2737 3171 2789 radicem
3188 2738 3455 2788 intentio-

1852 2801 1967 2852 nis.
2006 2803 2127 2864 Vel,
2171 2804 2272 2856 tibi
2298 2805 2401 2857 soli
2429 2807 2551 2858 sine
2588 2814 2841 2871 peccato,
2877 2809 3109 2871 peccavi
3137 2812 3195 2859 et
3234 2807 3452 2859 malum

1850 2884 2043 2923 coram
2071 2878 2124 2924 te
2147 2875 2271 2938 feci,
2321 2889 2493 2940 quem
2517 2876 2739 2929 nullum
2764 2878 2905 2930 latet
2933 2881 3236 2929 secretum.
3257 2879 3355 2930 Ille
3366 2880 3453 2942 ju-

1849 2947 1976 2993 stus
2000 2946 2231 3007 punitor
2253 2953 2362 3012 est,
2384 2950 2482 3011 qui
2505 2950 2566 3001 in
2588 2961 2649 3000 se
2671 2961 2788 3000 non
2810 2949 2986 3001 habet
3010 2949 3163 3013 quod
3176 2950 3453 3013 puniatur

1849 3015 1918 3064 Et
1942 3014 2070 3067 ideo
2094 3021 2438 3082 oro,munda
2461 3036 2561 3070 me.
2588 3024 2814 3083 Quare?
2843 3022 2905 3069 Ut
2920 3021 3230 3085 justiﬁceris
3254 3022 3316 3070 in
3341 3036 3455 3070 ser-

1852 3086 2104 3136 monibue
2127 3089 2249 3137 tuis.
2275 3092 2471 3143 Sermo
2494 3095 2632 3143 tuus
2656 3095 2765 3151 est,
2780 3091 3191 3143 Convertimlni
3205 3091 3278 3143 ad
3289 3097 3453 3144 meet

1854 3155 2001 3207 salvi
2024 3159 2181 3210 eritis
2204 3160 2344 3224 (lsai.
2373 3161 2499 3225 45.).
2526 3165 2723 3214 Sermo
2749 3167 2883 3214 tuus
2913 3166 3020 3223 est,
3040 3163 3242 3214 Venite
3264 3163 3335 3214 ad
3359 3176 3453 3215 me

1852 3240 2056 3279 omnes
2081 3231 2179 3292 qui
2209 3232 2502 3296 laboratis,
2520 3234 2807 3285 etonerati
2829 3233 2989 3291 estis,
3006 3238 3064 3284 et
3077 3246 3181 3297 ego
3194 3245 3300 3285 vos
3324 3234 3453 3286 reﬁ-

1849 3300 1998 3349 ciam
2023 3300 2236 3360 (Matth.
2266 3302 2389 3367 11.).
2406 3306 2602 3356 Sermo
2626 3311 2764 3356 tuus
2789 3309 2895 3367 est,
2923 3309 3297 3366 Quacumque
3311 3304 3454 3356 hora

1847 3376 2113 3433 peccator
2136 3385 2453 3426 conversus
2476 3375 2664 3439 fuerit,
2682 3376 2800 3427 vita
2824 3376 3002 3436 vivet,
3021 3379 3079 3426 et
3101 3386 3220 3425 non
3242 3376 3452 3427 morie-

1849 3448 1942 3498 tur
1980 3445 2187 3507 (Ezech.
2220 3443 2344 3509 18.).
2383 3448 2454 3497 Et
2485 3460 2590 3509 ego
2623 3446 2853 3509 quidem
2876 3458 3192 3497 conversus
3218 3458 3369 3503 sum,
3395 3451 3453 3499 et

1798 3549 1807 3556 -
1848 3519 1921 3569 ad
1948 3522 2003 3570 te
2026 3518 2263 3570 veniens
2289 3517 2736 3568 misericordiam
2761 3521 2912 3581 peto.
2932 3516 3165 3567 Dimitte
3190 3528 3326 3580 ergo
3338 3532 3451 3577 quin

1849 3590 2139 3650 commisi,
2181 3588 2354 3657 255
2375 3593 2440 3639 ut
2454 3588 2512 3639 in
2526 3588 2889 3639 sermonibus
2903 3586 3222 3650 tuisjnstus
3238 3594 3285 3634 et
3302 3602 3451 3636 verax

1847 3661 2178 3713 inveniaris.
2217 3664 2286 3711 Et
2311 3661 2497 3709 vincas
2520 3658 2943 3722 cumjudicaris.
2963 3658 3138 3720 Idest,
3165 3669 3296 3708 cum
3323 3657 3450 3720 qui-

1848 3731 1982 3782 dam
2027 3744 2202 3795 prave
2248 3730 2634 3795 intelligentes
2664 3729 2928 3793 jucident
2960 3733 3015 3779 te
3048 3740 3165 3778 non
3196 3726 3455 3778 misereri

1847 3802 2219 3854 criminaliter
2240 3801 2438 3866 lapsis.
2465 3801 2643 3852 Vince
2668 3799 2813 3862 illos,
2838 3804 2896 3851 et
2918 3799 3266 3851 sententiam
3278 3812 3452 3847 eorum

1847 3874 2101 3936 destrue,
2126 3873 2266 3925 mihi
2296 3872 2583 3937 parcendo
2621 3870 2990 3923 criminilater
3022 3871 3201 3934 lapso.
3236 3869 3451 3921 Aliter:

1846 3944 1984 3996 Ideo
2012 3945 2113 3996 tibi
2143 3944 2251 3995 soli
2274 3948 2511 4007 peccata
2534 3954 2662 3993 mea
2685 3942 2959 3993 conﬁteor
2984 3957 2996 3992 :
3023 3940 3153 3992 ideo
3178 3953 3372 3991 coram
3399 3944 3455 3991 te

1847 4016 1998 4066 mala
2037 4027 2167 4066 mea
2199 4015 2424 4077 detego,
2464 4017 2530 4064 ut
2568 4018 2624 4063 te
2651 4012 2966 4076 justiﬁcem
2997 4012 3058 4063 in
3082 4012 3453 4063 sermonibus

1851 4086 1984 4148 tuis,
2003 4090 2061 4136 et
2078 4098 2170 4136 me
2190 4084 2478 4146 inculpem
2505 4083 2835 4146 inoperibus
2870 4082 3046 4133 meis:
3074 4084 3131 4134 et
3165 4087 3447 4144 tanquam

1843 4157 2059 4220 judicio
2085 4155 2417 4213 constituto,
2442 4154 2642 4204 vincas
2658 4157 2740 4214 tu,
2769 4153 2966 4204 vincar
2977 4165 3101 4215 ego.
3119 4154 3283 4216 Saepe
3298 4152 3453 4203 enim

1849 4227 1988 4277 dum
2017 4237 2283 4277 caussam
2308 4225 2407 4274 Dei
2436 4236 2570 4287 erga
2592 4235 2716 4283 nos,
2750 4228 2808 4274 et
2825 4228 3085 4274 nostram
3110 4234 3247 4285 erga
3271 4223 3453 4273 Deum

1848 4296 2147 4359 diligenter
2173 4295 2541 4355 discutimus,
2561 4293 2753 4357 ipsum
2776 4295 2961 4344 Deum
2972 4291 3123 4356 apud
3141 4304 3250 4342 nos
3266 4304 3339 4342 ex
3363 4304 3453 4341 ra-

1849 4368 1927 4418 tio
1940 4380 2012 4417 ne
2057 4366 2410 4429 judicamus.
2457 4363 2733 4415 Ascendit
2766 4363 2940 4414 homo
2965 4361 3213 4412 tribunal
3240 4362 3451 4412 mentis

1849 4450 2007 4491 suae:
2030 4438 2096 4489 Iit
2119 4436 2445 4489 accusatrix
2469 4434 2756 4498 cogitatio,
2785 4435 2946 4484 testis
2972 4432 3360 4484 conscientia:
3389 4433 3453 4483 ﬁt

1843 4510 2022 4574 judex
2048 4509 2210 4567 ratio,
2236 4507 2492 4558 carnifex
2526 4508 2696 4557 timor
2720 4520 2735 4552 :
2766 4509 2981 4556 etcum
3007 4516 3069 4554 se
3094 4503 3374 4566 injustam
3393 4506 3454 4553 et

1849 4581 2179 4633 convictum
2195 4577 2544 4642 deprehendi
2553 4575 2874 4637 t,hnmilior
2887 4575 3073 4625 factus
3085 4574 3385 4637 gratiorem
3401 4588 3454 4621 se

165 4666 196 4705 a
212 4644 403 4713 leviori
425 4644 595 4727 culpa
607 4663 965 4715 curationem
978 4661 1271 4726 postulare
1290 4644 1535 4709 videtur.
1552 4644 1626 4707 Et
1637 4672 1753 4717 sup-
1771 4644 1830 4716 D
1855 4650 2325 4727 Dominoreddit.
2352 4649 2477 4710 Vel,
2502 4648 2686 4727 vincas
2710 4662 2840 4727 cum‘
2859 4645 3152 4727 judicaris,
3178 4645 3346 4727 idest,
3369 4649 3447 4727 tu

167 4731 317 4790 Ponit
338 4745 620 4797 caussam,
647 4748 824 4800 quare
849 4734 957 4785 sibi
981 4733 1193 4785 dimitti
1210 4730 1461 4797 postulat
1485 4728 1638 4794 quod
1657 4727 1750 4779 de-

167 4796 335 4848 liquit-
362 4805 559 4848 dicens
584 4820 596 4848 ε

189 4798 337 4865 iquit,
362 4805 559 4858 dicens
584 4820 596 4856 :

224 4870 272 4924 5.
298 4875 565 4933 Quoniam
589 4878 936 4942 iniquitatem
960 4891 1133 4926 meam
1154 4890 1245 4939 ego
1262 4886 1535 4938 cognosco,
1551 4883 1750 4942 securi-

170 4939 297 4995 dum
319 4939 713 5010 paenitentiam
737 4953 795 5001 et
822 4947 1272 5000 satisfactionem
1297 4962 1307 4994 :
1336 4948 1393 4997 et
1414 4943 1525 4995 hoc
1547 4954 1662 4993 non
1676 4940 1749 4992 ad

168 5010 372 5083 horam,
390 5021 489 5073 sed
507 5021 796 5073 continue.
810 5019 944 5071 Ideo
959 5018 1154 5071 subdit
1171 5032 1182 5068 :
1200 5018 1265 5066 Et
1283 5020 1557 5080 peccatum
1568 5027 1747 5061 meum

169 5091 344 5137 contra
366 5105 450 5141 me
470 5097 541 5142 est
556 5107 779 5156 semper.
809 5090 1012 5142 Contra
1035 5104 1142 5164 me,
1165 5088 1222 5139 id
1246 5091 1356 5164 est,
1389 5090 1523 5164 ante
1552 5083 1749 5164 oculos

170 5165 337 5210 meos.
385 5164 507 5215 Non
552 5166 641 5216 est
667 5155 895 5215 ’oblltus
931 5160 1148 5227 peccati
1179 5160 1267 5211 sui
1310 5162 1368 5210 et
1410 5155 1746 5220 iniquitatis,

172 5232 427 5307 quamvis
445 5235 565 5299 jam
595 5248 631 5287 a
651 5233 935 5307 propheta
952 5231 1223 5307 audisset
1236 5244 1259 5307 :_
1278 5228 1595 5307 Transtulit
1626 5238 1660 5277 a
1678 5230 1750 5307 Ite

172 5297 316 5352 Deus
362 5297 670 5368 peccatum
692 5297 859 5358 tuum
889 5302 958 5366 (2.
1002 5305 1125 5367 Reg.
1158 5301 1285 5365 12.).
1312 5304 1377 5352 In
1402 5297 1752 5351 conscientia

174 5378 271 5441 sua
291 5378 562 5439 tanquam
583 5376 922 5441 inimagine,
940 5373 1288 5425 adulterium
1309 5375 1365 5423 et
1380 5369 1751 5422 homicidium

174 5437 450 5512 depictum
463 5449 715 5501 habebat
731 5462 745 5499 :
774 5437 878 5512 per
894 5444 1153 5510 singulos
1178 5444 1300 5494 dies
1316 5441 1545 5493 videbat
1559 5443 1751 5504 putre-

174 5508 380 5566 dinem:
399 5524 453 5570 et
469 5520 594 5573 ideo
607 5508 855 5571 dicebat.
882 5517 949 5566 Et
969 5508 1246 5581 peccatum
1266 5527 1443 5562 meum
1470 5518 1657 5561 contra
1670 5525 1753 5559 me

174 5588 465 5652 estsemper.
490 5595 609 5657 Ego
638 5590 781 5643 illud
805 5587 989 5642 video.
1019 5589 1104 5638 Tu
1127 5586 1187 5637 id
1209 5598 1282 5637 ne
1307 5583 1753 5635 consideres.At-

235 5715 251 5733 '
291 5710 553 5769 Ecclesiae
582 5716 755 5768 verba
778 5718 935 5774 sunt,
961 5711 1172 5776 quibus
1199 5711 1383 5763 Deum
1408 5710 1670 5773 precatur
1692 5706 1754 5757 in

176 5773 318 5850 Orat.
352 5784 663 5840 Dominicm
689 5788 788 5838 χι.
812 5773 946 5850 post
962 5773 1285 5837 Pentecost.

232 5847 253 5876 δ
280 5852 509 5927 Adridet
526 5860 713 5925 magis
736 5847 1049 5922 Augustini
1066 5854 1234 5910 lectio
1246 5854 1354 5909 sub
1364 5848 1755 5916 interrogandi

1846 4724 2064 4789 judicio
2088 4721 2211 4773 Filii
2237 4721 2338 4785 tui,
2363 4733 2478 4796 quo
2503 4719 2926 4796 condemnatus
2948 4722 3039 4768 est
3060 4716 3252 4777 morti,
3270 4715 3454 4796 victor

1852 4787 2145 4860 appareas,
2172 4792 2493 4845 secundum
2519 4789 2989 4868 clariﬁcationem
3005 4787 3454 4868 resurrectionis

1849 4872 1905 4919 et
1929 4865 2302 4918 ascensionis.
2332 4866 2575 4928 Superas
2599 4861 2753 4913 enim
2777 4873 2978 4912 omnes
2996 4859 3246 4924 judices:
3272 4862 3331 4910 et
3354 4859 3453 4921 qui

1852 4951 1914 4990 se
1936 4940 2101 5002 putat
2117 4939 2563 5010 justu4m_cor_am
2588 4938 2661 5010 te,
2678 4932 2932 4993 injustus
2957 4935 3063 5010 est.
3078 4931 3207 5010 .Ne‘c'
3223 4929 3329 4991 (Ea:
3347 4930 3457 5010 Au-

1849 5000 2087 5073 gustino)
2106 5000 2319 5082 Suﬁlcit
2338 5004 2519 5082 David
2546 5006 2904 5082 tantum‘s-ua
2929 5000 3456 5082 criminaliapeccata

1850 5072 2103 5132 Conﬁteri
2132 5095 2144 5131 :
2171 5080 2344 5132 etiam
2360 5078 2551 5143 ipsum
2578 5075 2652 5127 ad
2673 5074 2968 5151 medicum
2993 5072 3159 5151 ducit
3178 5072 3455 5151 originem

1851 5152 2087 5215 peccati.
2105 5151 2310 5203 Omnia
2331 5140 2655 5210 confitetur,
2678 5146 2740 5198 in
2765 5145 3037 5196 omnibus
3062 5155 3122 5193 se
3142 5140 3414 5215 humiliat
3440 5153 3452 5189 :

1851 5211 1916 5273 ut
1931 5224 2188 5275 omnium
2200 5226 2567 5288 peccatorum
2582 5218 2811 5269 veniam
2820 5218 3125 5288 mereatur.
3142 5211 3306 5263 Unde
3318 5225 3457 5288 nunc

1850 5295 1969 5344 tam
2018 5306 2140 5357 sua,
2189 5280 2363 5356 quam
2404 5291 2580 5343 totius
2613 5288 2854 5340 humani
2894 5286 3121 5349 generis
3151 5292 3293 5333 voce
3320 5280 3452 5330 sub-

1843 5365 2058 5428 jungit,
2083 5364 2282 5415 dicens
2306 5380 2316 5410 :
2710 5428 2713 5429 7
3040 5428 3045 5429 ί
3358 5425 3366 5429 Α
3405 5420 3414 5429 ε

1913 5425 1981 5488 7:
1990 5435 2121 5483 Ecce
2146 5435 2293 5483 enim
2317 5434 2380 5481 in
2407 5428 2797 5495 iniquitatibus
2835 5428 3112 5488 conceptus
3140 5434 3290 5479 sum,
3321 5425 3367 5468 et
3395 5425 3456 5502 in,

1852 5506 2080 5572 peccatis
2104 5504 2336 5565 concepit
2350 5518 2433 5551 me
2448 5508 2624 5574 mater
2645 5515 2784 5549 mea.
2806 5498 2983 5574 Mater
2998 5504 3128 5574 mea
3136 5507 3215 5539 me
3230 5496 3459 5574 concepit

1852 5569 1985 5631 cum
1997 5573 2376 5627 delectatione
2389 5572 2726 5635 peccati.Ego
2740 5573 3010 5627 conceptus
3020 5569 3243 5613 contraxi
3258 5577 3397 5610 mecu
3405 5578 3453 5609 m

1851 5706 2009 5763 nota,
2042 5711 2154 5746 non
2190 5700 2260 5745 est
2285 5694 2589 5743 adulterata
2612 5708 2758 5743 uxor
2780 5690 2964 5741 aliena
2985 5694 3031 5739 et
3053 5689 3289 5735 maritus
3314 5685 3456 5736 occi-

1851 5774 1993 5824 sus?
