3880 6222
380 257 481 312 851

1436 250 1703 302 RUFINO
1737 243 2194 301 PRESBYTERO
2228 244 2626 297 ASCRIPTUS.

3606 234 3742 292 85?.

379 367 743 432 iniquitatem
762 363 1055 427 originalis
1080 361 1287 413 delicti.
1307 361 1596 424 Numquid
1608 361 1679 413 de
1695 359 1975 412 adulterio
2002 361 2055 433 Α
2082 356 2211 409 cula
2234 362 2611 433 peccatorum
2634 355 3034 433 mundandam
3058 351 3451 420 significavit.
3491 350 3586 403 Sic
3621 363 3740 402 me

381 438 587 500 David,
600 441 773 488 natus
785 439 907 486 erat
922 434 991 485 de
1006 436 1037 483 J
1044 445 1172 483 esse
1183 434 1344 494 justo
1364 433 1486 484 viro
1503 437 1562 484 et
1577 432 1819 495 conjuge
1832 433 1941 490 ejus
1953 433 1977 475 Ρ

384 509 532 573 Quid
557 512 648 560 est
670 520 805 572 ergo
826 506 930 569 (Ea:
952 505 1083 566 eod.)
1100 504 1252 567 quod
1278 517 1340 555 se
1357 504 1494 555 dicit
1509 504 1567 555 in
1580 502 1984 566 iniquitatibus

384 584 729 644 conceptum
770 589 919 637 esse,
971 575 1086 627 nisi
1112 576 1247 639 quia
1270 576 1584 627 detrahitur
1607 573 1881 637 iniquitas
1911 584 1984 623 ex

387 653 570 705 Adam
603 651 771 712 (Rom.
795 646 845 701 5.
871 652 917 696 et
947 646 1053 709 15.)
1072 651 1095 695 ‘I
1112 648 1287 698 Nemo
1313 647 1590 709 nascitur,
1610 648 1721 696 nisi
1746 644 1985 695 trahens

385 724 632 789 culpam,
672 725 729 771 et
751 718 934 781 culpa
973 730 1203 781 ponam.
1228 718 1387 778 Quod
1426 718 1580 779 dicit,
1611 717 1739 789 Ecce
1766 731 1778 767 :
1806 715 1987 779 signi-

385 788 519 847 ﬁcat
530 795 589 844 in
600 789 1148 844 manifesto.0mnes
1162 790 1312 840 enim
1324 790 1432 840 hoc
1444 789 1657 841 vident.
1671 788 1882 839 Omnes
1896 790 1989 834 hoc

388 865 665 918 sentiunt.
684 864 869 913 Homo
885 861 1038 912 enim
1051 862 1108 911 in
1125 860 1477 925 corruptibili
1492 872 1661 911 carne
1676 858 1894 917 vivens,
1910 860 1990 905 ha-

388 939 486 989 bet
500 934 882 987 tentationum
898 932 1293 983 immunditias
1306 934 1618 995 impressas
1631 932 1689 981 in
1702 933 1988 989 semetipso:

388 1008 528 1071 quia
548 1005 820 1057 nimirum
836 1016 934 1054 eas
949 1004 1123 1053 traxit
1143 1004 1216 1053 ab
1238 1003 1454 1065 origine
1474 1005 1598 1066 ipsa
1616 1020 1627 1051 :
1643 1003 1851 1065 quippe
1869 1012 1990 1064 pro-

391 1082 511 1144 pter
534 1076 967 1127 delectationem
985 1076 1191 1137 carnis,
1215 1076 1342 1137 ejus
1356 1074 1647 1138 conceptio
1667 1073 1989 1121 immunditia

393 1155 497 1200 est.
528 1148 676 1199 Hinc
704 1149 795 1198 est
825 1146 980 1209 quod
1015 1145 1352 1209 plerumque
1379 1149 1649 1205 tentatur,
1681 1149 1736 1196 et
1760 1144 1985 1195 nolens.

393 1221 539 1272 Hinc
562 1224 652 1271 est
677 1218 829 1282 quod
856 1216 1155 1268 immunda
1178 1217 1443 1279 quadam
1460 1217 1519 1267 in
1545 1220 1736 1267 mente
1757 1216 1988 1278 patitur,

391 1291 663 1355 quamvis
674 1304 745 1341 ex
755 1289 972 1353 judicio
996 1290 1309 1339 reluctetur
1324 1287 1482 1350 :quia
1494 1292 1806 1350 conceptus
1820 1286 1890 1337 de
1903 1288 1972 1333 im

392 1361 677 1415 munditia
699 1361 836 1411 dum
848 1360 920 1411 ad
934 1360 1277 1411 munditiam
1294 1358 1496 1421 tendit,
1511 1358 1618 1408 hoc
1631 1362 1869 1409 conatur
1880 1360 1990 1405 vin-

392 1447 516 1487 cere
543 1432 696 1497 quod
720 1436 824 1483 est.
846 1432 952 1491 Qui
969 1443 1104 1495 ergo
1116 1430 1187 1481 ad
1211 1429 1519 1481 munditia
1535 1428 1725 1479 locum
1736 1429 1858 1492 jam
1870 1440 1991 1492 per-

394 1502 964 1567 venit,conceptionis
976 1514 1099 1553 sua
1110 1502 1262 1553 viam
1275 1499 1541 1564 respiciat
1552 1512 1651 1563 per
1662 1512 1836 1563 quam
1853 1501 1993 1547 venit

393 1581 563 1639 atque
594 1575 727 1626 inde
752 1573 1000 1637 colligat,
1031 1573 1166 1637 quia
1196 1586 1270 1624 ex
1294 1584 1400 1622 sua
1441 1572 1653 1623 virtute
1678 1582 1793 1621 non
1817 1570 1993 1621 habet

395 1647 738 1698 munditiam
774 1645 1017 1707 vivendi,
1049 1644 1143 1695 cui
1174 1644 1245 1695 de
1273 1643 1637 1695 immunditia
1659 1641 1875 1693 factum
1900 1646 1988 1694 est

392 1719 621 1771 initium
647 1716 1020 1769 subsistendi.

2085 428 2361 480 mundato
2387 432 2445 479 et
2468 428 2729 479 dealbato
2754 443 2765 478 :

2148 499 2233 553 10.
2259 500 2493 548 Auditui
2522 514 2636 548 meo
2669 497 2821 548 dabis
2850 498 3125 561 gaudium
3157 500 3205 545 et
3231 494 3519 545 laetitiam.
3538 494 3738 545 Valde

2085 571 2330 624 delectat
2353 571 2562 623 veritas
2592 570 2751 621 intus
2774 570 3076 622 audita.Et
3088 567 3485 620 vehementer
3502 566 3741 630 gaudet

2087 656 2291 694 servus
2317 642 2416 693 Dei
2430 646 2485 693 et
2498 642 2745 705 latatur,
2758 654 2891 693 cum
2908 640 2980 692 de
2991 639 3347 692 remissione
3366 644 3737 699 poematorum,

2087 715 2209 767 sive
2224 715 2295 767 de
2315 714 2693 778 promissione
2709 713 2911 764 salutis
2928 716 3185 770 aterna,
3205 710 3337 762 sive
3352 709 3434 760 de
3453 711 3733 770 aliquibus

2085 787 2298 838 divinis
2315 785 2740 837 conditionibus
2751 785 2910 836 intus
2921 783 3251 835 instruitur.
3265 781 3421 832 Inde
3438 781 3514 831 de
3523 782 3681 827 Joann
3694 796 3727 826 e.

2086 859 2317 910 dicitur:
2338 858 2575 909 Amicus
2586 861 2780 908 autem
2795 856 2995 921 sponsi
3011 858 3127 906 stat
3137 858 3197 906 et
3211 852 3411 911 audit,
3428 857 3491 903 et
3506 851 3728 914 gaudio

2086 929 2298 995 gaudet
2321 932 2550 993 propter
2572 940 2773 979 vocem
2800 927 3000 991 sponsi
3029 927 3208 990 (Joan.
3233 924 3310 986 3.)
3328 922 3727 995 Gaudiumad

2088 994 2427 1065 prasentem
2440 999 2685 1061 gratiam
2702 998 2896 1050 referri
2913 1002 3121 1063 potest.
3145 996 3387 1049 Latitia
3397 994 3480 1046 ad
3496 995 3723 1044 futuram

2087 1072 2344 1136 gloriam.
2382 1070 2449 1119 Et
2464 1074 2693 1135 propter
2714 1070 2993 1134 gaudium
3016 1068 3161 1120 mihi
3178 1067 3520 1126 redditum,
3548 1065 3721 1115 exul-

2089 1142 2271 1192 labant
2295 1157 2413 1191 ossa
2433 1141 2746 1191 humiliata.
2762 1142 2939 1203 Idest,
2954 1141 3208 1193 virtutes
3220 1151 3364 1202 qua
3390 1147 3725 1201 perpecca-

2090 1218 2215 1265 tum
2228 1213 2460 1265 fuerunt
2470 1213 2778 1277 depressa,
2792 1217 2960 1264 erunt
2970 1212 3112 1264 mihi
3124 1210 3530 1263 exultationis
3543 1223 3727 1257 caussa

2090 1285 2439 1349 Velperfecti
2456 1285 2563 1335 viri
2576 1284 3088 1349 possuntintelligi,
3107 1283 3401 1348 quoniam
3418 1279 3719 1332 humiliati

2090 1357 2611 1420 sunt,exultabunt
2632 1373 2644 1407 :
2662 1359 2833 1419 juxta
2856 1357 3010 1420 quod
3037 1357 3328 1420 scriptum
3352 1358 3478 1404 est:
3507 1351 3720 1403 Omnis

2090 1430 2186 1493 qui
2214 1441 2277 1480 se
2301 1427 2584 1490 humiliat,
2607 1427 2954 1479 exaltabitur
2977 1428 3125 1490 (Luc.
3142 1425 3240 1490 18;
3266 1424 3473 1475 Matth.
3493 1421 3628 1484 23.).
3646 1424 3719 1473 Et

2090 1502 2156 1551 ut
2177 1500 2288 1551 hoc
2310 1499 2409 1550 ﬂat
2426 1537 2440 1562 ,
2472 1502 2755 1561 sequutus
2779 1499 3075 1563 adjungit:

2155 1570 2237 1625 11.
2251 1571 2437 1619 Averle
2446 1569 2639 1631 faciem
2658 1575 2809 1619 tuam
2822 1571 3092 1634 apeccatis
3103 1569 3255 1618 meis.
3268 1569 3399 1619 Hoc
3411 1565 3717 1624 facitDeus,

2091 1643 2323 1705 quando
2337 1640 2663 1693 dissimulat
2674 1643 2903 1706 peccata
2913 1641 3218 1692 hominum
3230 1652 3374 1703 prop
3381 1643 3472 1689 ter
3480 1639 3713 1699 pceniten

2018 1722 2074 1791 B
2090 1714 2425 1791 tiam.Quasi
2439 1713 2645 1791 avertit
2654 1726 2687 1764 a
2697 1714 2945 1791 peccatis
2958 1712 3184 1791 faciem,
3202 1711 3372 1791 quasi
3386 1725 3489 1758 non
3502 1710 3717 1757 remini-

457 1794 504 1842 8.
529 1790 659 1838 Ecce
681 1790 827 1836 enim
850 1789 1122 1836 veritatem
1147 1786 1401 1835 dilexisti.
1416 1786 1549 1837 Ideo
1571 1798 1856 1849 cognosco
1869 1799 1989 1845 pec-
2018 1783 2070 1791 "
2091 1784 2525 1848 scitur,quando
2541 1796 2657 1835 non
2674 1784 2853 1848 punit.
2863 1785 3063 1836 Merito
3078 1787 3333 1847 rogas,et
3344 1783 3495 1833 bene
3512 1791 3708 1842 rogas,

394 1866 585 1913 catum
600 1859 921 1911 secundum
939 1858 1352 1921 paenitentiam,
1372 1858 1522 1920 quia,
1540 1858 1687 1917 Ecce,
1710 1857 1874 1918 idest,
1892 1868 1989 1919 pa-

397 1937 525 1984 tens
561 1936 666 1989 est,
708 1930 861 1993 quod
893 1934 957 1980 tu
994 1929 1228 1977 dilexisti
1252 1930 1525 1976 veritatem
1554 1944 1566 1978 :
1598 1928 1765 1985 idest.
1792 1940 1989 1979 veram

396 2002 841 2054 confessionem:
862 2000 950 2051 vel
972 2001 1241 2048 veritatem
1256 2000 1512 2061 dilexisti,
1526 1999 1807 2062 impunita
1820 2000 1988 2049 etiam

397 2075 502 2136 (Ea:
525 2074 657 2134 eod.)
678 2071 905 2123 illorum
936 2074 1185 2134 peccata,
1211 2070 1424 2131 quibus
1445 2069 1697 2131 ignoscis
1722 2083 1840 2120 non
1865 2069 1992 2120 reli-

396 2144 593 2208 quisti.
625 2142 714 2193 Sic
738 2142 1185 2193 misericordiam
1199 2141 1549 2203 prarogasti,
1570 2144 1635 2191 ut
1660 2153 1918 2191 servares
1935 2144 1993 2191 et

397 2214 713 2267 veritatem.
740 2212 996 2276 Ignoscis
1017 2211 1329 2274 confitenti,
1347 2210 1448 2260 sed
1467 2210 1721 2273 seipsum
1736 2213 1989 2271 punienti.

399 2286 599 2333 Incerta
621 2289 667 2331 et
682 2283 885 2331 occulta
905 2282 1182 2344 sapientia
1207 2286 1308 2329 tua
1343 2281 1704 2343 manifestasti
1737 2283 1887 2332 mihi.
1909 2285 1994 2333 Ita

398 2367 492 2406 me
535 2354 803 2415 dilexisti,
837 2353 917 2404 ita
939 2366 1032 2403 me
1053 2351 1367 2403 honorasti.
1393 2357 1457 2402 ut
1480 2353 1701 2403 occulta
1724 2353 1996 2416 mysteria

399 2425 697 2488 sapientia
721 2429 856 2487 tua,
882 2424 1049 2486 idest,
1076 2423 1201 2474 Filii
1221 2427 1320 2485 tui,
1340 2423 1670 2486 prophetico
1686 2424 1890 2488 spiritu
1906 2437 1995 2476 re-

403 2496 618 2549 velares
645 2495 781 2545 mihi
809 2514 820 2553 ;
853 2494 1120 2546 videlicet
1138 2494 1611 2558 incarnationem,
1644 2497 1991 2561 passionem,

400 2566 894 2628 resurrectionem,
930 2566 1351 2628 ascensionem,
1387 2570 1446 2615 et
1482 2565 1591 2615 alia
1614 2565 1873 2630 plurima.
1899 2568 1995 2616 In-

400 2644 541 2688 certa
563 2637 719 2699 dicit,
745 2641 976 2701 propter
997 2637 1253 2699 Judaos,
1281 2638 1381 2699 qui
1405 2649 1473 2687 ea
1495 2636 1780 2700 legebant,
1808 2643 1865 2689 et
1888 2639 1995 2689 du-

399 2710 680 2761 bitabant.
709 2708 924 2757 Occulta
948 2713 1177 2773 propter
1195 2712 1409 2769 gentes,
1435 2720 1569 2771 qua
1602 2708 1731 2761 hac
1759 2710 1995 2762 omnino

398 2780 751 2832 nesciebant.
777 2779 879 2831 Dic
901 2779 1085 2844 nobis,
1105 2776 1278 2846 256
1303 2792 1337 2829 ο
1362 2783 1559 2829 sancte
1580 2779 1783 2844 David,
1811 2780 1879 2831 de
1894 2780 1997 2831 ad-

401 2856 579 2903 ventu
594 2850 800 2902 Christi
827 2850 875 2901 si
893 2850 1031 2915 quid
1059 2850 1159 2901 tibi
1174 2850 1338 2901 fuerit
1354 2850 1690 2903 revelatum.
1707 2854 1996 2913 Descendet,

399 2922 605 2985 inquit,
637 2922 786 2973 sicut
808 2923 1002 2987 pluvia
1026 2922 1087 2972 in
1111 2921 1297 2973 vellus
1330 2922 1490 2985 (Psat,
1506 2921 1631 2985 71.).
1652 2924 1752 2973 Dic
1777 2938 1998 2971 conven-

400 2998 523 3044 tum
536 2993 1110 3058 persecutorum.Asti
1118 2998 1309 3044 terunt
1319 3006 1414 3055 reg
1422 3005 1484 3044 es
1499 2998 1664 3045 terra
1680 2998 1735 3044 et
1747 2996 2002 3054 principes

402 3069 800 3116 convenerunt
818 3065 876 3115 in
891 3063 1379 3126 unum,adversus
1396 3064 1723 3129 Dominum,
1736 3070 1793 3115 et
1806 3065 2002 3115 advero

2086 1859 2311 1908 utDeus
2321 1858 2540 1908 avertat
2551 1855 2748 1907 faciem
2763 1867 2925 1906 suam
2938 1868 2972 1907 a
2982 1854 3238 1920 peccatis
3253 1852 3447 1915 tuis,si
3462 1858 3515 1900 tu
3529 1853 3713 1898 faciem

2093 1932 2249 1979 tuam
2273 1939 2390 1978 non
2415 1926 2547 1978 inde
2568 1927 2802 1978 avertis.
2822 1927 2967 1978 Hinc
2981 1926 3235 1990 estquod
3251 1924 3531 1988 superius
3550 1921 3713 1981 dicit,

2089 2001 2156 2050 Et
2179 2006 2450 2064 peccatum
2472 2013 2651 2047 meum
2675 2006 2862 2048 contra
2896 2014 2980 2047 me
3010 2004 3083 2047 est
3105 2012 3331 2061 semper.
3595 1994 3714 2042 Nec

2092 2071 2279 2123 solum
2303 2083 2440 2135 rogo
2452 2083 2551 2134 pro
2578 2070 2668 2121 his
2685 2071 2953 2134 peccatis,
2978 2070 3082 2122 sed
3100 2070 3278 2122 etiam
3295 2080 3398 2132 pro
3428 2065 3714 2116 omnibus

2090 2142 2229 2193 aliis.
2281 2144 2348 2193 Et
2394 2141 2501 2192 hoc
2533 2143 2640 2197 est,
2688 2141 2843 2204 quod
2866 2141 3006 2193 dicit
3032 2157 3045 2191 :
3072 2141 3140 2190 Et
3165 2153 3349 2190 omnes
3374 2137 3715 2201 iniquitates

2091 2228 2236 2262 meas
2259 2212 2383 2263 dele.
2410 2214 2578 2275 Quas,
2605 2225 2737 2263 cum
2766 2212 3069 2277 deleveris,

2155 2283 2240 2337 12.
2277 2283 2380 2333 Cor
2409 2284 2681 2331 mundum
2704 2299 2824 2332 crea
2856 2284 2917 2331 in
2950 2298 3029 2331 me
3053 2284 3217 2333 Deus.
3243 2284 3403 2341 Crea,
3432 2283 3499 2332 ut
3524 2280 3711 2337 Deus,

2092 2368 2310 2407 novum
2333 2353 2549 2418 aliquid
2568 2370 2579 2405 :
2597 2354 2815 2406 munda
2839 2367 2935 2405 cor
2957 2367 3155 2407 meum
3184 2373 3197 2402 :
3223 2354 3387 2406 aufer
3412 2352 3713 2404 malesco-

2094 2426 2415 2490 gitationes.
2472 2426 2537 2474 Et
2570 2426 2827 2488 spiritum
2850 2431 3054 2475 rectum
3088 2427 3300 2475 innova
3328 2426 3385 2473 in
3414 2421 3713 2472 visceribus

2093 2499 2241 2549 meis.
2266 2499 2416 2549 Bene
2428 2496 2591 2557 dixit,
2610 2498 2817 2546 Innova
2834 2511 2850 2548 :
2870 2498 3060 2549 denuo
3074 2510 3326 2561 namque
3337 2497 3552 2547 domus
3572 2493 3717 2545 adi-

2093 2570 2261 2621 ticata
2272 2574 2375 2631 est,
2391 2582 2565 2632 quam
2577 2569 2992 2620 inveteraverat
3004 2572 3304 2632 peccatum
3329 2581 3496 2632 :rogo
3526 2569 3597 2617 ut
3623 2566 3716 2615 in-

2094 2646 2268 2691 novet
2279 2639 2587 2703 gratia.Per
2598 2640 2806 2690 factum
2821 2652 3015 2691 meum
3028 2642 3270 2692 curvata
3280 2643 3401 2691 erat
3413 2636 3714 2689 rectitudo

2095 2711 2328 2775 spiritus
2350 2710 2463 2762 mei
2489 2729 2499 2759 :
2527 2724 2629 2775 per
2651 2711 2894 2775 gratiam
2920 2716 3077 2762 tuam
3103 2712 3386 2773 dirigatur
3409 2725 3424 2759 :
3453 2714 3522 2761 ut
3549 2709 3710 2759 sicut

2095 2782 2253 2846 prius
2273 2786 2443 2839 recte,
2458 2781 2585 2832 etin
2597 2782 2832 2833 veritate
2854 2782 2914 2833 in
2937 2787 3256 2847 conspectu
3271 2786 3369 2834 tuo
3379 2794 3469 2832 am
3479 2780 3709 2830 bulem.

2158 2851 2244 2906 13.
2271 2852 2616 2916 Neprojicias
2636 2868 2717 2901 mc
2740 2868 2775 2901 (ι
2796 2853 2936 2916 facie
2960 2858 3074 2905 tua.
3100 2853 3163 2905 Id
3188 2858 3296 2915 est,
3322 2865 3357 2903 a
3380 2852 3705 2916 prasentia

2096 2928 2213 2974 tua.
2239 2924 2611 2986 Projiciantur
2633 2928 2726 2975 ate
2748 2930 2980 2988 peccata
3001 2936 3151 2986 mea,
3176 2937 3296 2977 non
3330 2936 3460 2987 ego.
3498 2924 3712 2974 Hacte-

2100 3007 2231 3055 nus,
2261 2994 2467 3057 inquit,
2498 3001 2632 3047 ante
2656 2996 2857 3047 faciem
2884 2998 3044 3047 tuam
3068 2996 3222 3060 steti,
3243 3002 3467 3048 secreta
3488 3000 3597 3046 tua.
3627 2995 3718 3044 in-

2102 3065 2309 3117 tellexi.
2336 3067 2414 3117 'I‘e
2431 3066 2718 3131 deprecor,
2744 3067 3003 3130 Domine,
3031 3080 3106 3120 ne
3119 3081 3214 3119 me
3228 3066 3469 3130 repellas
3484 3079 3520 3117 a
3545 3071 3719 3119 tanta.

404 3148 515 3211 sus
534 3136 824 3188 Christum
848 3137 975 3199 ejus
999 3136 1157 3198 (Psat.
1179 3133 1273 3195 2.).
1289 3136 1403 3211 _Dic
1433 3137 1761 3211 passionem
1776 3137 1992 3211 crucis.
2018 3136 2067 3211 ί]
2098 3139 2197 3188 tua
2232 3137 2577 3201 cognitione,
2619 3138 2684 3187 Et
2720 3140 2978 3203 spiritum
3000 3147 3255 3189 sanctum
3284 3146 3441 3189 tuum
3465 3154 3533 3188 ne
3554 3140 3714 3203 aufe-

402 3208 693 3259 Foderunt
717 3220 926 3259 manus
939 3220 1097 3258 meas
1121 3211 1180 3259 et
1202 3206 1377 3270 pedes
1398 3220 1559 3258 meos
1582 3207 1727 3267 (Psat
1770 3207 1996 3271 21.).Dic

404 3278 594 3330 cibum
618 3282 672 3329 et
700 3284 917 3341 potum.
942 3278 1236 3330 Dederunt
1255 3278 1315 3328 in
1338 3290 1531 3329 escam
1548 3290 1737 3329 meam
1763 3278 1853 3337 fel,
1870 3284 1926 3329 et
1942 3278 2001 3328 in

405 3350 500 3402 siti
524 3362 652 3401 mea
674 3352 1018 3413 potaverunt
1044 3361 1136 3399 me
1164 3351 1327 3398 aceto
1348 3348 1505 3410 (Psal.
1525 3346 1649 3409 68.).
1679 3350 1777 3398 Dic
1803 3348 1999 3411 sepul-

406 3424 612 3472 turam.
635 3421 959 3470 Posuerunt
975 3420 1137 3470 mein
1159 3419 1287 3469 lacu
1312 3418 1559 3468 inferiori
1574 3419 1732 3475 (Psat.
1758 3418 1883 3481 87.).
1918 3423 2001 3467 Dic

404 3491 896 3541 resurrectionem.
919 3492 1044 3541 Non
1068 3489 1429 3551 derelinquas
1458 3489 1709 3540 animam
1732 3503 1921 3541 meam
1941 3490 2001 3541 in

406 3560 626 3611 inferno
654 3560 812 3621 (Psal.
834 3560 957 3620 15.).
984 3560 1081 3608 Dic
1108 3560 1524 3609 ascensionem.
1552 3562 1827 3611 Ascendit
1845 3564 2000 3613 Deus

405 3632 466 3683 in
477 3631 659 3693 jubilo
678 3632 694 3692 (
710 3630 849 3679 Psal.
876 3630 1108 3691 46.).Dic
1132 3630 1370 3692 gloriam
1395 3630 1681 3683 Ecclesia.
1703 3633 1898 3683 Astitit
1913 3646 2004 3685 re-

407 3702 542 3765 gina
578 3713 613 3751 a
644 3700 864 3751 dextris
903 3701 1016 3751 tuis
1056 3700 1115 3750 in
1140 3701 1362 3757 vestitu
1386 3700 1659 3752 deaurato
1683 3703 1846 3766 (Psat.
1874 3704 1998 3767 44.).

407 3774 667 3833 Longum
691 3775 843 3821 esset
869 3782 1150 3833 enarrare,
1168 3775 1308 3833 quot
1319 3774 1375 3821 et
1392 3776 1606 3833 quanta
1622 3773 1870 3825 revelata
1885 3782 2002 3823 sunt

408 3842 458 3894 ei
489 3847 726 3893 secreta.
752 3843 895 3891 Cum
925 3854 1059 3904 ergo
1094 3846 1283 3893 tantes
1308 3842 1395 3893 vir
1418 3843 1705 3907 ceciderit,
1737 3845 1867 3908 quis
1894 3852 2000 3907 est,

407 3913 505 3975 qui
528 3911 599 3962 de
618 3924 676 3963 se
692 3924 930 3963 securus
955 3925 1082 3963 esse
1113 3912 1333 3975 possit?
1349 3914 1416 3964 Et
1439 3916 1627 3965 tamen
1646 3915 1692 3965 si
1709 3917 2002 3981 contingat

404 3983 655 4045 aliquem
679 3982 974 4044 cecidisse,
993 3984 1417 4036 attendathunc
1433 3985 1791 4050 paenituisse,
1819 3991 2002 4040 etncn

409 4052 594 4105 solum
618 4054 939 4119 percepisse
964 4055 1213 4116 veniam,
1242 4056 1341 4106 sed
1367 4056 1537 4107 etiam
1575 4057 1635 4109 in
1660 4059 1858 4111 ordine
1882 4062 2002 4124 pri-

407 4125 558 4177 stino
586 4125 920 4177 restitutum
956 4137 1103 4177 esse.
1131 4126 1290 4178 Unde
1315 4131 1370 4177 et
1396 4128 1592 4179 subdit
1616 4143 1629 4179 :

470 4196 522 4249 9.
556 4197 810 4261 Aspergcs
852 4212 933 4245 me
960 4198 1186 4261 hyssopo
1216 4202 1262 4245 et
1298 4199 1620 4248 mundabor.
1673 4202 2002 4265 Hyssopum

408 4267 513 4328 (Eae
534 4267 859 4330 Augustino?
884 4268 1121 4319 herbam
1146 4267 1419 4319 novimus
1446 4268 1742 4335 humilem,
1762 4273 1861 4324 sed
1882 4286 2003 4323 me-

406 4337 723 4401 dicinalem,
744 4352 875 4403 qua
896 4340 1265 4391 saxoharere
1286 4340 1574 4391 radicibus
1591 4342 2002 4404 dicitur.Appre-

404 4409 514 4460 hen
523 4409 593 4461 de
605 4414 661 4461 et
672 4415 730 4461 tu
744 4411 933 4462 radice
946 4410 1265 4462 dilectionis
1278 4416 1496 4474 petram
1511 4414 2004 4475 tuam,idest,Chri-

407 4485 563 4531 stum
588 4481 654 4544 (1.
684 4483 802 4532 Cor.
833 4482 959 4543 10.).
988 4485 1125 4533 Esto
1148 4482 1386 4533 humilis
1410 4484 1523 4535 Deo
1550 4488 1673 4546 tuo,
1696 4489 1758 4535 ut
1782 4485 1860 4535 sis
1895 4496 2001 4535 ex-

410 4551 600 4602 celsus
616 4553 677 4603 in
690 4553 1004 4615 glorificato
1017 4556 1135 4605 Deo
1148 4556 1263 4605 tuo.
1282 4554 1405 4605 Noli
1416 4554 1651 4606 herbam
1664 4563 1997 4622 contemnere,

406 4622 525 4673 vim
552 4622 949 4675 medicamenti
980 4624 1231 4675 attende.
1257 4625 1562 4689 Hyssopus
1586 4626 1875 4690 pulmonis
1900 4627 2000 4678 de-

406 4691 566 4755 ponit
578 4697 950 4745 tumorem.ln
968 4698 1239 4757 pulmone
1252 4696 1394 4747 solet
1410 4697 1592 4749 notari
1604 4710 1672 4749 su
1679 4699 1999 4761 perbiaJllie

408 4761 561 4812 enim
586 4762 823 4823 inﬂatio,
849 4763 962 4814 illic
974 4764 1280 4816 anhelitus.
1300 4768 1493 4818 Talem
1506 4773 1699 4820 autem
1715 4773 1995 4830 passionem

408 4836 570 4904 curat
593 4832 906 4904 humilitas.
928 4836 1193 4899 Hyssopo
1206 4837 1265 4887 in
1283 4840 1458 4888 veteri
1471 4839 1594 4904 lege
1612 4841 1847 4903 sanguis
1865 4857 2001 4901 spar-

404 4903 649 4965 gebatur
663 4903 862 4956 vitula
874 4905 944 4955 ad
958 4906 1321 4957 mundandos
1340 4908 1484 4959 filios
1504 4914 1653 4958 Israel
1675 4912 1849 4973 (Levit.
1871 4911 1995 4974 14.).

403 4974 794 5037 Aspergamus
845 4979 903 5026 et
938 4988 1046 5027 nos
1100 4976 1392 5041 hyssopo,
1438 4980 1729 5032 imitemur
1772 4982 2000 5033 humili-

405 5046 580 5116 tatem
606 5046 891 5108 passionis
916 5047 1144 5111 Christi,
1168 5055 1226 5100 et
1248 5049 1658 5102 mundabimur
1679 5065 1714 5103 a
1730 5055 1996 5116 peccatis.

405 5115 514 5189 Sed
544 5128 749 5180 parum
774 5129 865 5170 est
889 5119 1318 5172 mundarinosa
1334 5122 1601 5172 sordibus
1613 5115 1998 5189 peccatorum,

401 5187 517 5238 nisi
541 5189 1099 5254 contingatdecorari
1124 5192 1369 5243 candore
1392 5192 1687 5243 virtutum.
1704 5195 1834 5246 Ideo
1862 5187 2002 5249 sub;

395 5258 591 5323 jungit
613 5275 626 5310 :
651 5262 793 5310 Lava
803 5261 879 5311 bis
902 5278 1003 5321 me,
1018 5263 1297 5325 sanguine
1309 5268 1529 5314 sacrato
1545 5265 1997 5329 :Elsupernivem

398 5332 691 5386 dealbabor.
724 5338 787 5386 In
812 5349 927 5399 qua
947 5336 1105 5387 nulla
1123 5336 1439 5401 nigredinis
1465 5338 1705 5401 vestigia
1719 5342 1871 5392 cerni
1888 5359 2002 5402 pos-

400 5407 554 5473 sunt.
574 5406 725 5457 Bene
750 5406 887 5457 dicit
911 5419 973 5458 se
1005 5418 1177 5470 super
1192 5408 1385 5458 nivem
1401 5406 1650 5472 deabari,
1666 5410 1799 5473 quia
1813 5416 1999 5462 candor

392 5471 725 5533 justitlcata
736 5477 944 5529 anima
961 5477 1266 5529 candorem
1277 5490 1511 5530 omnem
1531 5471 1762 5544 superat
1776 5486 1999 5533 visibilis

398 5549 690 5615 creatura.
714 5548 906 5598 Vestis
931 5548 1140 5601 Christi
1165 5550 1225 5601 in
1241 5555 1434 5602 monte
1452 5555 1727 5615 tanquam
1740 5553 1840 5604 nix
1852 5555 2002 5606 deal-

397 5610 533 5664 bata
555 5615 768 5668 en‘ulsit
782 5619 987 5680 (Matth.
1004 5619 1128 5683 17.),
1145 5634 1277 5686 qua
1294 5610 1603 5675 Ecclesiam
1617 5625 1881 5677 omnium
1892 5641 2001 5675 ma-

2099 3224 2192 3257 ναε
2218 3225 2251 3257 α
2276 3224 2376 3257 me.

2163 3279 2247 3333 14.
2276 3280 2602 3330 Reddemihi
2626 3282 2863 3330 laetitiam
2883 3282 3146 3332 salutaris
3169 3283 3269 3333 tui.
3291 3284 3364 3334 Ut
3380 3282 3532 3333 sicut
3548 3280 3714 3343 olim,

2098 3351 2177 3402 ita
2200 3356 2257 3403 et
2275 3365 2432 3403 nunc
2449 3352 2571 3403 Filii
2595 3353 2679 3404 tui
2702 3352 3005 3413 adventus,
3030 3354 3373 3417 incarnatio,
3390 3354 3607 3419 passio,
3626 3366 3718 3404 re-

2102 3423 2399 3485 surrectio,
2436 3424 2699 3475 ascensio
2734 3425 2873 3475 mihi
2911 3425 3028 3476 sint
3052 3422 3401 3477 manifesta:
3442 3431 3488 3474 et
3510 3426 3717 3489 spiritu

2101 3493 2401 3557 principali
2435 3495 2701 3556 conﬁrma
2734 3510 2834 3545 me.
2861 3498 2925 3547 In
2949 3508 3065 3559 quo
3086 3497 3191 3560 (Ex
3218 3497 3544 3559 Augustino)
3575 3509 3717 3546 con-

2100 3563 2264 3614 firma
2275 3567 2302 3614 ί)
2318 3565 2452 3629 quia
2467 3565 2742 3630 ignovisti
2765 3566 2928 3617 mihi:
2950 3567 3087 3630 quia
3098 3572 3297 3619 certus
3310 3581 3439 3619 sum
3451 3580 3572 3619 non
3584 3569 3717 3614 mihi
3790 3610 3793 3615 .

2100 3633 2391 3698 imputari,
2439 3635 2594 3698 quod
2621 3636 2868 3688 donasti.
2907 3639 2976 3689 Et
3000 3650 3075 3689 ex
3099 3638 3212 3690 hoc
3234 3639 3421 3689 factus
3448 3651 3715 3695 securus,

2100 3709 2274 3768 atque
2292 3706 2373 3757 ita
2395 3707 2579 3771 gratia
2601 3708 3125 3772 contlrmatus,non
3149 3723 3247 3762 ero
3264 3712 3546 3775 ingratus.
3565 3709 3718 3772 Quid

2102 3775 2267 3827 dabis
2292 3789 2391 3840 pro
2417 3777 2526 3829 hoc
2550 3790 2785 3830 munere
2806 3781 2833 3829 *ἶ

2166 3845 2250 3900 15.
2287 3848 2485 3897 Docebo
2504 3849 2722 3913 iniquos
2743 3850 2857 3899 vias
2876 3855 3020 3901 tuas.
3038 3852 3163 3902 Hoc
3176 3851 3336 3902 enim
3349 3852 3563 3903 habent
3576 3861 3712 3900 san-

2103 3918 2177 3969 cti
2199 3919 2300 3970 viri
2314 3920 2623 3984 proprium,
2638 3925 2702 3971 ut
2717 3922 2867 3972 bona
2879 3922 3360 3987 spiritualia,qua
3376 3934 3410 3973 a
3424 3923 3543 3973 Deo
3555 3923 3713 3982 perci-

2102 3988 2281 4053 piunt,
2307 3989 2434 4041 aliis
2458 4004 2529 4042 ex
2554 3993 2785 4043 caritate
2817 3993 3110 4057 impartire
3146 3994 3421 4045 studeant
3443 4008 3456 4043 :
3481 3998 3538 4044 et
3561 3993 3713 4042 sicut

2101 4060 2205 4123 ipsi
2227 4073 2411 4121 suam,
2438 4063 2517 4113 ita
2535 4062 2775 4115 aliorum
2789 4064 3034 4116 salutem
3049 4067 3339 4127 quarant.
3354 4064 3517 4116 Unde
3528 4068 3585 4115 et
3596 4065 3713 4112 sub—

2102 4131 2186 4183 dit
2207 4150 2217 4181 :
2237 4138 2282 4181 et
2306 4134 2468 4197 impii
2492 4134 2566 4183 ad
2580 4140 2624 4183 te
2638 4141 3027 4185 convertentur.
3056 4138 3186 4187 Non
3211 4136 3367 4187 enim
3379 4135 3453 4188 ad
3477 4136 3587 4186 hoc
3613 4135 3715 4184 do-

2103 4203 2472 4259 centalios.ut
2485 4219 2546 4257 se
2565 4206 2744 4258 velint
2759 4207 3375 4273 commendare,autex
3386 4223 3477 4257 sua
3489 4208 3712 4255 doctrina

2103 4273 2326 4325 lucrum
2352 4275 2583 4340 aliquod
2603 4278 2911 4342 temporale
2924 4290 3213 4342 quarere:
3241 4280 3345 4331 sed
3357 4280 3465 4330 hac
3491 4281 3713 4329 tantum

2102 4343 2721 4412 intentione,utimpios
2738 4349 2810 4399 ad
2828 4350 3267 4403 conversionem
3282 4350 3714 4415 possinttrahere

2114 4416 2418 4479 Magnaest
2434 4418 2648 4471 divina
2658 4420 3064 4473 misericordia
3077 4421 3525 4483 commendatio,
3542 4425 3594 4470 et
3608 4433 3718 4479 pec-

2037 4490 3127 4583 D5313???‘3?P§‘333‘l92‘i“}?3§f’3‘95
3147 4492 3504 4583 Ξῖίῖἱηίίξείὲῗί
3528 4499 3713 4583 {i‘f‘f’f‘

2100 4563 2385 4609 vertentur.
2404 4563 2488 4612 Ita
2512 4562 2618 4624 (Ea:
2641 4562 2773 4625 eod.)
2800 4564 3007 4627 plenus
3031 4569 3124 4615 est
3147 4565 3305 4615 Deus
3329 4563 3499 4627 adipe
3534 4562 3708 4612 mise-

2098 4630 2377 4693 ricordia,
2416 4637 2482 4683 ut
2524 4645 2641 4684 non
2672 4632 2861 4685 solum
2886 4636 3199 4695 conversis,
3226 4634 3332 4686 sed
3355 4635 3532 4686 etiam
3564 4632 3706 4695 ipsis

2098 4702 2288 4766 impiis
2306 4705 2670 4767 promittatur
2696 4705 2869 4756 salus.
2890 4706 3037 4757 Hinc
3055 4706 3267 4757 Paulus
3281 4707 3380 4768 ait,
3394 4703 3707 4758 Utcreden-

2101 4778 2189 4825 tes
2232 4774 2289 4824 in
2318 4786 2473 4832 eum,
2500 4776 2599 4839 qui
2625 4776 2909 4839 justitlcat
2943 4777 3204 4841 impium,
3232 4778 3547 4842 deputetur
3564 4775 3705 4825 fides

2100 4856 2299 4895 eorum
2340 4846 2413 4896 ad
2450 4846 2739 4909 justitiam
2777 4847 2948 4911 (Rom.
2995 4848 3086 4909 4.).
3138 4848 3466 4899 Attendens
3509 4851 3700 4898 autem

2100 4915 2313 4965 multas
2340 4928 2475 4968 suas
2502 4917 2852 4981 iniquitates,
2867 4923 2923 4969 et
2947 4931 3045 4970 eas
3068 4919 3330 4971 tribuens
3354 4916 3701 4983 corruptioni

2100 4986 2289 5036 carnis
2314 4989 2371 5038 et
2396 4989 2716 5051 sanguinis,
2741 4989 2832 5053 adj
2844 4990 3042 5052 ungit:

2164 5056 2246 5111 16.
2290 5057 2477 5107 Libera
2513 5075 2594 5108 me
2630 5060 2692 5108 de
2733 5060 3101 5123 sanguinibus
3125 5061 3289 5124 Deus,
3338 5062 3480 5110 Deus
3513 5058 3699 5108 salutis

2101 5143 2239 5177 mese.
2270 5129 2357 5181 Tu
2384 5131 2557 5189 Deus,
2584 5131 2682 5194 qui
2702 5143 2766 5182 es
2790 5134 2962 5191 Deus,
2988 5138 3047 5183 et
3082 5138 3285 5183 auctor
3312 5132 3517 5183 salutis
3540 5142 3696 5181 mea.

2098 5199 2274 5251 libera
2310 5213 2402 5251 me
2452 5201 2521 5252 de
2569 5203 2967 5267 sanguinibus,
3002 5203 3059 5254 id
3094 5209 3202 5261 est,
3242 5202 3697 5269 corruptionibus

2101 5271 2305 5321 carnis.
2336 5273 2757 5338 Expressit(E:e
2779 5274 2913 5336 eod.)
2948 5274 3190 5325 Latinus
3220 5275 3507 5338 interpres
3530 5274 3693 5324 verbo

2100 5342 2295 5393 minus
2321 5344 2522 5395 Latino
2553 5346 2956 5409 proprietatem
2988 5351 3184 5397 tamen
3212 5359 3284 5397 ex
3311 5346 3529 5397 Graec.
3558 5345 3689 5394 Nam

2101 5426 2301 5466 omnes
2326 5415 2596 5467 novimus
2622 5417 2820 5468 Latine
2844 5429 2961 5467 non
2988 5416 3101 5467 dici
3127 5418 3484 5481 sanguines:
3514 5422 3688 5467 tamen

2101 5486 2235 5549 quia
2246 5486 2326 5537 ita
2337 5485 2571 5537 Gracus
2590 5488 2779 5550 posuit
2792 5487 2994 5552 plurali
3007 5500 3267 5548 numero,
3283 5501 3404 5540 non
3422 5488 3546 5539 sine
3556 5501 3686 5535 caui:-

2101 5569 2165 5608 sa
2183 5558 2319 5620 quia
2340 5557 2449 5609 hoc
2474 5558 2693 5610 invenit
2718 5559 2776 5609 in
2803 5559 2983 5621 prima
3004 5559 3201 5623 lingua
3226 5561 3500 5617 Hebraea,
3526 5559 3683 5607 maluit

2104 5637 2119 5655 ·
2137 5628 2326 5692 potius
2352 5628 2631 5694 interpres
2646 5630 2841 5681 minus
2852 5630 3052 5683 Latine
3061 5630 3284 5695 aliquid
3299 5631 3508 5693 dicere,
3526 5640 3679 5694 quam

464 5781 480 5798 ·
515 5774 600 5822 Ita
623 5778 681 5823 et
708 5776 961 5841 plerique
996 5782 1132 5833 Mss.
1158 5785 1564 5848 Augustiniani
1589 5786 1806 5840 habent
1842 5803 1854 5839 :
1901 5790 2252 5856 impressum
2279 5796 2476 5846 tamen
2518 5794 2596 5845 ibi
2621 5798 2711 5847 est
2747 5794 2891 5858 pius.
2919 5795 3112 5848 Potest
3139 5795 3353 5849 iterum
3384 5810 3458 5850 ex
3493 5798 3677 5849 subse-
