3880 6222
433 311 540 367 855

1492 307 1760 360 RUFINO
1795 307 2260 361 PRESBYTERO
2293 309 2683 362 ASCRIPTUS

3667 307 3768 361 856

426 424 766 477 universum
782 436 843 474 se
854 420 1462 494 praecipitantmalum.
1478 419 2033 494 Talesredarguuntur
2059 425 2118 494 Α
2135 421 2468 494 apparuerit
2482 421 2603 494 vita
2613 425 2832 494 nostra,
2856 427 2916 473 et
2930 433 3041 473 nos
3056 418 3493 494 apparebitnus
3513 431 3651 470 cum
3668 423 3765 481 ipse

424 496 485 547 in
504 496 615 546 hoc
644 493 878 559 psalmo.
918 492 1203 555 Quoniam
1236 493 1296 543 in
1328 491 1562 552 malitia,
1599 490 1933 554 gloriantur,
1977 494 2036 541 et

424 570 692 630 potentes
715 570 852 615 sunt
878 564 936 615 in
962 564 1293 626 iniquitate:
1312 562 1749 627 reprehenditur
1771 562 1829 613 in
1854 561 1956 626 eis,
1975 567 2035 614 et

424 637 703 690 voluntas
733 648 926 700 prava,
960 637 1018 686 et
1046 636 1194 687 actio
1220 648 1515 700 perversa.
1544 632 1818 685 Malitiam
1839 635 2033 685 autem

425 709 745 772 exequitur
771 719 870 771 per
893 710 1103 770 partes,
1129 719 1263 757 cum
1291 705 1593 770 subjungit
1620 720 1632 756 :

492 781 544 833 4.
579 780 706 828 Tota
748 778 848 837 die,
888 778 944 828 id
972 782 1078 841 est,
1115 778 1369 840 assidue,
1407 777 1741 841 injustiliam
1784 775 2034 841 cogitavit

425 852 619 913 lingua
643 856 754 898 tua.
792 850 909 899 Aut
933 849 1105 900 facies
1144 848 1381 911 malum,
1418 854 1518 900 aut
1556 848 1696 899 dum
1728 861 1847 899 non
1868 852 2033 911 potes

422 922 627 979 facere,
654 920 797 971 dicis
816 920 1061 972 malum:
1097 923 1197 970 aut
1222 920 1454 983 quando
1484 933 1591 971 nec
1606 920 1715 970 hoc
1732 925 1917 983 potes,
1942 918 2033 970 vis

422 998 481 1045 et
492 992 711 1056 cogitas
722 992 957 1043 malum.
976 992 1260 1055 Linguam
1272 992 1459 1043 cordis
1483 991 1921 1042 commendatin
1940 993 2034 1038 hoc

420 1064 686 1124 loco,non
699 1064 829 1114 oris:
846 1063 1019 1115 habet
1030 1064 1184 1114 enim
1202 1076 1299 1114 cor
1313 1065 1576 1115 nostrum
1589 1063 1847 1127 linguam
1858 1076 2001 1110 suam
2016 1097 2028 1110 .

423 1134 602 1197 Quale
618 1134 871 1185 oﬂlcium
902 1134 1041 1185 foris
1066 1134 1243 1185 habet
1264 1134 1462 1198 lingua
1496 1135 1557 1185 in
1580 1133 1887 1196 loquendo,
1913 1130 2029 1184 tale

424 1206 679 1257 oﬂlcium
722 1206 922 1269 lingua
966 1205 1155 1257 cordis
1192 1205 1352 1257 intus
1399 1205 1577 1257 habet
1604 1205 1667 1256 in
1702 1202 2029 1267 cogitando.

430 1277 578 1327 Hinc
596 1279 698 1337 est,
726 1276 880 1341 quod
907 1277 1033 1327 sine
1067 1277 1378 1328 verborum
1414 1277 1659 1339 strepitu
1684 1289 1838 1340 saepe
1860 1274 2031 1326 nobis

421 1347 564 1412 ipsis
588 1346 881 1411 loquimur
902 1347 963 1398 in
979 1347 1165 1399 corde.
1185 1349 1302 1398 Nec
1318 1348 1503 1399 solum
1518 1348 1785 1412 cogitasti
1804 1344 2035 1411 injusti-

422 1419 582 1483 tiam,
620 1420 723 1470 sed
762 1425 819 1471 et
850 1419 1051 1471 dolum
1088 1418 1294 1471 fecisti.
1334 1421 1456 1471 Hoc
1481 1426 1587 1481 est,
1613 1419 1770 1483 quod
1795 1418 2026 1470 subdit:

424 1490 573 1539 Sicut
590 1492 853 1540 novacula
869 1497 1029 1540 acuta
1046 1491 1216 1553 fecisti
1233 1491 1438 1543 dolum.
1458 1492 1644 1543 Dolus
1662 1495 1799 1542 tuus
1816 1492 2035 1539 ofﬁcium

422 1560 600 1612 habet
612 1562 930 1615 novaculae.
949 1563 1107 1614 Sicut
1123 1563 1407 1615 novacula
1420 1568 1589 1614 acuta
1609 1562 1809 1614 sordes
1824 1567 1881 1613 et
1898 1563 2028 1623 pilos

422 1632 646 1684 abradit
671 1633 923 1696 pellium,
950 1636 1031 1685 ita
1045 1634 1214 1685 dolus
1243 1639 1398 1696 tuus,
1426 1634 1659 1685 duando
1675 1634 1864 1685 aufers
1887 1632 2029 1683 ﬂde-

422 1704 576 1755 libus
599 1709 855 1756 terrenas
868 1705 1194 1769 facultates,
1221 1709 1323 1758 aut
1340 1719 1577 1769 corpora
1597 1705 1792 1766 credis,
1806 1704 1896 1755 vel
1933 1716 2027 1754 oc-

422 1775 565 1826 cidis
591 1793 601 1823 :
632 1778 924 1840 superﬂua
952 1780 1177 1828 tantum
1205 1778 1374 1839 tollis,
1401 1778 1616 1829 damna
1636 1776 1793 1828 nulla
1816 1776 2027 1826 animm

421 1847 584 1898 facis.
603 1850 723 1899 lmo
742 1848 1131 1900 candidiorern
1157 1855 1216 1901 et
1231 1849 1629 1914 perfectiorem
1656 1848 1865 1899 reddis.
1886 1848 2026 1897 Ecce

422 1918 563 1981 quid
581 1919 799 1970 faciunt
828 1921 1050 1973 sanctis
1082 1921 1245 1972 mali:
1265 1921 1412 1986 pilos
1443 1920 1671 1973 radunt.
1698 1923 1844 1983 Ergo
1862 1922 2032 1970 acuat

422 1990 763 2046 novaculam
782 2004 949 2042 suam
960 1992 1170 2056 malus,
1184 1998 1355 2044 acuat
1366 1992 1561 2043 dolum
1576 1999 1820 2053 quantum
1840 1997 1995 2052 polest
2015 2008 2025 2038 :

424 2062 715 2124 superﬂua
740 2062 1075 2125 temporalia
1103 2063 1401 2114 ablaturus
1425 2068 1533 2125 est,
1559 2076 1678 2113 non
1704 2061 2030 2113 necessaria

423 2132 787 2195 sempiterna.
816 2133 1008 2183 Vitam
1037 2133 1408 2197 temporalem
1451 2132 1617 2195 tollit,
1638 2132 1710 2182 ad
1754 2137 2027 2183 aeternam

423 2202 616 2252 mittit.
637 2203 837 2253 Aufert
851 2202 1204 2266 temporalia,
1224 2204 1465 2268 impellit
1481 2203 1553 2254 ad
1575 2209 1810 2255 aeterna.
1840 2206 1907 2254 Et
1922 2215 2027 2254 no-

425 2273 689 2333 tandum,
708 2273 861 2335 quod
874 2274 931 2324 in
956 2275 1063 2325 hoc
1080 2287 1257 2326 versu
1282 2275 1571 2339 cogitatio,
1591 2279 1648 2326 et
1662 2278 1828 2326 actus
1844 2278 2027 2328 conti-

423 2347 593 2393 netur
616 2343 852 2396 malitia:
878 2359 891 2394 :
910 2346 969 2395 in
988 2346 1256 2407 sequenti
1271 2358 1407 2397 vero
1422 2346 1595 2398 etiam
1618 2347 1859 2398 aﬂ'ectus
1876 2347 2027 2400 desi-

428 2416 659 2477 gnatur,
684 2428 818 2465 cum
842 2415 1053 2466 dicitur
1078 2430 1091 2466 :

486 2483 536 2537 5.
555 2484 803 2534 Dilexisti
818 2486 1089 2535 malitiam
1102 2502 1263 2552 super
1279 2486 1679 2550 benignitatem.
1700 2490 1830 2540 Non
1860 2493 2022 2540 solum

428 2555 697 2618 cogitasti
721 2560 779 2607 et
801 2558 1003 2622 fecisti,
1030 2558 1132 2610 sed
1162 2559 1337 2610 etiam
1366 2559 1617 2611 dilexisti
1645 2560 1882 2611 malum.
1910 2563 2026 2613 Nec

423 2625 533 2676 hoc
562 2630 786 2678 tantum
812 2628 1064 2680 dilexisti
1088 2630 1159 2681 ad
1178 2630 1523 2692 faciendum,
1547 2631 1649 2683 sed
1669 2632 1839 2683 etiam
1855 2634 1917 2680 ad
1942 2635 2021 2681 to-

424 2696 740 2768 quendum.
768 2701 837 2750 Et
866 2699 993 2751 ideo
1020 2701 1239 2752 subdit:
1262 2702 1616 2765 Iniquitalem
1640 2704 1834 2767 magis,
1854 2719 2022 2768 quam

424 2766 575 2830 loqui
612 2769 934 2834 aequitatem.
970 2772 1256 2825 Subaudis
1300 2772 1571 2825 dilexisti.
1612 2766 2020 2839 Hoc’profecto

424 2850 651 2912 semper
674 2841 948 2893 convenit
974 2843 1250 2908 reprobis,
1290 2842 1436 2912 26|
1481 2849 1545 2896 ut
1568 2845 1755 2909 magis
1781 2845 2023 2908 diligant

422 2908 639 2980 malum
660 2913 927 2978 cogitare,
954 2928 1142 2979 agere,
1174 2908 1553 2980 loqtﬁfq—uam
1593 2908 1828 2968 bonum.
1870 2920 1938 2969 Et
1959 2918 2021 2969 in

422 2979 532 3032 hoc
546 2982 861 3048 estduplex
878 2986 1155 3051 iniquitas
1185 2991 1243 3038 et
1258 2979 1719 3051 damnatio,quia
1754 2988 1909 3051 quod
1942 3001 2021 3040 re-

423 3052 787 3115 probandum
805 3061 943 3119 erat,
961 3057 1185 3121 eligunt
1203 3073 1215 3107 :
1240 3062 1296 3108 et
1312 3058 1464 3121 quod
1477 3059 1806 3122 eligendum
1818 3059 2021 3121 fuerat,

424 3127 820 3177 contemnunt.
839 3128 943 3179 ναξ
969 3129 1165 3193 iniquo
1183 3129 1357 3179 cordi.
1385 3130 1703 3191 Avertitse,
1722 3143 1795 3180 ne
1828 3131 2023 3181 videat

425 3194 578 3276 quod
599 3196 789 3276 videre
815 3197 1120 3276 debuerat._
1136 3200 1216 3276 De
1232 3200 1455 3276 talitEcc
1479 3200 1795 3276 Augustino)
1822 3200 2027 3252 dicitur
2049 3201 2097 3276 ρ

423 3265 484 3316 in
509 3265 619 3317 alio
666 3269 917 3331 psalmo:
959 3271 1152 3323 Noluit
1184 3271 1520 3336 intelligere,
1549 3276 1613 3323 ut
1659 3272 1807 3323 bene
1830 3279 2024 3336 ageret

428 3336 590 3399 (Psat.
618 3337 746 3402 35.).
773 3343 1007 3405 Propter
1029 3342 1139 3395 hoc
1171 3349 1324 3395 recte
1360 3344 1712 3396 subinfertur
1737 3358 1749 3393 :

576 3409 824 3460 Dilexisti
880 3414 1072 3462 omnia
1113 3414 1268 3463 verba
1318 3415 1781 3478 praecipitationis,
1830 3415 2023 3479 lingua

427 3477 628 3550 dolosa.
660 3482 786 3532 Jam
814 3496 930 3533 non
961 3490 1125 3535 curat
1154 3486 1290 3547 quid
1318 3486 1490 3548 dicat,
1516 3486 1655 3548 quid
1688 3477 2020 3550 mentiatur,

423 3549 672 3610 qualiter
694 3551 868 3603 fallat.
901 3555 985 3603 Ad
1011 3568 1243 3607 omnem
1268 3555 1596 3616 falsitatem,
1636 3556 2019 3618 dolositatem,

425 3618 745 3690 vanitatem
763 3635 824 3672 se
837 3624 1186 3687 praecipitem
1206 3626 1564 3689 derelinquit.
1583 3628 1801 3690 Lingua
1823 3628 2023 3681 dolosa

422 3688 688 3762 ministra
702 3690 941 3744 fallaciae
966 3698 1070 3744 est.
1101 3695 1320 3757 Lingua
1335 3695 1533 3747 dolosa
1556 3698 1663 3758 (Ea:
1686 3688 1842 3762 Eod.)
1865 3699 2019 3752 aliud

421 3757 484 3831 in
508 3760 676 3811 corde
704 3765 1081 3827 gestantium,
1105 3765 1262 3816 aliud
1285 3779 1380 3818 ore
1404 3757 1804 3831 promentium.
1825 3757 1938 3823 Sed
1960 3772 2022 3824 in

422 3828 515 3879 his
538 3833 917 3896 praecipitatio
941 3841 998 3887 et
1032 3837 1355 3889 submersio
1384 3828 1491 3890 est.

489 3901 539 3954 7.
566 3903 854 3968 Propterea
877 3907 1018 3956 Dcus
1057 3908 1283 3958 destruet
1309 3915 1352 3959 te
1383 3911 1445 3959 in.
1475 3912 1658 3972 ﬁnem.
1684 3913 1754 3963 Et
1777 3913 1827 3963 si
1851 3913 2020 3966 modo

426 3972 648 4049 videris
688 3979 859 4049 stare,
902 3985 961 4030 et
992 3980 1191 4032 ﬂorere
1233 3982 1399 4044 quasi
1436 3982 1654 4033 fcenum
1689 3983 1748 4035 in
1780 3997 1936 4049 agro,
1962 3986 2020 4037 in

423 4045 599 4095 ﬂnem
624 4046 827 4100 evellet
858 4055 913 4101 te
938 4053 1112 4115 Deus,
1149 4052 1378 4115 quando
1416 4053 1604 4106 dicet:
1639 4057 1723 4107 Ite
1745 4045 2020 4120 inignem

425 4120 710 4169 aeternum
739 4121 953 4181 (Matth.
974 4121 1100 4185 ‘25.).
1126 4125 1193 4174 Et
1216 4125 1485 4187 quamvis
1515 4126 1709 4177 ﬂxeris
1743 4126 1804 4178 in
1827 4140 2020 4181 amore

421 4189 622 4238 mundi
649 4191 899 4264 radicem
937 4194 1156 4245 cordis:
1192 4195 1384 4244 Evellet
1410 4202 1471 4257 te,
1496 4203 1542 4246 et
1573 4198 1855 4261 emigrabit
1876 4206 1938 4264 te,
1961 4200 2018 4251 id

420 4263 529 4332 est,
556 4261 838 4325 emigrare
874 4264 1039 4317 faciet
1076 4266 1138 4314 de
1176 4266 1517 4317 tabernaculo
1553 4275 1660 4332 tuo,
1711 4269 1768 4320 id
1804 4261 2017 4331 est,‘de

417 4328 530 4407 hoc
556 4333 794 4407 mundo,
822 4335 912 4407 vel
936 4335 1008 4389 de
1024 4350 1275 4401 corpore,
1295 4339 1416 4390 sive
1437 4338 1509 4391 de
1533 4328 1803 4405 Ecclesia,
1821 4342 1878 4393 in
1891 4328 2018 4407 qua

419 4405 572 4454 stare
611 4404 879 4457 debuisti.
907 4408 974 4456 Et
1000 4410 1233 4459 radicem
1258 4416 1411 4459 tuam
1444 4411 1506 4460 de
1534 4417 1675 4461 terra
1701 4404 2013 4466 viventium.

414 4472 644 4547 Habent
681 4481 739 4527 et
775 4480 1004 4542 reprobi
1041 4480 1349 4544 aliquando
1381 4482 1628 4534 radicem
1660 4483 1812 4536 boni.
1853 4486 2017 4547 Quod

416 4542 771 4621 significatur
806 4548 873 4621 in
900 4562 1079 4612 grano
1127 4542 1282 4615 quod
1320 4553 1519 4604 cecidit
1564 4567 1740 4618 super
1776 4542 2011 4621 petram.

418 4612 571 4689 Misit
584 4617 738 4667 enim
756 4619 1029 4685 radicem,
1049 4612 1371 4675 sed'natum
1384 4625 1557 4677 aruit:
1572 4612 1834 4689 quiandn
1849 4628 2016 4681 habe-

416 4682 515 4734 bat
529 4683 856 4760 humorem.
883 4691 955 4740 Hi
981 4682 1117 4742 sunt
1140 4682 1651 4759 (inquitDominus)
1667 4698 1766 4760 qui
1782 4698 1855 4749 ad
1880 4704 2017 4751 tem-

416 4765 527 4827 pus
569 4757 828 4827 credunt,
866 4760 969 4810 sed
1001 4762 1061 4812 in
1091 4768 1347 4827 tempore
1387 4757 1717 4819 tentationis
1741 4770 2020 4823 recedunt

418 4822 561 4885 (Luc.
589 4822 686 4889 8.).
725 4828 1018 4900 credendo
1043 4845 1179 4897 ergo
1203 4822 1442 4889 mittunt
1465 4839 1731 4900 radicem,
1764 4841 1866 4892 sed
1899 4822 2016 4894 non

416 4898 837 4972 perseverando
857 4900 927 4972 de
952 4906 1104 4955 terra
1119 4906 1460 4970 viventium,
1476 4909 1643 4972 idest,
1662 4898 1732 4963 de
1748 4912 2016 4967 societate

415 4970 750 5043 sanctorum
766 4971 1150 5040 eradicantur,
1169 4978 1304 5041 quia
1319 4980 1520 5043 gratiae
1537 4981 1593 5032 di
1605 4970 1754 5035 vinte
1775 4996 1893 5036 non
1914 4984 2017 5037 ha-

416 5035 665 5090 buerunt
680 5039 1002 5095 humorem.

478 5106 975 5187 8.__l_’z’debuntjusli
998 5122 1044 5166 et
1062 5119 1336 5183 timebunt,
1365 5127 1411 5170 et
1434 5137 1596 5187 super
1608 5138 1729 5173 eum
1746 5126 2010 5180 ridebunt.

412 5180 807 5257 Intelligamus
818 5191 877 5238 et
889 5187 1287 5242 discernamus
1298 5180 1411 5242 duo
1428 5180 1540 5245 ista
1555 5201 1790 5257 tempora,
1805 5201 2011 5248 timendi

413 5257 471 5328 et
505 5252 728 5328 ridendi
764 5256 979 5318 (Eccles.
1022 5260 1111 5322 3.).
1152 5263 1424 5325 Legimus
1470 5265 1608 5328 quid
1645 5252 1907 5322 servetur
1951 5271 2012 5321 in

414 5322 590 5373 finem
614 5323 800 5376 malis.
819 5329 888 5377 Et
905 5329 1037 5391 quia
1050 5322 1424 5394 intelligimus
1438 5322 1795 5389 et'crcdinzus
1811 5356 1827 5388 :
1855 5341 2010 5393 vide-

416 5405 548 5443 mus
565 5400 621 5445 et
638 5396 927 5448 timemus.
944 5400 1257 5463 Apostolus
1270 5403 1424 5465 dicit,
1438 5407 1503 5455 In
1516 5406 1718 5460 timore
1735 5414 1789 5461 et
1806 5418 2011 5459 tremore

417 5466 674 5544 vestram
694 5466 953 5544 ipsorum
982 5470 1225 5544 salutem
1252 5476 1563 5539 Operamini
1592 5477 1658 5539 (1.
1678 5479 1796 5529 Cor.
1824 5481 1913 5544 2.).
1941 5484 2011 5533 Et

413 5534 744 5616 Psalmis'ta:
769 5539 988 5616 Servite
1005 5534 1325 5595 Dominoih
1352 5546 1552 5598 timore
1576 5534 1741 5612 fPsal.
1768 5550 1858 5616 2.).
1879 5534 2007 5611 'Ergo

403 5605 557 5686 justi
574 5607 670 5686 qui
695 5611 833 5660 sunt
858 5613 1045 5686 modo,
1075 5616 1171 5678 qui
1199 5617 1405 5669 vivunt
1428 5632 1497 5670 ex
1523 5605 1654 5682 fide,
1680 5605 2008 5686 intelligunt

410 5675 565 5756 quod
593 5675 1060 5756 damnandisunt
1083 5675 1237 5738 inali.
1257 5690 1558 5753 Propterea
1576 5675 1777 5745 timent
1798 5675 2003 5746 et'sibi.

409 5744 745 5827 9999891133
764 5756 898 5802 sm“
910 5752 1100 5827 hOdiea
1119 5758 1325 5811 SCillnt.
1351 5744 1512 5822 Quod
1526 5776 1649 5815 cras
1668 5744 1853 5817 futuri
1870 5744 2001 5827 sunt,

406 5816 839 5867 nesciunt.Cum
852 5832 924 5870 au
932 5826 1045 5875 tem
1058 5816 1278 5880 venerit
1290 5816 1410 5883 dies
1422 5838 1617 5886 noster
1631 5849 1762 5887 cum
1777 5816 2002 5886 Christus

2135 492 2194 542 in
2219 492 2397 553 gloria
2424 493 2634 557 (Coloss.
2663 492 2933 554 3.).Tunc
2958 505 3138 557 super
3152 504 3299 543 eum
3315 490 3611 543 ridebunt
3629 495 3759 552 justi.

2134 562 2270 625 quia
2288 564 2409 625 jam
2433 576 2547 615 non
2570 565 2679 616 erit
2700 565 2861 616 locus
2878 562 3275 628 compatiendi
3301 565 3412 613 aut
3439 565 3759 614 oondolendi.

2135 635 2261 684 Non
2284 635 2575 698 quomodo
2591 649 2766 698 nunc,
2786 636 3018 699 quando
3036 634 3205 685 vides
3223 635 3538 685 hominem
3558 635 3763 698 injuste

2135 705 2449 768 viventem,
2466 707 2705 757 viscum
2722 706 2817 757 illo
2832 707 3111 769 laborare,
3130 710 3188 756 et
3212 705 3289 756 ad
3317 705 3486 757 viam
3509 706 3761 757 veritatis

2134 781 2419 827 errantem
2449 777 2740 829 reducere.
2764 778 2927 830 Unde
2954 778 3068 840 (Ea:
3096 777 3272 839 Aug.)
3298 781 3359 828 et
3381 776 3558 827 doles
3585 777 3655 829 de
3674 778 3759 829 illo

2133 850 2189 898 et
2222 860 2352 897 oras
2378 860 2479 911 pro
2503 847 2618 898 illo.
2638 850 2784 899 Tum
2810 861 2946 901 vero
2963 861 3100 899 cum
3131 849 3365 899 venerit
3386 848 3609 911 judicii
3625 854 3761 899 tem-

2132 931 2257 980 pus,
2266 920 2387 981 jam
2401 932 2520 970 non
2531 920 2637 971 erit
2648 920 3018 971 correctionis
3038 919 3225 981 locus,
3246 918 3357 970 sed
3378 923 3621 971 tantum
3637 923 3755 969 dam-

2132 990 2398 1043 nationis.
2417 991 2535 1042 Erit
2549 990 2627 1041 ibi
2644 991 3002 1055 poenitentia,
3022 991 3127 1043 sed
3140 990 3545 1051 infructuosa,
3560 995 3755 1051 quisse-

2132 1073 2211 1111 ra.
2226 1055 2618 1124 Tunciniqum
2631 1062 2909 1114 videbunt
2915 1062 3081 1126 justi,
3094 1067 3354 1125 etsuper
3366 1075 3516 1113 eum
3529 1063 3753 1112 ridebunt

2134 1132 2279 1196 (Sap.
2304 1131 2396 1197 5.),
2413 1133 2581 1193 idest,
2604 1134 2922 1197 superiores
2934 1139 3308 1198 apparentes,
3327 1146 3472 1184 cum
3499 1135 3749 1185 irrisione

2131 1203 2730 1267 dignumindicabunt.
2754 1206 2819 1253 Et
2835 1206 3027 1268 dicent,
3048 1205 3313 1256 interiori
3324 1204 3635 1257 locutione
3654 1221 3747 1258 sua.

2193 1274 2242 1327 9.
2265 1275 2393 1323 Ecce
2421 1275 2579 1323 homo
2603 1276 2701 1340 qui
2716 1291 2825 1325 non
2845 1277 3024 1339 posuit
3039 1276 3216 1325 Deum
3237 1276 3564 1339 adjutorem
3578 1292 3747 1325 suum.

2132 1344 2449 1407 Vigilanter
2473 1346 2641 1397 nobis
2676 1346 3024 1397 intuendum
3072 1351 3182 1408 est,
3228 1346 3376 1409 quid
3424 1350 3489 1397 in
3511 1348 3625 1399 hoc
3649 1348 3748 1397 ini-

2131 1427 2244 1478 quo
2291 1415 2525 1467 damnet
2568 1417 2871 1480 Scriptura.
2914 1419 3042 1468 Non
3085 1417 3245 1468 enim
3280 1417 3455 1469 dixit.
3486 1419 3746 1481 Eccequi

2130 1485 2239 1537 fuit
2259 1485 2426 1538 dives
2453 1503 2464 1537 :
2492 1487 2593 1538 sed
2606 1488 2734 1538 Ecce
2760 1489 2919 1537 homo
2944 1489 3042 1552 qui
3067 1504 3183 1537 non
3232 1490 3425 1551 posuit
3457 1489 3635 1538 Deum
3657 1491 3741 1538 ad.

2121 1556 2359 1620 jutorem
2382 1573 2561 1607 suum.
2582 1559 2684 1608 Sed
2706 1560 2939 1623 speravit
2963 1560 3025 1608 in
3040 1559 3405 1609 multitudine
3422 1560 3740 1611 divitiarum

2128 1644 2375 1692 suaram,
2392 1630 2632 1684 idest.in
2648 1631 2811 1695 copia
2830 1632 2951 1682 auri
2968 1631 3064 1683 vel
3084 1631 3334 1696 argenti.
3353 1636 3414 1684 et
3451 1634 3741 1696 potentia,

2129 1706 2186 1751 et
2200 1700 2398 1764 glorise
2416 1706 2473 1752 et
2487 1702 2726 1753 aliarum
2743 1715 2949 1754 rerum.
2975 1703 3107 1754 Non
3119 1703 3256 1766 quia
3278 1703 3492 1755 habuit
3513 1704 3739 1756 divitias

2132 1771 2233 1822 sed
2258 1771 2393 1835 quia
2438 1772 2499 1823 in
2526 1772 2665 1837 ipsis
2703 1774 2974 1837 speravit,
2997 1773 3128 1824 ideo
3160 1773 3501 1838 damnatur,
3526 1775 3659 1827 ideo
3678 1776 3738 1827 de

2130 1843 2497 1894 tabernaculo
2520 1848 2804 1907 movetur,
2828 1845 2958 1896 ideo
2988 1845 3315 1909 extirpatur
3336 1846 3505 1897 radix
3531 1848 3587 1910 ej
3598 1860 3663 1898 us
3676 1847 3740 1898 de

2130 1919 2279 1965 terra
2310 1912 2481 1982 262
2510 1915 2832 1967 viventium
2858 1916 2924 1964 Et
2947 1916 3245 1981 praevaluit
3268 1916 3329 1964 in
3355 1919 3605 1967 vanitate
3626 1934 3735 1967 sua.

2130 1985 2276 2046 Quid
2302 1989 2456 2036 enim
2482 1987 2689 2038 vanius
2714 2000 2781 2038 eo
2804 1987 2903 2049 qui
2918 1986 3050 2051 plus
3074 1988 3455 2051 putatvalere
3472 2005 3734 2039 nummum

2130 2068 2304 2119 quam
2318 2058 2501 2108 Deum
2515 2060 2542 2107 ?
2563 2059 2710 2120 Ergo
2726 2058 2836 2109 isto
2868 2058 3166 2120 damnato,
3195 2058 3336 2121 quid
3357 2059 3508 2111 dicis
3519 2061 3595 2112 de
3616 2065 3687 2121 te,
3709 2076 3737 2112 ο

2128 2127 2349 2178 David?
2385 2127 2530 2190 Quid
2566 2128 2708 2178 dicis
2734 2128 2805 2179 de
2831 2130 2904 2193 te,
2939 2141 2973 2179 o
2997 2141 3213 2193 corpus
3238 2130 3453 2181 Christi
3479 2136 3505 2181 .9

2192 2197 2276 2252 10.
2303 2199 2416 2261 Ego
2453 2204 2633 2247 autem
2683 2199 2818 2247 sicut
2850 2199 2991 2247 oliva
3013 2199 3306 2262 fructifera
3328 2202 3390 2249 in
3438 2203 3606 2251 domo
3630 2203 3735 2252 Dei.

2126 2269 2246 2332 Ego
2266 2281 2513 2320 manens
2535 2269 2591 2319 in
2620 2268 2893 2333 Ecclesia,
2926 2282 3060 2332 quae
3086 2276 3179 2322 est
3206 2270 3420 2322 domus
3446 2274 3572 2335 Dei,
3598 2274 3741 2324 sicut

2126 2339 2277 2391 oliva
2299 2339 2590 2391 fructifera
2612 2340 2671 2391 in
2696 2340 3049 2404 pinguedine
3073 2343 3330 2394 caritatis
3348 2348 3405 2395 et
3430 2344 3742 2395 fructiﬁca-

2128 2411 2280 2462 tione
2294 2412 2578 2462 bonorum
2595 2423 2854 2475 operum,
2874 2410 3104 2476 Speraui
3125 2426 3245 2465 non
3266 2414 3323 2464 in
3348 2414 3594 2479 divitiis,
3622 2416 3741 2467 sive

2124 2480 2461 2543 honoribus,
2500 2481 2601 2532 sed
2626 2482 2685 2529 in
2708 2482 3087 2531 misericordia
3116 2483 3215 2532 Dei
3239 2498 3252 2534 :
3281 2486 3401 2549 Ego
3429 2486 3594 2549 (dico)
3624 2499 3738 2550 per-

2128 2551 2430 2604 ducendus
2454 2553 2515 2601 in
2540 2558 2818 2604 aeternum.
2838 2555 2908 2604 Et
2932 2553 3043 2605 hoc
3067 2555 3307 2618 exponit
3336 2569 3475 2607 cum
3505 2557 3734 2608 subdit:

2124 2629 2169 2672 et
2186 2626 2245 2671 in
2260 2624 2511 2673 saeculum
2524 2625 3007 2687 subsequutivum
3021 2625 3202 2690 hujus
3217 2628 3413 2678 seculi.
3434 2630 3577 2677 Sicut
3601 2630 3738 2677 oliva

2123 2695 2385 2758 nequein
2401 2695 2605 2758 hyeme
2632 2707 2821 2757 neque
2835 2696 2892 2746 in
2910 2702 3109 2748 aestate
3127 2710 3293 2749 suam
3311 2699 3529 2750 amittit
3548 2699 3739 2751 viridi-

2125 2769 2320 2829 tatem,
2349 2766 2431 2817 sic
2463 2769 2647 2817 sancti
2672 2765 2777 2818 viri
2806 2779 2996 2830 neque
3034 2768 3095 2818 in
3120 2770 3414 2834 prosperis
3447 2784 3647 2835 neque
3680 2772 3737 2822 in

2120 2837 2381 2889 adversis
2405 2838 2682 2889 amittunt
2712 2841 2992 2889 virtutum
3033 2839 3316 2891 decorem.

2183 2907 2267 2962 11.
2314 2908 2613 2971 Conﬁtebor
2657 2908 2751 2957 tibi
2790 2910 2849 2957 in
2875 2909 3150 2971 saeculum,
3185 2912 3319 2976 quia
3348 2912 3544 2974 fecisti.
3588 2914 3735 2976 Ergo

2118 2978 2251 3041 quia
2267 2992 2359 3031 me
2387 2980 2561 3031 talem
2583 2979 2788 3043 fecisti,
2824 2979 2952 3031 ideo
2974 2980 3226 3034 laudabo
3260 2988 3311 3033 te
3340 2982 3398 3033 in
3418 2988 3730 3035 aeternum.

2123 3052 2329 3114 Magna
2362 3051 2666 3111 confessio,
2692 3064 2905 3116 magna
2931 3053 3139 3116 gratia:
3167 3055 3601 3106 commendatio
3627 3060 3730 3119 est,

2121 3121 2308 3172 dicere
2342 3123 2479 3184 Deo,
2524 3123 2662 3181 Quia
2675 3123 2861 3185 fecisti.
2883 3123 3033 3184 Quid
3059 3127 3151 3175 est
3174 3125 3329 3188 quod
3347 3126 3533 3177 fecisti
3556 3131 3584 3177 ‘2
3612 3128 3731 3179 Uti-

2126 3205 2235 3256 que
2252 3192 2360 3244 hoc
2377 3193 2532 3256 quod
2552 3207 2657 3257 ego
2670 3194 2817 3245 sicut
2840 3194 2994 3245 oliva
3016 3196 3307 3248 fructifera
3322 3196 3384 3247 in
3406 3197 3585 3249 domo
3610 3200 3729 3255 Dei,

2128 3264 2351 3326 speravi
2375 3264 2435 3314 in
2458 3263 2847 3316 misericordia
2868 3265 2992 3316 Dei.
3016 3267 3164 3317 Nam
3189 3267 3328 3330 quid
3349 3280 3457 3331 ego
3473 3268 3606 3323 feci.
3623 3269 3729 3320 nisi

2126 3333 2341 3385 malum
2352 3338 2379 3385 ‘?
2392 3337 2546 3385 Deus
2556 3340 2751 3386 autem
2764 3340 2853 3387 est
2869 3336 2969 3399 qui
2985 3343 3256 3400 operatur
3270 3339 3328 3390 in
3344 3340 3517 3390 nobis
3533 3342 3594 3391 et
3604 3344 3729 3389 velle

2124 3410 2184 3455 et
2206 3406 2427 3469 operari
2460 3419 2562 3470 pro
2597 3407 2749 3457 bona
2780 3406 3079 3459 voluntate
3103 3409 3329 3474 (Philip.
3374 3409 3470 3472 2.).
3496 3411 3567 3459 Et
3601 3411 3728 3463 ideo

2126 3488 2258 3527 cum
2284 3477 2838 3541 patientiampectabo
2861 3493 3059 3528 nomen
3087 3484 3261 3544 tuum,
3290 3482 3458 3543 idest,
3487 3483 3727 3546 gloriam

2125 3552 2183 3619 et
2197 3548 2612 3600 deiﬂcationem
2634 3549 2883 3600 nominis
2901 3550 2986 3600 tui
2999 3565 3012 3600 :
3029 3551 3121 3602 vel
3131 3564 3344 3605 nomen
3358 3558 3528 3605 tuum
3538 3559 3723 3619 Iesum,

2123 3618 2291 3680 idest,
2311 3619 2689 3671 Salvatorem:
2726 3621 2991 3684 quoniam
3027 3621 3233 3671 bonum
3262 3630 3333 3673 est
3358 3625 3417 3673 in
3447 3618 3723 3689 conspectu

2122 3696 2436 3740 sanctorum
2472 3696 2709 3741 tuorum.
2726 3693 2848 3743 Non
2869 3691 3081 3743 dicitin
3094 3698 3714 3758 conspectuimpiorum,

2125 3760 2225 3813 sed
2243 3762 2303 3810 in.
2315 3768 2591 3827 conspectu
2605 3768 2915 3812 sanctorum
2930 3764 3149 3815 bonum
3164 3778 3328 3817 essse
3340 3780 3555 3818 nomen
3570 3771 3722 3816 Domi-

2123 3832 2201 3883 ni.
2218 3834 2343 3884 Non
2357 3833 2511 3884 enim
2524 3833 2733 3885 habent
2753 3834 2985 3886 oculum
3017 3840 3121 3887 aut
3144 3838 3404 3899 palatum
3436 3839 3644 3901 cordis,
3659 3844 3721 3889 ut

2125 3904 2318 3955 videre
2334 3908 2435 3955 aut
2449 3908 2682 3969 gustare
2696 3904 2921 3957 valeant
2936 3918 3114 3968 quam
3133 3908 3325 3959 bonus
3336 3911 3391 3960 et
3405 3922 3581 3973 quam
3596 3922 3722 3961 sua-

2124 3974 2216 4024 vis
2232 3979 2322 4026 est
2352 3975 2647 4045 Dominus.
2678 3977 2863 4027 Homo
2891 3977 3164 4027 nesciens
3188 3978 3331 4041 quid
3358 3980 3580 4045 sitmel,
3616 3980 3723 4031 nisi

2123 4044 2461 4108 gustaverit,
2485 4046 2820 4105 nescitquid
2841 4046 3011 4098 dicat.
3029 4047 3168 4099 ldeo
3188 4050 3379 4114 magis
3403 4051 3479 4102 ad
3504 4052 3723 4115 experi-

2122 4122 2380 4167 mentum
2406 4117 2661 4168 invitans
2678 4117 2958 4181 Psalmus,
2977 4118 3241 4178 Gustate,
3261 4121 3470 4185 inquit,
3491 4126 3549 4174 et
3565 4124 3722 4171 videte

2123 4188 2395 4249 quoniam
2434 4193 2630 4239 suavis
2673 4192 2761 4239 est
2804 4189 3100 4240 Dominus.
3149 4193 3233 4241 Ac
3271 4193 3322 4242 si
3349 4192 3722 4245 dicatz'I‘unc

2122 4258 2391 4310 videbitis
2421 4259 2468 4309 si
2492 4259 2881 4320 gustaveritis.
2904 4259 3112 4311 Sinihil
3137 4261 3305 4314 dulce
3330 4268 3490 4316 esset
3509 4269 3722 4328 marty-

2122 4328 2301 4393 ribus,
2314 4342 2681 4393 nequaquam
2698 4333 2883 4381 tantas
2895 4331 3339 4393 tribulationum
3362 4338 3721 4385 amaritudines

2122 4411 2292 4463 aequo
2315 4402 2508 4452 animo
2533 4401 2854 4453 tolerarent.
2881 4404 3106 4454 Bonum
3119 4408 3213 4455 est
3234 4418 3451 4457 nomen
3481 4412 3642 4458 tuum
3664 4408 3720 4454 in

2115 4477 2390 4535 conspectu
2401 4477 2710 4521 sanctorum
2725 4478 2960 4524 tuorum.
2974 4476 3201 4526 Bonum
3214 4482 3307 4528 est
3319 4478 3482 4538 mihi,
3496 4477 3720 4542 quando

2125 4542 2295 4594 audio
2321 4544 2494 4594 Deus.
2522 4544 2739 4595 Bonum
2766 4549 2855 4595 est
2879 4545 3040 4606 mihi,
3067 4547 3305 4609 quando
3328 4550 3505 4601 audio
3533 4552 3716 4601 Jesus.

2124 4614 2247 4663 Hoc
2270 4626 2485 4665 nomen
2495 4615 2689 4666 audire
2709 4622 3022 4679 possuntet
3041 4618 3176 4669 boni
3208 4623 3268 4670 et
3287 4620 3455 4671 mall:
3480 4633 3598 4672 non
3620 4632 3720 4671 au—

2120 4688 2232 4734 tem
2258 4687 2491 4749 gustare
2514 4686 2625 4737 nisi
2652 4687 2856 4738 sancti.
2883 4689 2951 4738 Et
2968 4694 3185 4752 quanto
3199 4691 3453 4755 quisque
3477 4692 3720 4744 sanctior

2118 4760 2225 4818 est,
2244 4761 2403 4808 tanto
2418 4756 2646 4808 dulcius
2667 4762 2725 4810 et
2758 4759 2998 4810 suavius
3022 4763 3175 4824 sapit
3189 4774 3407 4814 nomen
3418 4764 3645 4815 Domini
3662 4765 3717 4813 in

2114 4826 2283 4877 corde
2307 4829 2453 4890 ejus.
2478 4829 2660 4879 Tanto
2671 4828 2846 4880 etiam
2863 4830 3178 4893 patientius
3204 4836 3260 4884 et
3281 4834 3718 4886 desiderabilius

2116 4901 2399 4962 expectat,
2449 4903 2515 4951 ut
2546 4900 2776 4951 tandem
2815 4901 3009 4953 videre
3042 4909 3338 4956 mereatur
3380 4906 3535 4970 quod
3568 4907 3719 4958 amat

2461 5032 2826 5098 TITULUS
2859 5034 3188 5099 PSALMI
3220 5038 3361 5102 LII.

2178 5157 2298 5205 LIn
2319 5157 2485 5217 ﬁnem
2496 5172 2594 5220 pro
2611 5157 2899 5208 Mahalath
2925 5158 3221 5210 intellectus
3231 5162 3431 5213 David.
3457 5167 3552 5213 Iste
3576 5166 3718 5213 intel-

2112 5220 2269 5267 lectus
2295 5221 2588 5267 attribuitur
2614 5222 2784 5279 David,
2821 5223 2873 5269 id
2904 5228 2996 5281 est,
3022 5225 3220 5273 Christo
3263 5227 3501 5274 invitanti
3527 5241 3635 5281 nos,
3660 5228 3709 5273 id

2058 5323 2062 5327 .
2111 5286 2202 5349 est,
2230 5284 2283 5328 in
2314 5284 2709 5349 conformitatcm
2729 5285 2809 5331 sui
2832 5286 2994 5349 ipsius
3017 5289 3107 5345 qui
3126 5289 3335 5336 esttinis
3360 5290 3504 5348 legis.
3532 5292 3709 5349 Propo-

2112 5344 2251 5410 nitur
2267 5345 2413 5410 nobis
2430 5345 2562 5410 idem
2588 5347 2816 5410 Christus
2829 5347 2880 5392 in
2897 5348 2990 5395 hoc
3006 5344 3288 5397 Psalmo.ad
3304 5344 3703 5410 intelligendum,

2109 5410 2163 5451 ut
2190 5407 2245 5452 in
2277 5407 2444 5463 ipsum
2471 5408 2692 5466 quiduis
2719 5408 2845 5467 legis
2868 5415 2957 5465 est,
2988 5413 3411 5461 transformamur
3439 5430 3450 5461 :
3476 5407 3529 5461 ut
3551 5414 3705 5460 creda-

2109 5480 2223 5537 mus
2247 5482 2363 5537 eum
2389 5482 2496 5537 esse
2536 5471 2756 5537 salutare
2794 5472 2961 5537 Israel.
2989 5472 3239 5534 Christus,
3270 5476 3405 5537 dico,
3451 5489 3594 5531 agens
3615 5488 3700 5533 pro

2108 5529 2374 5586 Malmlath,
2412 5531 2462 5576 id
2498 5536 2588 5590 cst,
2613 5533 2724 5578 vice
2748 5534 3074 5591 parturientis
3102 5537 3178 5582 vel
3205 5529 3442 5585 dolentis.
3474 5529 3695 5585 Malialsth

2106 5591 2242 5659 enim
2270 5592 2821 5659 interpretaturdolcns
2839 5595 2944 5641 sive
2958 5596 3278 5659 parturiens
3306 5602 3420 5648 :sed
3449 5601 3699 5647 habeteﬂe-

2105 5658 2236 5721 ctum
2268 5655 2481 5721 dolentis
2512 5656 2591 5701 vel
2637 5655 2978 5721 parturientis,
3017 5660 3211 5707 scilicet
3246 5665 3521 5721 arguendo,
3546 5663 3693 5708 incre-

2103 5716 2551 5782 pandoJudaicam,
2564 5719 2844 5782 perﬁdiam,
2858 5720 2919 5767 de
2934 5716 3172 5770 vetustate
3188 5724 3240 5770 in
3259 5716 3533 5773 ndvitatem
3549 5730 3691 5771 trans-

2106 5778 2640 5848 formare_sa_tag_eutis._
2657 5778 3112 5848 Filioli'mei,quos
3139 5788 3323 5834 iterum
3357 5787 3688 5848 parturiotboc

2102 5844 2173 5887 est
2208 5852 2298 5899 pro
2321 5841 2587 5903 Mahalath)
2613 5844 2771 5893 donec
2794 5841 3035 5894 formetur
3058 5848 3297 5897 Christus
3325 5841 3380 5897 in
3416 5851 3554 5897 vobis
3574 5841 3686 5909 (Ga-
