  <div class='ocr_page' id='page_1' title='image "/cluster/home/n/w/nwhite01/storage/ocr_20150623/20-21/uva.x000826555/1042.png"; bbox 0 0 3880 6222; ppageno 0'>
   <div class='ocr_carea' id='block_1_1' title="bbox 71 322 193 378">
    <p class='ocr_par' dir='ltr' id='par_1_1' title="bbox 71 322 193 378">
     <span class='ocr_line' id='line_1_1' title="bbox 71 322 193 378; baseline 0 0"><span class='ocrx_word' id='word_1_1' title='bbox 71 322 193 378; x_wconf 72' lang='grc'>857</span> 
     </span>
    </p>
   </div>
   <div class='ocr_carea' id='block_1_2' title="bbox 67 410 90 460">
    <p class='ocr_par' dir='ltr' id='par_1_2' title="bbox 67 410 90 460">
     <span class='ocr_line' id='line_1_2' title="bbox 67 410 90 460; baseline 0 0"><span class='ocrx_word' id='word_1_2' title='bbox 67 410 90 460; x_wconf 85' lang='grc' dir='ltr'><strong><em>ι</em></strong></span> 
     </span>
    </p>
   </div>
   <div class='ocr_carea' id='block_1_3' title="bbox 71 501 1701 567">
    <p class='ocr_par' dir='ltr' id='par_1_3' title="bbox 71 501 1701 567">
     <span class='ocr_line' id='line_1_3' title="bbox 71 501 1701 567; baseline 0.007 -23"><span class='ocrx_word' id='word_1_3' title='bbox 71 501 332 558; x_wconf 87' lang='lat' dir='ltr'>populus,</span> <span class='ocrx_word' id='word_1_4' title='bbox 358 514 458 547; x_wconf 91' lang='lat' dir='ltr'>non</span> <span class='ocrx_word' id='word_1_5' title='bbox 482 514 797 567; x_wconf 81' lang='lat' dir='ltr'>cognoscens</span> <span class='ocrx_word' id='word_1_6' title='bbox 823 501 1229 556; x_wconf 81' lang='lat' dir='ltr'>Deum.lntendit</span> <span class='ocrx_word' id='word_1_7' title='bbox 1251 501 1414 554; x_wconf 74' lang='lat' dir='ltr'>autem</span> <span class='ocrx_word' id='word_1_8' title='bbox 1436 501 1605 567; x_wconf 78' lang='lat' dir='ltr'>ipsum</span> <span class='ocrx_word' id='word_1_9' title='bbox 1620 521 1701 555; x_wconf 89' lang='lat' dir='ltr'>ca-</span> 
     </span>
    </p>
   </div>
   <div class='ocr_carea' id='block_1_4' title="bbox 71 564 1701 630">
    <p class='ocr_par' dir='ltr' id='par_1_4' title="bbox 71 564 1701 630">
     <span class='ocr_line' id='line_1_4' title="bbox 71 564 1701 630; baseline 0.006 -24"><span class='ocrx_word' id='word_1_10' title='bbox 71 568 171 630; x_wconf 77' lang='lat' dir='ltr'>put</span> <span class='ocrx_word' id='word_1_11' title='bbox 213 570 442 630; x_wconf 80' lang='lat' dir='ltr'>nostrum</span> <span class='ocrx_word' id='word_1_12' title='bbox 479 564 533 609; x_wconf 92' lang='lat' dir='ltr'>in</span> <span class='ocrx_word' id='word_1_13' title='bbox 582 566 685 630; x_wconf 38' lang='lat' dir='ltr'>hoc~</span> <span class='ocrx_word' id='word_1_14' title='bbox 724 568 918 624; x_wconf 80' lang='lat' dir='ltr'>psalmo</span> <span class='ocrx_word' id='word_1_15' title='bbox 943 569 1199 616; x_wconf 83' lang='lat' dir='ltr'>confutare</span> <span class='ocrx_word' id='word_1_16' title='bbox 1223 583 1307 617; x_wconf 87' lang='lat' dir='ltr'>eos</span> <span class='ocrx_word' id='word_1_17' title='bbox 1332 571 1419 630; x_wconf 88' lang='lat' dir='ltr'>qui</span> <span class='ocrx_word' id='word_1_18' title='bbox 1445 564 1701 619; x_wconf 78' lang='lat' dir='ltr'>Christum</span> 
     </span>
    </p>
   </div>
   <div class='ocr_carea' id='block_1_5' title="bbox 72 624 1703 684">
    <p class='ocr_par' dir='ltr' id='par_1_5' title="bbox 72 624 1703 684">
     <span class='ocr_line' id='line_1_5' title="bbox 72 624 1703 684; baseline 0.007 -16"><span class='ocrx_word' id='word_1_19' title='bbox 72 624 360 671; x_wconf 89' lang='lat' dir='ltr'>Dominum</span> <span class='ocrx_word' id='word_1_20' title='bbox 384 639 492 672; x_wconf 87' lang='lat' dir='ltr'>esse</span> <span class='ocrx_word' id='word_1_21' title='bbox 543 628 791 684; x_wconf 77' lang='lat' dir='ltr'>negabant</span> <span class='ocrx_word' id='word_1_22' title='bbox 819 642 831 678; x_wconf 89' lang='lat'>:</span> <span class='ocrx_word' id='word_1_23' title='bbox 873 632 1144 678; x_wconf 83' lang='lat' dir='ltr'>ostendens</span> <span class='ocrx_word' id='word_1_24' title='bbox 1182 646 1265 678; x_wconf 89' lang='lat' dir='ltr'>eos</span> <span class='ocrx_word' id='word_1_25' title='bbox 1287 624 1634 679; x_wconf 77' lang='lat' dir='ltr'>consummare</span> <span class='ocrx_word' id='word_1_26' title='bbox 1657 637 1703 679; x_wconf 90' lang='lat' dir='ltr'>et</span> 
     </span>
    </p>
   </div>
   <div class='ocr_carea' id='block_1_6' title="bbox 73 693 1703 764">
    <p class='ocr_par' dir='ltr' id='par_1_6' title="bbox 73 693 1703 764">
     <span class='ocr_line' id='line_1_6' title="bbox 73 693 1703 764; baseline 0.007 -24"><span class='ocrx_word' id='word_1_27' title='bbox 73 706 196 741; x_wconf 85' lang='lat' dir='ltr'>esse</span> <span class='ocrx_word' id='word_1_28' title='bbox 224 702 505 757; x_wconf 89' lang='lat' dir='ltr'>corruptos,</span> <span class='ocrx_word' id='word_1_29' title='bbox 760 705 805 746; x_wconf 88' lang='lat' dir='ltr'>et</span> <span class='ocrx_word' id='word_1_30' title='bbox 851 700 918 746; x_wconf 85' lang='lat' dir='ltr'>ita</span> <span class='ocrx_word' id='word_1_31' title='bbox 962 702 1055 748; x_wconf 88' lang='lat' dir='ltr'>abo</span> <span class='ocrx_word' id='word_1_32' title='bbox 1080 703 1347 750; x_wconf 87' lang='lat' dir='ltr'>minabilcs</span> <span class='ocrx_word' id='word_1_33' title='bbox 1375 717 1481 750; x_wconf 89' lang='lat' dir='ltr'>esse</span> <span class='ocrx_word' id='word_1_34' title='bbox 1505 706 1623 763; x_wconf 87' lang='lat' dir='ltr'>Deo,</span> <span class='ocrx_word' id='word_1_35' title='bbox 1650 708 1703 749; x_wconf 87' lang='lat' dir='ltr'>ut</span> 
     </span>
    </p>
   </div>
   <div class='ocr_carea' id='block_1_7' title="bbox 74 765 1699 829">
    <p class='ocr_par' dir='ltr' id='par_1_7' title="bbox 74 765 1699 829">
     <span class='ocr_line' id='line_1_7' title="bbox 74 765 1699 829; baseline 0.006 -19"><span class='ocrx_word' id='word_1_36' title='bbox 74 765 265 812; x_wconf 88' lang='lat' dir='ltr'>nullus</span> <span class='ocrx_word' id='word_1_37' title='bbox 294 767 499 814; x_wconf 89' lang='lat' dir='ltr'>illorum</span> <span class='ocrx_word' id='word_1_38' title='bbox 526 769 672 815; x_wconf 81' lang='lat' dir='ltr'>faciat</span> <span class='ocrx_word' id='word_1_39' title='bbox 696 771 1073 829; x_wconf 88' lang='lat' dir='ltr'>bonum,donec</span> <span class='ocrx_word' id='word_1_40' title='bbox 1100 779 1453 821; x_wconf 85' lang='lat' dir='ltr'>convertantur</span> <span class='ocrx_word' id='word_1_41' title='bbox 1472 776 1699 821; x_wconf 89' lang='lat' dir='ltr'>adunum</span> 
     </span>
    </p>
   </div>
   <div class='ocr_carea' id='block_1_8' title="bbox 71 829 1704 894">
    <p class='ocr_par' dir='ltr' id='par_1_8' title="bbox 71 829 1704 894">
     <span class='ocr_line' id='line_1_8' title="bbox 71 829 1704 894; baseline 0.004 -21"><span class='ocrx_word' id='word_1_42' title='bbox 71 829 277 894; x_wconf 88' lang='lat' dir='ltr'>scilicet</span> <span class='ocrx_word' id='word_1_43' title='bbox 313 830 373 875; x_wconf 89' lang='lat' dir='ltr'>ad</span> <span class='ocrx_word' id='word_1_44' title='bbox 415 833 588 877; x_wconf 89' lang='lat' dir='ltr'>Deum.</span> <span class='ocrx_word' id='word_1_45' title='bbox 614 833 840 879; x_wconf 84' lang='lat' dir='ltr'>Ostendit</span> <span class='ocrx_word' id='word_1_46' title='bbox 865 835 1016 880; x_wconf 88' lang='lat' dir='ltr'>etiam</span> <span class='ocrx_word' id='word_1_47' title='bbox 1042 840 1242 894; x_wconf 81' lang='lat' dir='ltr'>propter</span> <span class='ocrx_word' id='word_1_48' title='bbox 1262 838 1580 894; x_wconf 88' lang='lat' dir='ltr'>quorundam</span> <span class='ocrx_word' id='word_1_49' title='bbox 1608 836 1704 881; x_wconf 90' lang='lat' dir='ltr'>ini-</span> 
     </span>
    </p>
   </div>
   <div class='ocr_carea' id='block_1_9' title="bbox 69 891 1698 958">
    <p class='ocr_par' dir='ltr' id='par_1_9' title="bbox 69 891 1698 958">
     <span class='ocr_line' id='line_1_9' title="bbox 69 891 1698 958; baseline 0.004 -22"><span class='ocrx_word' id='word_1_50' title='bbox 69 891 323 958; x_wconf 81' lang='lat' dir='ltr'>quitates,</span> <span class='ocrx_word' id='word_1_51' title='bbox 348 894 565 958; x_wconf 79' lang='lat' dir='ltr'>rationes</span> <span class='ocrx_word' id='word_1_52' title='bbox 589 898 635 939; x_wconf 91' lang='lat' dir='ltr'>et</span> <span class='ocrx_word' id='word_1_53' title='bbox 659 908 832 941; x_wconf 90' lang='lat' dir='ltr'>eorum</span> <span class='ocrx_word' id='word_1_54' title='bbox 859 891 1186 943; x_wconf 54' lang='lat' dir='ltr'>arbitriuma</span> <span class='ocrx_word' id='word_1_55' title='bbox 1206 891 1301 944; x_wconf 86' lang='lat' dir='ltr'>Deo</span> <span class='ocrx_word' id='word_1_56' title='bbox 1327 899 1698 958; x_wconf 87' lang='lat' dir='ltr'>dissipandum,</span> 
     </span>
    </p>
   </div>
   <div class='ocr_carea' id='block_1_10' title="bbox 72 954 1699 1019">
    <p class='ocr_par' dir='ltr' id='par_1_10' title="bbox 72 954 1699 1019">
     <span class='ocr_line' id='line_1_10' title="bbox 72 954 1699 1019; baseline 0.006 -22"><span class='ocrx_word' id='word_1_57' title='bbox 72 959 121 997; x_wconf 90' lang='lat' dir='ltr'>et</span> <span class='ocrx_word' id='word_1_58' title='bbox 149 954 297 1010; x_wconf 84' lang='lat' dir='ltr'>ipsos</span> <span class='ocrx_word' id='word_1_59' title='bbox 320 955 466 1000; x_wconf 88' lang='lat' dir='ltr'>etiam</span> <span class='ocrx_word' id='word_1_60' title='bbox 494 958 545 1001; x_wconf 90' lang='lat' dir='ltr'>in</span> <span class='ocrx_word' id='word_1_61' title='bbox 565 961 801 1005; x_wconf 63' lang='lat' dir='ltr'>aeternum</span> <span class='ocrx_word' id='word_1_62' title='bbox 828 960 1135 1018; x_wconf 85' lang='lat' dir='ltr'>puniendos:</span> <span class='ocrx_word' id='word_1_63' title='bbox 1155 961 1318 1019; x_wconf 90' lang='lat' dir='ltr'>justos</span> <span class='ocrx_word' id='word_1_64' title='bbox 1350 954 1472 1008; x_wconf 73' lang='lat' dir='ltr'>vero</span> <span class='ocrx_word' id='word_1_65' title='bbox 1490 960 1699 1007; x_wconf 89' lang='lat' dir='ltr'>salutem</span> 
     </span>
    </p>
   </div>
   <div class='ocr_carea' id='block_1_11' title="bbox 67 1019 951 1079">
    <p class='ocr_par' dir='ltr' id='par_1_11' title="bbox 67 1019 951 1079">
     <span class='ocr_line' id='line_1_11' title="bbox 67 1019 951 1079; baseline 0.008 -18"><span class='ocrx_word' id='word_1_66' title='bbox 67 1020 459 1064; x_wconf 81' lang='lat' dir='ltr'>consecuturos.</span> <span class='ocrx_word' id='word_1_67' title='bbox 488 1019 566 1065; x_wconf 90' lang='lat' dir='ltr'>Sic</span> <span class='ocrx_word' id='word_1_68' title='bbox 599 1032 720 1077; x_wconf 87' lang='lat' dir='ltr'>ergo</span> <span class='ocrx_word' id='word_1_69' title='bbox 737 1020 918 1079; x_wconf 82' lang='lat' dir='ltr'>incipit</span> <span class='ocrx_word' id='word_1_70' title='bbox 938 1033 951 1070; x_wconf 90' lang='lat'>:</span> 
     </span>
    </p>
   </div>
   <div class='ocr_carea' id='block_1_12' title="bbox 599 1141 1187 1207">
    <p class='ocr_par' dir='ltr' id='par_1_12' title="bbox 599 1141 1187 1207">
     <span class='ocr_line' id='line_1_12' title="bbox 599 1141 1187 1207; baseline 0.007 -4"><span class='ocrx_word' id='word_1_71' title='bbox 599 1141 1002 1207; x_wconf 89' lang='lat' dir='ltr'>PSALMUS</span> <span class='ocrx_word' id='word_1_72' title='bbox 1048 1142 1187 1207; x_wconf 93' lang='lat' dir='ltr'>LII.</span> 
     </span>
    </p>
   </div>
   <div class='ocr_carea' id='block_1_13' title="bbox 135 1262 1702 1331">
    <p class='ocr_par' dir='ltr' id='par_1_13' title="bbox 135 1262 1702 1331">
     <span class='ocr_line' id='line_1_13' title="bbox 135 1262 1702 1331; baseline -0.001 -14"><span class='ocrx_word' id='word_1_73' title='bbox 135 1262 191 1317; x_wconf 73' lang='grc'>2.</span> <span class='ocrx_word' id='word_1_74' title='bbox 229 1263 663 1330; x_wconf 36' lang='grc' dir='ltr'>Οἱωίιιίηείρίεηε</span> <span class='ocrx_word' id='word_1_75' title='bbox 675 1266 733 1315; x_wconf 84' lang='lat' dir='ltr'>in</span> <span class='ocrx_word' id='word_1_76' title='bbox 748 1268 902 1317; x_wconf 86' lang='lat' dir='ltr'>corde</span> <span class='ocrx_word' id='word_1_77' title='bbox 917 1283 1031 1331; x_wconf 89' lang='lat' dir='ltr'>suo,</span> <span class='ocrx_word' id='word_1_78' title='bbox 1054 1268 1177 1319; x_wconf 85' lang='lat' dir='ltr'>Non</span> <span class='ocrx_word' id='word_1_79' title='bbox 1195 1274 1266 1318; x_wconf 76' lang='lat' dir='ltr'>est</span> <span class='ocrx_word' id='word_1_80' title='bbox 1282 1269 1440 1319; x_wconf 86' lang='lat' dir='ltr'>Deus.</span> <span class='ocrx_word' id='word_1_81' title='bbox 1454 1269 1702 1319; x_wconf 86' lang='lat' dir='ltr'>IstcPsal-</span> 
     </span>
    </p>
   </div>
   <div class='ocr_carea' id='block_1_14' title="bbox 68 1337 1698 1404">
    <p class='ocr_par' dir='ltr' id='par_1_14' title="bbox 68 1337 1698 1404">
     <span class='ocr_line' id='line_1_14' title="bbox 68 1337 1698 1404; baseline 0.003 -19"><span class='ocrx_word' id='word_1_82' title='bbox 68 1345 240 1398; x_wconf 91' lang='lat' dir='ltr'>mus,</span> <span class='ocrx_word' id='word_1_83' title='bbox 283 1337 419 1400; x_wconf 88' lang='lat' dir='ltr'>quia</span> <span class='ocrx_word' id='word_1_84' title='bbox 450 1337 571 1398; x_wconf 86' lang='lat' dir='ltr'>jam</span> <span class='ocrx_word' id='word_1_85' title='bbox 617 1339 883 1402; x_wconf 80' lang='lat' dir='ltr'>superius</span> <span class='ocrx_word' id='word_1_86' title='bbox 916 1341 1215 1404; x_wconf 86' lang='lat' dir='ltr'>expositus</span> <span class='ocrx_word' id='word_1_87' title='bbox 1248 1345 1338 1393; x_wconf 87' lang='lat' dir='ltr'>est</span> <span class='ocrx_word' id='word_1_88' title='bbox 1382 1340 1543 1403; x_wconf 83' lang='lat' dir='ltr'>(Psal.</span> <span class='ocrx_word' id='word_1_89' title='bbox 1572 1338 1698 1403; x_wconf 72' lang='lat'>13.),</span> 
     </span>
    </p>
   </div>
   <div class='ocr_carea' id='block_1_15' title="bbox 69 1408 1700 1475">
    <p class='ocr_par' dir='ltr' id='par_1_15' title="bbox 69 1408 1700 1475">
     <span class='ocr_line' id='line_1_15' title="bbox 69 1408 1700 1475; baseline 0.002 -17"><span class='ocrx_word' id='word_1_90' title='bbox 69 1408 450 1471; x_wconf 79' lang='lat' dir='ltr'>expositione</span> <span class='ocrx_word' id='word_1_91' title='bbox 462 1422 579 1460; x_wconf 91' lang='lat' dir='ltr'>non</span> <span class='ocrx_word' id='word_1_92' title='bbox 597 1409 834 1473; x_wconf 82' lang='lat' dir='ltr'>indiget,</span> <span class='ocrx_word' id='word_1_93' title='bbox 854 1416 1064 1475; x_wconf 66' lang='lat' dir='ltr'>praeter</span> <span class='ocrx_word' id='word_1_94' title='bbox 1074 1412 1229 1464; x_wconf 89' lang='lat' dir='ltr'>hunc</span> <span class='ocrx_word' id='word_1_95' title='bbox 1246 1425 1363 1463; x_wconf 90' lang='lat' dir='ltr'>unu</span> <span class='ocrx_word' id='word_1_96' title='bbox 1374 1425 1428 1462; x_wconf 89' lang='lat' dir='ltr'>m</span> <span class='ocrx_word' id='word_1_97' title='bbox 1442 1423 1700 1469; x_wconf 89' lang='lat' dir='ltr'>versum,</span> 
     </span>
    </p>
   </div>
   <div class='ocr_carea' id='block_1_16' title="bbox 71 1479 1700 1547">
    <p class='ocr_par' dir='ltr' id='par_1_16' title="bbox 71 1479 1700 1547">
     <span class='ocr_line' id='line_1_16' title="bbox 71 1479 1700 1547; baseline 0.001 -18"><span class='ocrx_word' id='word_1_98' title='bbox 71 1479 177 1540; x_wconf 90' lang='lat' dir='ltr'>qui</span> <span class='ocrx_word' id='word_1_99' title='bbox 194 1492 321 1531; x_wconf 89' lang='lat' dir='ltr'>non</span> <span class='ocrx_word' id='word_1_100' title='bbox 344 1485 435 1531; x_wconf 91' lang='lat' dir='ltr'>est</span> <span class='ocrx_word' id='word_1_101' title='bbox 463 1480 523 1530; x_wconf 88' lang='lat' dir='ltr'>in</span> <span class='ocrx_word' id='word_1_102' title='bbox 552 1481 831 1545; x_wconf 84' lang='lat' dir='ltr'>superiori</span> <span class='ocrx_word' id='word_1_103' title='bbox 857 1483 1079 1545; x_wconf 84' lang='lat' dir='ltr'>psalmo</span> <span class='ocrx_word' id='word_1_104' title='bbox 1105 1484 1291 1547; x_wconf 90' lang='lat' dir='ltr'>[Vers.</span> <span class='ocrx_word' id='word_1_105' title='bbox 1320 1483 1395 1547; x_wconf 84' lang='lat'>6.]</span> <span class='ocrx_word' id='word_1_106' title='bbox 1428 1483 1700 1542; x_wconf 75' lang='lat' dir='ltr'>Quoniam</span> 
     </span>
    </p>
   </div>
   <div class='ocr_carea' id='block_1_17' title="bbox 70 1548 1700 1626">
    <p class='ocr_par' dir='ltr' id='par_1_17' title="bbox 70 1548 1700 1626">
     <span class='ocr_line' id='line_1_17' title="bbox 70 1548 1700 1626; baseline 0.002 -29"><span class='ocrx_word' id='word_1_107' title='bbox 70 1548 222 1626; x_wconf 43' lang='lat' dir='ltr'>‘D&#39;eus</span> <span class='ocrx_word' id='word_1_108' title='bbox 267 1550 553 1626; x_wconf 68' lang='lat' dir='ltr'>dissipavit</span> <span class='ocrx_word' id='word_1_109' title='bbox 590 1567 709 1626; x_wconf 68' lang='lat' dir='ltr'>ossa</span> <span class='ocrx_word' id='word_1_110' title='bbox 754 1568 941 1626; x_wconf 46' lang='lat' dir='ltr'>eor-um</span> <span class='ocrx_word' id='word_1_111' title='bbox 991 1553 1700 1626; x_wconf 45' lang='lat' dir='ltr'>qui‘hominibusplaccnt.</span> 
     </span>
    </p>
   </div>
   <div class='ocr_carea' id='block_1_18' title="bbox 70 1611 1700 1680">
    <p class='ocr_par' dir='ltr' id='par_1_18' title="bbox 70 1611 1700 1680">
     <span class='ocr_line' id='line_1_18' title="bbox 70 1611 1700 1680; baseline 0.003 -18"><span class='ocrx_word' id='word_1_112' title='bbox 70 1611 420 1664; x_wconf 83' lang='lat' dir='ltr'>Voluerunt</span> <span class='ocrx_word' id='word_1_113' title='bbox 457 1613 793 1665; x_wconf 87' lang='lat' dir='ltr'>hominibus</span> <span class='ocrx_word' id='word_1_114' title='bbox 824 1611 1015 1667; x_wconf 64' lang='lat' dir='ltr'>Judaei</span> <span class='ocrx_word' id='word_1_115' title='bbox 1053 1615 1279 1679; x_wconf 88' lang='lat' dir='ltr'>placere</span> <span class='ocrx_word' id='word_1_116' title='bbox 1304 1611 1489 1680; x_wconf 81' lang='lat' dir='ltr'>magis</span> <span class='ocrx_word' id='word_1_117' title='bbox 1525 1627 1700 1679; x_wconf 90' lang='lat' dir='ltr'>quam</span> 
     </span>
    </p>
   </div>
   <div class='ocr_carea' id='block_1_19' title="bbox 68 1683 1701 1751">
    <p class='ocr_par' dir='ltr' id='par_1_19' title="bbox 68 1683 1701 1751">
     <span class='ocr_line' id='line_1_19' title="bbox 68 1683 1701 1751; baseline 0.004 -18"><span class='ocrx_word' id='word_1_118' title='bbox 68 1683 217 1746; x_wconf 90' lang='lat' dir='ltr'>Deo,</span> <span class='ocrx_word' id='word_1_119' title='bbox 243 1684 482 1747; x_wconf 84' lang='lat' dir='ltr'>quando</span> <span class='ocrx_word' id='word_1_120' title='bbox 495 1684 785 1747; x_wconf 81' lang='lat' dir='ltr'>dixerunt,</span> <span class='ocrx_word' id='word_1_121' title='bbox 805 1687 933 1737; x_wconf 91' lang='lat' dir='ltr'>Non</span> <span class='ocrx_word' id='word_1_122' title='bbox 946 1687 1224 1750; x_wconf 77' lang='lat' dir='ltr'>habemus</span> <span class='ocrx_word' id='word_1_123' title='bbox 1242 1700 1438 1751; x_wconf 86' lang='lat' dir='ltr'>regem</span> <span class='ocrx_word' id='word_1_124' title='bbox 1451 1687 1562 1738; x_wconf 87' lang='lat' dir='ltr'>nisi</span> <span class='ocrx_word' id='word_1_125' title='bbox 1580 1688 1701 1739; x_wconf 71' lang='lat' dir='ltr'>Cm-</span> 
     </span>
    </p>
   </div>
   <div class='ocr_carea' id='block_1_20' title="bbox 68 1755 1774 1833">
    <p class='ocr_par' dir='ltr' id='par_1_20' title="bbox 68 1755 1774 1833">
     <span class='ocr_line' id='line_1_20' title="bbox 68 1755 1774 1833; baseline 0.003 -29"><span class='ocrx_word' id='word_1_126' title='bbox 68 1766 297 1833; x_wconf 54' lang='lat' dir='ltr'>sarem,</span> <span class='ocrx_word' id='word_1_127' title='bbox 315 1757 412 1833; x_wconf 79' lang='lat' dir='ltr'>,E_t_</span> <span class='ocrx_word' id='word_1_128' title='bbox 437 1755 645 1833; x_wconf 80' lang='lat' dir='ltr'>iterum</span> <span class='ocrx_word' id='word_1_129' title='bbox 663 1772 683 1833; x_wconf 27' lang='grc' dir='ltr'>,ε</span> <span class='ocrx_word' id='word_1_130' title='bbox 711 1757 767 1833; x_wconf 85' lang='lat' dir='ltr'>Si</span> <span class='ocrx_word' id='word_1_131' title='bbox 791 1757 1035 1833; x_wconf 77' lang='lat' dir='ltr'>dimittis</span> <span class='ocrx_word' id='word_1_132' title='bbox 1060 1771 1210 1833; x_wconf 81' lang='lat' dir='ltr'>eum,</span> <span class='ocrx_word' id='word_1_133' title='bbox 1236 1770 1439 1833; x_wconf 77' lang='lat' dir='ltr'>nones</span> <span class='ocrx_word' id='word_1_134' title='bbox 1469 1759 1693 1833; x_wconf 81' lang='lat' dir='ltr'>amicus</span> <span class='ocrx_word' id='word_1_135' title='bbox 1722 1761 1774 1833; x_wconf 85' lang='grc' dir='ltr'><strong>Β</strong></span> 
     </span>
    </p>
   </div>
   <div class='ocr_carea' id='block_1_21' title="bbox 71 1825 1683 1892">
    <p class='ocr_par' dir='ltr' id='par_1_21' title="bbox 71 1825 1683 1892">
     <span class='ocr_line' id='line_1_21' title="bbox 71 1825 1683 1892; baseline 0.002 -17"><span class='ocrx_word' id='word_1_136' title='bbox 71 1825 333 1877; x_wconf 63' lang='lat' dir='ltr'>Caesaris</span> <span class='ocrx_word' id='word_1_137' title='bbox 360 1827 537 1888; x_wconf 86' lang='lat' dir='ltr'>(Joan.</span> <span class='ocrx_word' id='word_1_138' title='bbox 572 1826 697 1892; x_wconf 72' lang='lat'>19.).</span> <span class='ocrx_word' id='word_1_139' title='bbox 724 1828 1036 1892; x_wconf 81' lang='lat' dir='ltr'>Apostolus</span> <span class='ocrx_word' id='word_1_140' title='bbox 1063 1829 1199 1880; x_wconf 80' lang='lat' dir='ltr'>dicit</span> <span class='ocrx_word' id='word_1_141' title='bbox 1233 1846 1251 1881; x_wconf 68' lang='grc' dir='ltr'>ι</span> <span class='ocrx_word' id='word_1_142' title='bbox 1272 1830 1328 1881; x_wconf 91' lang='lat' dir='ltr'>Si</span> <span class='ocrx_word' id='word_1_143' title='bbox 1350 1829 1683 1881; x_wconf 91' lang='lat' dir='ltr'>hominibus</span> 
     </span>
    </p>
   </div>
   <div class='ocr_carea' id='block_1_22' title="bbox 74 1897 1684 1964">
    <p class='ocr_par' dir='ltr' id='par_1_22' title="bbox 74 1897 1684 1964">
     <span class='ocr_line' id='line_1_22' title="bbox 74 1897 1684 1964; baseline 0.001 -16"><span class='ocrx_word' id='word_1_144' title='bbox 74 1897 392 1961; x_wconf 86' lang='lat' dir='ltr'>placerem,</span> <span class='ocrx_word' id='word_1_145' title='bbox 419 1898 628 1950; x_wconf 90' lang='lat' dir='ltr'>Christi</span> <span class='ocrx_word' id='word_1_146' title='bbox 652 1912 857 1951; x_wconf 90' lang='lat' dir='ltr'>servus</span> <span class='ocrx_word' id='word_1_147' title='bbox 880 1913 998 1950; x_wconf 93' lang='lat' dir='ltr'>non</span> <span class='ocrx_word' id='word_1_148' title='bbox 1023 1913 1212 1953; x_wconf 90' lang='lat' dir='ltr'>essem</span> <span class='ocrx_word' id='word_1_149' title='bbox 1242 1902 1433 1964; x_wconf 81' lang='lat' dir='ltr'>(Colat.</span> <span class='ocrx_word' id='word_1_150' title='bbox 1464 1900 1554 1963; x_wconf 84' lang='grc'>1.).</span> <span class='ocrx_word' id='word_1_151' title='bbox 1577 1900 1684 1963; x_wconf 89' lang='lat' dir='ltr'>Qui</span> 
     </span>
    </p>
   </div>
   <div class='ocr_carea' id='block_1_23' title="bbox 74 1969 1684 2035">
    <p class='ocr_par' dir='ltr' id='par_1_23' title="bbox 74 1969 1684 2035">
     <span class='ocr_line' id='line_1_23' title="bbox 74 1969 1684 2035; baseline 0.003 -16"><span class='ocrx_word' id='word_1_152' title='bbox 74 1982 216 2034; x_wconf 85' lang='lat' dir='ltr'>ergo</span> <span class='ocrx_word' id='word_1_153' title='bbox 242 1969 578 2020; x_wconf 88' lang='lat' dir='ltr'>hominibus</span> <span class='ocrx_word' id='word_1_154' title='bbox 603 1970 822 2034; x_wconf 88' lang='lat' dir='ltr'>placere</span> <span class='ocrx_word' id='word_1_155' title='bbox 843 1974 1196 2035; x_wconf 76' lang='lat' dir='ltr'>appetentes,</span> <span class='ocrx_word' id='word_1_156' title='bbox 1222 1972 1531 2023; x_wconf 90' lang='lat' dir='ltr'>noluerunt</span> <span class='ocrx_word' id='word_1_157' title='bbox 1553 1984 1684 2024; x_wconf 87' lang='lat' dir='ltr'>esse</span> 
     </span>
    </p>
   </div>
   <div class='ocr_carea' id='block_1_24' title="bbox 75 2040 1686 2106">
    <p class='ocr_par' dir='ltr' id='par_1_24' title="bbox 75 2040 1686 2106">
     <span class='ocr_line' id='line_1_24' title="bbox 75 2040 1686 2106; baseline 0.002 -16"><span class='ocrx_word' id='word_1_158' title='bbox 75 2040 236 2091; x_wconf 87' lang='lat' dir='ltr'>servi</span> <span class='ocrx_word' id='word_1_159' title='bbox 268 2040 476 2091; x_wconf 86' lang='lat' dir='ltr'>Christi</span> <span class='ocrx_word' id='word_1_160' title='bbox 495 2054 507 2090; x_wconf 93' lang='lat'>:</span> <span class='ocrx_word' id='word_1_161' title='bbox 527 2046 826 2105; x_wconf 86' lang='lat' dir='ltr'>propterea</span> <span class='ocrx_word' id='word_1_162' title='bbox 840 2043 996 2093; x_wconf 89' lang='lat' dir='ltr'>Deus</span> <span class='ocrx_word' id='word_1_163' title='bbox 1012 2055 1147 2093; x_wconf 89' lang='lat' dir='ltr'>ossa</span> <span class='ocrx_word' id='word_1_164' title='bbox 1163 2054 1361 2094; x_wconf 90' lang='lat' dir='ltr'>eorum</span> <span class='ocrx_word' id='word_1_165' title='bbox 1381 2042 1686 2106; x_wconf 88' lang='lat' dir='ltr'>dissipavit</span> 
     </span>
    </p>
   </div>
   <div class='ocr_carea' id='block_1_25' title="bbox 74 2109 1685 2175">
    <p class='ocr_par' dir='ltr' id='par_1_25' title="bbox 74 2109 1685 2175">
     <span class='ocr_line' id='line_1_25' title="bbox 74 2109 1685 2175; baseline 0.002 -16"><span class='ocrx_word' id='word_1_166' title='bbox 74 2109 252 2173; x_wconf 82' lang='lat' dir='ltr'>idest,</span> <span class='ocrx_word' id='word_1_167' title='bbox 295 2112 536 2162; x_wconf 78' lang='lat' dir='ltr'>virtutes</span> <span class='ocrx_word' id='word_1_168' title='bbox 572 2111 783 2163; x_wconf 66' lang='lat' dir='ltr'>animas</span> <span class='ocrx_word' id='word_1_169' title='bbox 820 2130 829 2161; x_wconf 91' lang='lat'>:</span> <span class='ocrx_word' id='word_1_170' title='bbox 872 2117 930 2164; x_wconf 90' lang='lat' dir='ltr'>et</span> <span class='ocrx_word' id='word_1_171' title='bbox 952 2113 1251 2164; x_wconf 88' lang='lat' dir='ltr'>interiores</span> <span class='ocrx_word' id='word_1_172' title='bbox 1278 2125 1505 2175; x_wconf 86' lang='lat' dir='ltr'>sensus,</span> <span class='ocrx_word' id='word_1_173' title='bbox 1532 2112 1685 2163; x_wconf 89' lang='lat' dir='ltr'>scili-</span> 
     </span>
    </p>
   </div>
   <div class='ocr_carea' id='block_1_26' title="bbox 76 2182 1684 2248">
    <p class='ocr_par' dir='ltr' id='par_1_26' title="bbox 76 2182 1684 2248">
     <span class='ocr_line' id='line_1_26' title="bbox 76 2182 1684 2248; baseline 0.002 -19"><span class='ocrx_word' id='word_1_174' title='bbox 76 2185 168 2231; x_wconf 85' lang='lat' dir='ltr'>cet</span> <span class='ocrx_word' id='word_1_175' title='bbox 192 2182 477 2233; x_wconf 88' lang='lat' dir='ltr'>rationem</span> <span class='ocrx_word' id='word_1_176' title='bbox 510 2187 568 2233; x_wconf 91' lang='lat' dir='ltr'>et</span> <span class='ocrx_word' id='word_1_177' title='bbox 591 2182 969 2248; x_wconf 88' lang='lat' dir='ltr'>intellectum,</span> <span class='ocrx_word' id='word_1_178' title='bbox 994 2184 1333 2235; x_wconf 87' lang='lat' dir='ltr'>memoriam</span> <span class='ocrx_word' id='word_1_179' title='bbox 1358 2188 1414 2234; x_wconf 90' lang='lat' dir='ltr'>et</span> <span class='ocrx_word' id='word_1_180' title='bbox 1436 2182 1546 2233; x_wconf 82' lang='lat' dir='ltr'>alia</span> <span class='ocrx_word' id='word_1_181' title='bbox 1573 2183 1684 2233; x_wconf 91' lang='lat' dir='ltr'>hu-</span> 
     </span>
    </p>
   </div>
   <div class='ocr_carea' id='block_1_27' title="bbox 74 2252 1684 2318">
    <p class='ocr_par' dir='ltr' id='par_1_27' title="bbox 74 2252 1684 2318">
     <span class='ocr_line' id='line_1_27' title="bbox 74 2252 1684 2318; baseline 0.002 -16"><span class='ocrx_word' id='word_1_182' title='bbox 74 2252 341 2315; x_wconf 80' lang='lat' dir='ltr'>jusmodi</span> <span class='ocrx_word' id='word_1_183' title='bbox 366 2254 424 2304; x_wconf 93' lang='lat' dir='ltr'>in</span> <span class='ocrx_word' id='word_1_184' title='bbox 448 2253 534 2305; x_wconf 90' lang='lat' dir='ltr'>eis</span> <span class='ocrx_word' id='word_1_185' title='bbox 558 2254 845 2306; x_wconf 79' lang='lat' dir='ltr'>destruxit</span> <span class='ocrx_word' id='word_1_186' title='bbox 870 2270 882 2306; x_wconf 92' lang='lat'>:</span> <span class='ocrx_word' id='word_1_187' title='bbox 912 2268 1044 2318; x_wconf 69' lang='lat' dir='ltr'>quae</span> <span class='ocrx_word' id='word_1_188' title='bbox 1068 2255 1194 2306; x_wconf 88' lang='lat' dir='ltr'>ideo</span> <span class='ocrx_word' id='word_1_189' title='bbox 1230 2267 1366 2307; x_wconf 87' lang='lat' dir='ltr'>ossa</span> <span class='ocrx_word' id='word_1_190' title='bbox 1396 2254 1684 2318; x_wconf 90' lang='lat' dir='ltr'>dicuntur,</span> 
     </span>
    </p>
   </div>
   <div class='ocr_carea' id='block_1_28' title="bbox 80 2324 1688 2386">
    <p class='ocr_par' dir='ltr' id='par_1_28' title="bbox 80 2324 1688 2386">
     <span class='ocr_line' id='line_1_28' title="bbox 80 2324 1688 2386; baseline 0.001 -12"><span class='ocrx_word' id='word_1_191' title='bbox 80 2324 217 2386; x_wconf 84' lang='lat' dir='ltr'>quia</span> <span class='ocrx_word' id='word_1_192' title='bbox 236 2324 391 2375; x_wconf 90' lang='lat' dir='ltr'>sicut</span> <span class='ocrx_word' id='word_1_193' title='bbox 413 2325 645 2376; x_wconf 90' lang='lat' dir='ltr'>ossibus</span> <span class='ocrx_word' id='word_1_194' title='bbox 658 2338 807 2379; x_wconf 88' lang='lat' dir='ltr'>caro.</span> <span class='ocrx_word' id='word_1_195' title='bbox 826 2325 907 2377; x_wconf 88' lang='lat' dir='ltr'>ita</span> <span class='ocrx_word' id='word_1_196' title='bbox 921 2326 1239 2378; x_wconf 85' lang='lat' dir='ltr'>virtutibus</span> <span class='ocrx_word' id='word_1_197' title='bbox 1253 2326 1444 2377; x_wconf 83' lang='lat' dir='ltr'>anima</span> <span class='ocrx_word' id='word_1_198' title='bbox 1461 2331 1688 2377; x_wconf 88' lang='lat' dir='ltr'>susten-</span> 
     </span>
    </p>
   </div>
   <div class='ocr_carea' id='block_1_29' title="bbox 80 2395 1688 2461">
    <p class='ocr_par' dir='ltr' id='par_1_29' title="bbox 80 2395 1688 2461">
     <span class='ocr_line' id='line_1_29' title="bbox 80 2395 1688 2461; baseline -0.002 -15"><span class='ocrx_word' id='word_1_199' title='bbox 80 2400 260 2446; x_wconf 86' lang='lat' dir='ltr'>tatur.</span> <span class='ocrx_word' id='word_1_200' title='bbox 291 2395 397 2445; x_wconf 87' lang='lat' dir='ltr'>Con</span> <span class='ocrx_word' id='word_1_201' title='bbox 404 2396 516 2459; x_wconf 77' lang='lat' dir='ltr'>fusi</span> <span class='ocrx_word' id='word_1_202' title='bbox 538 2402 664 2444; x_wconf 83' lang='lat' dir='ltr'>sunt</span> <span class='ocrx_word' id='word_1_203' title='bbox 684 2402 878 2449; x_wconf 90' lang='lat' dir='ltr'>autem</span> <span class='ocrx_word' id='word_1_204' title='bbox 896 2398 1111 2449; x_wconf 91' lang='lat' dir='ltr'>amisso</span> <span class='ocrx_word' id='word_1_205' title='bbox 1128 2396 1250 2448; x_wconf 91' lang='lat' dir='ltr'>loco</span> <span class='ocrx_word' id='word_1_206' title='bbox 1263 2402 1317 2447; x_wconf 89' lang='lat' dir='ltr'>et</span> <span class='ocrx_word' id='word_1_207' title='bbox 1334 2402 1524 2461; x_wconf 86' lang='lat' dir='ltr'>gente,</span> <span class='ocrx_word' id='word_1_208' title='bbox 1542 2402 1688 2457; x_wconf 86' lang='lat' dir='ltr'>atque</span> 
     </span>
    </p>
   </div>
   <div class='ocr_carea' id='block_1_30' title="bbox 80 2466 1690 2532">
    <p class='ocr_par' dir='ltr' id='par_1_30' title="bbox 80 2466 1690 2532">
     <span class='ocr_line' id='line_1_30' title="bbox 80 2466 1690 2532; baseline 0 -15"><span class='ocrx_word' id='word_1_209' title='bbox 80 2479 182 2529; x_wconf 89' lang='lat' dir='ltr'>per</span> <span class='ocrx_word' id='word_1_210' title='bbox 222 2478 429 2517; x_wconf 89' lang='lat' dir='ltr'>omnes</span> <span class='ocrx_word' id='word_1_211' title='bbox 468 2472 647 2518; x_wconf 87' lang='lat' dir='ltr'>terras</span> <span class='ocrx_word' id='word_1_212' title='bbox 675 2469 735 2519; x_wconf 91' lang='lat' dir='ltr'>in</span> <span class='ocrx_word' id='word_1_213' title='bbox 776 2468 1175 2532; x_wconf 85' lang='lat' dir='ltr'>captivitatem</span> <span class='ocrx_word' id='word_1_214' title='bbox 1202 2468 1462 2530; x_wconf 87' lang='lat' dir='ltr'>dispersi.</span> <span class='ocrx_word' id='word_1_215' title='bbox 1488 2470 1557 2518; x_wconf 88' lang='lat' dir='ltr'>Et</span> <span class='ocrx_word' id='word_1_216' title='bbox 1580 2466 1690 2517; x_wconf 90' lang='lat' dir='ltr'>hoc</span> 
     </span>
    </p>
   </div>
   <div class='ocr_carea' id='block_1_31' title="bbox 75 2537 1689 2603">
    <p class='ocr_par' dir='ltr' id='par_1_31' title="bbox 75 2537 1689 2603">
     <span class='ocr_line' id='line_1_31' title="bbox 75 2537 1689 2603; baseline -0.002 -16"><span class='ocrx_word' id='word_1_217' title='bbox 75 2537 207 2588; x_wconf 91' lang='lat' dir='ltr'>ideo</span> <span class='ocrx_word' id='word_1_218' title='bbox 234 2538 634 2603; x_wconf 84' lang='lat' dir='ltr'>contingiteis,</span> <span class='ocrx_word' id='word_1_219' title='bbox 654 2539 925 2597; x_wconf 75' lang='lat' dir='ltr'>Quoniam</span> <span class='ocrx_word' id='word_1_220' title='bbox 945 2540 1084 2589; x_wconf 84' lang='lat' dir='ltr'>Deus</span> <span class='ocrx_word' id='word_1_221' title='bbox 1099 2539 1404 2603; x_wconf 76' lang='lat' dir='ltr'>spreriteos.</span> <span class='ocrx_word' id='word_1_222' title='bbox 1419 2538 1533 2602; x_wconf 89' lang='lat' dir='ltr'>Ipsi</span> <span class='ocrx_word' id='word_1_223' title='bbox 1557 2538 1689 2585; x_wconf 87' lang='lat' dir='ltr'>enim</span> 
     </span>
    </p>
   </div>
   <div class='ocr_carea' id='block_1_32' title="bbox 80 2608 1691 2674">
    <p class='ocr_par' dir='ltr' id='par_1_32' title="bbox 80 2608 1691 2674">
     <span class='ocr_line' id='line_1_32' title="bbox 80 2608 1691 2674; baseline 0 -15"><span class='ocrx_word' id='word_1_224' title='bbox 80 2608 246 2672; x_wconf 90' lang='lat' dir='ltr'>prius</span> <span class='ocrx_word' id='word_1_225' title='bbox 296 2622 427 2659; x_wconf 91' lang='lat' dir='ltr'>eum</span> <span class='ocrx_word' id='word_1_226' title='bbox 476 2616 831 2674; x_wconf 86' lang='lat' dir='ltr'>spreverant,</span> <span class='ocrx_word' id='word_1_227' title='bbox 881 2611 1029 2661; x_wconf 88' lang='lat' dir='ltr'>sicut</span> <span class='ocrx_word' id='word_1_228' title='bbox 1070 2611 1194 2674; x_wconf 88' lang='lat' dir='ltr'>ipse</span> <span class='ocrx_word' id='word_1_229' title='bbox 1225 2623 1323 2674; x_wconf 89' lang='lat' dir='ltr'>per</span> <span class='ocrx_word' id='word_1_230' title='bbox 1348 2609 1691 2674; x_wconf 82' lang='lat' dir='ltr'>Prophetam</span> 
     </span>
    </p>
   </div>
   <div class='ocr_carea' id='block_1_33' title="bbox 79 2679 1693 2744">
    <p class='ocr_par' dir='ltr' id='par_1_33' title="bbox 79 2679 1693 2744">
     <span class='ocr_line' id='line_1_33' title="bbox 79 2679 1693 2744; baseline 0 -14"><span class='ocrx_word' id='word_1_231' title='bbox 79 2692 259 2731; x_wconf 91' lang='lat' dir='ltr'>suum</span> <span class='ocrx_word' id='word_1_232' title='bbox 283 2679 465 2731; x_wconf 81' lang='lat' dir='ltr'>dixit:</span> <span class='ocrx_word' id='word_1_233' title='bbox 496 2680 666 2733; x_wconf 86' lang='lat' dir='ltr'>Filios</span> <span class='ocrx_word' id='word_1_234' title='bbox 694 2682 945 2734; x_wconf 91' lang='lat' dir='ltr'>enutrivi</span> <span class='ocrx_word' id='word_1_235' title='bbox 982 2687 1040 2733; x_wconf 91' lang='lat' dir='ltr'>et</span> <span class='ocrx_word' id='word_1_236' title='bbox 1060 2681 1330 2744; x_wconf 82' lang='lat' dir='ltr'>exaltavi,</span> <span class='ocrx_word' id='word_1_237' title='bbox 1369 2680 1477 2744; x_wconf 88' lang='lat' dir='ltr'>ipsi</span> <span class='ocrx_word' id='word_1_238' title='bbox 1497 2686 1693 2732; x_wconf 89' lang='lat' dir='ltr'>autem</span> 
     </span>
    </p>
   </div>
   <div class='ocr_carea' id='block_1_34' title="bbox 76 2752 1693 2817">
    <p class='ocr_par' dir='ltr' id='par_1_34' title="bbox 76 2752 1693 2817">
     <span class='ocr_line' id='line_1_34' title="bbox 76 2752 1693 2817; baseline 0.001 -16"><span class='ocrx_word' id='word_1_239' title='bbox 76 2756 425 2815; x_wconf 88' lang='lat' dir='ltr'>spreverunt</span> <span class='ocrx_word' id='word_1_240' title='bbox 447 2764 540 2804; x_wconf 90' lang='lat' dir='ltr'>me</span> <span class='ocrx_word' id='word_1_241' title='bbox 560 2753 698 2815; x_wconf 83' lang='lat' dir='ltr'>(lsai.</span> <span class='ocrx_word' id='word_1_242' title='bbox 722 2752 814 2816; x_wconf 86' lang='grc'>1.).</span> <span class='ocrx_word' id='word_1_243' title='bbox 846 2752 991 2815; x_wconf 91' lang='lat' dir='ltr'>Quia</span> <span class='ocrx_word' id='word_1_244' title='bbox 1002 2766 1134 2817; x_wconf 85' lang='lat' dir='ltr'>ergo</span> <span class='ocrx_word' id='word_1_245' title='bbox 1152 2755 1493 2816; x_wconf 89' lang='lat' dir='ltr'>spreverunt</span> <span class='ocrx_word' id='word_1_246' title='bbox 1508 2754 1693 2803; x_wconf 90' lang='lat' dir='ltr'>Deum</span> 
     </span>
    </p>
   </div>
   <div class='ocr_carea' id='block_1_35' title="bbox 73 2821 1418 2888">
    <p class='ocr_par' dir='ltr' id='par_1_35' title="bbox 73 2821 1418 2888">
     <span class='ocr_line' id='line_1_35' title="bbox 73 2821 1418 2888; baseline 0.001 -16"><span class='ocrx_word' id='word_1_247' title='bbox 73 2821 241 2885; x_wconf 89' lang='lat' dir='ltr'>justo</span> <span class='ocrx_word' id='word_1_248' title='bbox 266 2823 684 2887; x_wconf 85' lang='lat' dir='ltr'>omnipotentis</span> <span class='ocrx_word' id='word_1_249' title='bbox 709 2824 812 2875; x_wconf 91' lang='lat' dir='ltr'>Dei</span> <span class='ocrx_word' id='word_1_250' title='bbox 823 2824 1043 2888; x_wconf 91' lang='lat' dir='ltr'>judicio</span> <span class='ocrx_word' id='word_1_251' title='bbox 1070 2823 1239 2888; x_wconf 82' lang='lat' dir='ltr'>spreti</span> <span class='ocrx_word' id='word_1_252' title='bbox 1262 2828 1418 2874; x_wconf 89' lang='lat' dir='ltr'>sunt.</span> 
     </span>
    </p>
   </div>
   <div class='ocr_carea' id='block_1_36' title="bbox 404 2937 1369 3008">
    <p class='ocr_par' dir='ltr' id='par_1_36' title="bbox 404 2937 1369 3008">
     <span class='ocr_line' id='line_1_36' title="bbox 404 2937 1369 3008; baseline -0.001 -9"><span class='ocrx_word' id='word_1_253' title='bbox 404 2937 778 3003; x_wconf 84' lang='lat' dir='ltr'>TITULUS</span> <span class='ocrx_word' id='word_1_254' title='bbox 820 2938 979 3002; x_wconf 85' lang='lat' dir='ltr'>PSA</span> <span class='ocrx_word' id='word_1_255' title='bbox 996 2938 1151 3008; x_wconf 90' lang='lat' dir='ltr'>LMI</span> <span class='ocrx_word' id='word_1_256' title='bbox 1198 2938 1369 3001; x_wconf 88' lang='lat' dir='ltr'>L111.</span> 
     </span>
    </p>
   </div>
   <div class='ocr_carea' id='block_1_37' title="bbox 147 3066 1688 3134">
    <p class='ocr_par' dir='ltr' id='par_1_37' title="bbox 147 3066 1688 3134">
     <span class='ocr_line' id='line_1_37' title="bbox 147 3066 1688 3134; baseline -0.003 -14"><span class='ocrx_word' id='word_1_257' title='bbox 147 3075 169 3120; x_wconf 89' lang='grc'><strong>1</strong></span> <span class='ocrx_word' id='word_1_258' title='bbox 181 3108 193 3121; x_wconf 96' lang='grc'>.</span> <span class='ocrx_word' id='word_1_259' title='bbox 208 3066 322 3122; x_wconf 69' lang='lat'>61‘2.</span> <span class='ocrx_word' id='word_1_260' title='bbox 337 3070 401 3119; x_wconf 86' lang='lat' dir='ltr'>In</span> <span class='ocrx_word' id='word_1_261' title='bbox 413 3072 595 3131; x_wconf 79' lang='lat' dir='ltr'>linem,</span> <span class='ocrx_word' id='word_1_262' title='bbox 609 3070 670 3134; x_wconf 73' lang='lat' dir='ltr'>in</span> <span class='ocrx_word' id='word_1_263' title='bbox 687 3085 834 3134; x_wconf 86' lang='lat' dir='ltr'>carm</span> <span class='ocrx_word' id='word_1_264' title='bbox 842 3071 895 3119; x_wconf 84' lang='lat' dir='ltr'>in</span> <span class='ocrx_word' id='word_1_265' title='bbox 904 3070 1020 3119; x_wconf 83' lang='lat' dir='ltr'>ibus</span> <span class='ocrx_word' id='word_1_266' title='bbox 1031 3069 1505 3134; x_wconf 13' lang='lat' dir='ltr'>intellectuerapid</span> <span class='ocrx_word' id='word_1_267' title='bbox 1520 3069 1662 3134; x_wconf 86' lang='lat' dir='ltr'>[Ve_rs</span> <span class='ocrx_word' id='word_1_268' title='bbox 1677 3100 1688 3112; x_wconf 83' lang='lat'>.</span> 
     </span>
    </p>
   </div>
   <div class='ocr_carea' id='block_1_38' title="bbox 1097 330 2407 385">
    <p class='ocr_par' dir='ltr' id='par_1_38' title="bbox 1097 330 2407 385">
     <span class='ocr_line' id='line_1_38' title="bbox 1097 330 2407 385; baseline 0.003 -4"><span class='ocrx_word' id='word_1_269' title='bbox 1097 332 1169 382; x_wconf 87' lang='lat' dir='ltr'><strong>IN</strong></span> <span class='ocrx_word' id='word_1_270' title='bbox 1209 330 1537 384; x_wconf 85' lang='lat' dir='ltr'>PSALMOS</span> <span class='ocrx_word' id='word_1_271' title='bbox 1570 331 1780 384; x_wconf 82' lang='lat' dir='ltr'><strong>LXXV</strong></span> <span class='ocrx_word' id='word_1_272' title='bbox 1815 331 2407 385; x_wconf 84' lang='lat' dir='ltr'>COMMENTARIUS.</span> 
     </span>
    </p>
   </div>
   <div class='ocr_carea' id='block_1_39' title="bbox 91 437 3399 518">
    <p class='ocr_par' dir='ltr' id='par_1_39' title="bbox 91 437 3399 518">
     <span class='ocr_line' id='line_1_39' title="bbox 91 437 3399 518; baseline 0.007 -37"><span class='ocrx_word' id='word_1_273' title='bbox 91 437 759 518; x_wconf 35' lang='lat' dir='ltr'>allf,),_liocAest-inilnem:</span> <span class='ocrx_word' id='word_1_274' title='bbox 780 443 1245 518; x_wconf 13' lang='lat' dir='ltr'>iusteriaesthuj‘us</span> <span class='ocrx_word' id='word_1_275' title='bbox 1268 445 1451 518; x_wconf 76' lang='lat' dir='ltr'>psalmi</span> <span class='ocrx_word' id='word_1_276' title='bbox 1460 445 1709 505; x_wconf 89' lang='lat' dir='ltr'>insipiens</span> <span class='ocrx_word' id='word_1_277' title='bbox 1728 445 1783 518; x_wconf 73' lang='grc' dir='ltr'><strong>Α</strong></span> <span class='ocrx_word' id='word_1_278' title='bbox 1807 443 1933 518; x_wconf 74' lang='lat' dir='ltr'>lica,</span> <span class='ocrx_word' id='word_1_279' title='bbox 1957 442 2287 518; x_wconf 67' lang='lat' dir='ltr'>Salvumme</span> <span class='ocrx_word' id='word_1_280' title='bbox 2316 445 2424 509; x_wconf 80' lang='lat' dir='ltr'>fac,</span> <span class='ocrx_word' id='word_1_281' title='bbox 2454 448 2867 502; x_wconf 79' lang='lat' dir='ltr'>resuscitando.</span> <span class='ocrx_word' id='word_1_282' title='bbox 2899 451 2968 500; x_wconf 82' lang='lat' dir='ltr'>Et</span> <span class='ocrx_word' id='word_1_283' title='bbox 2996 452 3055 501; x_wconf 85' lang='lat' dir='ltr'>in</span> <span class='ocrx_word' id='word_1_284' title='bbox 3079 454 3273 504; x_wconf 79' lang='lat' dir='ltr'>virtute</span> <span class='ocrx_word' id='word_1_285' title='bbox 3303 462 3399 505; x_wconf 78' lang='lat' dir='ltr'>tua</span> 
     </span>
    </p>
   </div>
   <div class='ocr_carea' id='block_1_40' title="bbox 3290 343 3397 399">
    <p class='ocr_par' dir='ltr' id='par_1_40' title="bbox 3290 343 3397 399">
     <span class='ocr_line' id='line_1_40' title="bbox 3290 343 3397 399; baseline 0.009 -1"><span class='ocrx_word' id='word_1_286' title='bbox 3290 343 3397 399; x_wconf 83' lang='lat'>858</span> 
     </span>
    </p>
   </div>
   <div class='ocr_carea' id='block_1_41' title="bbox 1797 514 3396 578">
    <p class='ocr_par' dir='ltr' id='par_1_41' title="bbox 1797 514 3396 578">
     <span class='ocr_line' id='line_1_41' title="bbox 1797 514 3396 578; baseline 0.009 -17"><span class='ocrx_word' id='word_1_287' title='bbox 1797 514 1991 578; x_wconf 87' lang='lat' dir='ltr'>judica</span> <span class='ocrx_word' id='word_1_288' title='bbox 2014 530 2114 577; x_wconf 87' lang='lat' dir='ltr'>me,</span> <span class='ocrx_word' id='word_1_289' title='bbox 2140 514 2305 577; x_wconf 88' lang='lat' dir='ltr'>idest,</span> <span class='ocrx_word' id='word_1_290' title='bbox 2334 518 2650 569; x_wconf 90' lang='lat' dir='ltr'>secundum</span> <span class='ocrx_word' id='word_1_291' title='bbox 2668 523 2787 573; x_wconf 73' lang='lat' dir='ltr'>tum</span> <span class='ocrx_word' id='word_1_292' title='bbox 2802 521 3037 573; x_wconf 88' lang='lat' dir='ltr'>virtutis</span> <span class='ocrx_word' id='word_1_293' title='bbox 3051 527 3396 575; x_wconf 81' lang='lat' dir='ltr'>excellentiam</span> 
     </span>
    </p>
   </div>
   <div class='ocr_carea' id='block_1_42' title="bbox 1802 585 3400 650">
    <p class='ocr_par' dir='ltr' id='par_1_42' title="bbox 1802 585 3400 650">
     <span class='ocr_line' id='line_1_42' title="bbox 1802 585 3400 650; baseline 0.008 -13"><span class='ocrx_word' id='word_1_294' title='bbox 1802 591 2022 637; x_wconf 84' lang='lat' dir='ltr'>crescat</span> <span class='ocrx_word' id='word_1_295' title='bbox 2038 585 2320 645; x_wconf 89' lang='lat' dir='ltr'>judicium</span> <span class='ocrx_word' id='word_1_296' title='bbox 2339 599 2535 639; x_wconf 91' lang='lat' dir='ltr'>meum</span> <span class='ocrx_word' id='word_1_297' title='bbox 2561 606 2571 636; x_wconf 90' lang='lat'>:</span> <span class='ocrx_word' id='word_1_298' title='bbox 2598 595 2663 640; x_wconf 91' lang='lat' dir='ltr'>ut</span> <span class='ocrx_word' id='word_1_299' title='bbox 2677 603 2878 644; x_wconf 89' lang='lat' dir='ltr'>omnes</span> <span class='ocrx_word' id='word_1_300' title='bbox 2898 593 3230 646; x_wconf 88' lang='lat' dir='ltr'>discernant</span> <span class='ocrx_word' id='word_1_301' title='bbox 3240 601 3297 647; x_wconf 89' lang='lat' dir='ltr'>et</span> <span class='ocrx_word' id='word_1_302' title='bbox 3312 611 3400 650; x_wconf 84' lang='lat' dir='ltr'>co-</span> 
     </span>
    </p>
   </div>
   <div class='ocr_carea' id='block_1_43' title="bbox 1802 657 3399 729">
    <p class='ocr_par' dir='ltr' id='par_1_43' title="bbox 1802 657 3399 729">
     <span class='ocr_line' id='line_1_43' title="bbox 1802 657 3399 729; baseline 0.008 -21"><span class='ocrx_word' id='word_1_303' title='bbox 1802 661 2103 729; x_wconf 87' lang='lat' dir='ltr'>gnoscant,</span> <span class='ocrx_word' id='word_1_304' title='bbox 2155 657 2389 729; x_wconf 9' lang='lat' dir='ltr'>quiartu</span> <span class='ocrx_word' id='word_1_305' title='bbox 2432 671 2524 709; x_wconf 89' lang='lat' dir='ltr'>me</span> <span class='ocrx_word' id='word_1_306' title='bbox 2568 661 2780 713; x_wconf 88' lang='lat' dir='ltr'>misisti</span> <span class='ocrx_word' id='word_1_307' title='bbox 2830 664 3007 727; x_wconf 80' lang='lat' dir='ltr'>(Joan.</span> <span class='ocrx_word' id='word_1_308' title='bbox 3045 665 3171 729; x_wconf 73' lang='lat'>11.).</span> <span class='ocrx_word' id='word_1_309' title='bbox 3203 670 3399 720; x_wconf 89' lang='lat' dir='ltr'>Eterit</span> 
     </span>
    </p>
   </div>
   <div class='ocr_carea' id='block_1_44' title="bbox 1799 728 3398 794">
    <p class='ocr_par' dir='ltr' id='par_1_44' title="bbox 1799 728 3398 794">
     <span class='ocr_line' id='line_1_44' title="bbox 1799 728 3398 794; baseline 0.008 -16"><span class='ocrx_word' id='word_1_310' title='bbox 1799 728 2010 790; x_wconf 88' lang='lat' dir='ltr'>(inquit</span> <span class='ocrx_word' id='word_1_311' title='bbox 2021 728 2316 792; x_wconf 85' lang='lat' dir='ltr'>Propheta)</span> <span class='ocrx_word' id='word_1_312' title='bbox 2332 729 2679 794; x_wconf 88' lang='lat' dir='ltr'>quicumque</span> <span class='ocrx_word' id='word_1_313' title='bbox 2690 733 3045 787; x_wconf 88' lang='lat' dir='ltr'>invocaverit</span> <span class='ocrx_word' id='word_1_314' title='bbox 3062 747 3277 789; x_wconf 88' lang='lat' dir='ltr'>nomen</span> <span class='ocrx_word' id='word_1_315' title='bbox 3293 740 3398 791; x_wconf 92' lang='lat' dir='ltr'>Do-</span> 
     </span>
    </p>
   </div>
   <div class='ocr_carea' id='block_1_45' title="bbox 1800 798 3397 867">
    <p class='ocr_par' dir='ltr' id='par_1_45' title="bbox 1800 798 3397 867">
     <span class='ocr_line' id='line_1_45' title="bbox 1800 798 3397 867; baseline 0.008 -19"><span class='ocrx_word' id='word_1_316' title='bbox 1800 799 1961 861; x_wconf 89' lang='lat' dir='ltr'>mini,</span> <span class='ocrx_word' id='word_1_317' title='bbox 2012 798 2210 850; x_wconf 88' lang='lat' dir='ltr'>salvus</span> <span class='ocrx_word' id='word_1_318' title='bbox 2252 800 2360 850; x_wconf 89' lang='lat' dir='ltr'>erit</span> <span class='ocrx_word' id='word_1_319' title='bbox 2391 800 2560 861; x_wconf 87' lang='lat' dir='ltr'>(Rom.</span> <span class='ocrx_word' id='word_1_320' title='bbox 2597 801 2688 863; x_wconf 78' lang='lat'>10;</span> <span class='ocrx_word' id='word_1_321' title='bbox 2739 804 2910 855; x_wconf 79' lang='lat' dir='ltr'>Johel.</span> <span class='ocrx_word' id='word_1_322' title='bbox 2935 805 3025 867; x_wconf 93' lang='grc'>2.).</span> <span class='ocrx_word' id='word_1_323' title='bbox 3053 809 3397 861; x_wconf 88' lang='lat' dir='ltr'>Invocemus</span> 
     </span>
    </p>
   </div>
   <div class='ocr_carea' id='block_1_46' title="bbox 1802 870 3396 938">
    <p class='ocr_par' dir='ltr' id='par_1_46' title="bbox 1802 870 3396 938">
     <span class='ocr_line' id='line_1_46' title="bbox 1802 870 3396 938; baseline 0.006 -19"><span class='ocrx_word' id='word_1_324' title='bbox 1802 882 1934 934; x_wconf 83' lang='lat' dir='ltr'>ergo</span> <span class='ocrx_word' id='word_1_325' title='bbox 1958 882 2170 921; x_wconf 89' lang='lat' dir='ltr'>nomen</span> <span class='ocrx_word' id='word_1_326' title='bbox 2194 870 2440 930; x_wconf 89' lang='lat' dir='ltr'>Domini,</span> <span class='ocrx_word' id='word_1_327' title='bbox 2466 875 2532 921; x_wconf 91' lang='lat' dir='ltr'>ut</span> <span class='ocrx_word' id='word_1_328' title='bbox 2560 871 2853 923; x_wconf 86' lang='lat' dir='ltr'>salvemur</span> <span class='ocrx_word' id='word_1_329' title='bbox 2880 876 3007 935; x_wconf 81' lang='lat' dir='ltr'>(Act.</span> <span class='ocrx_word' id='word_1_330' title='bbox 3034 876 3125 938; x_wconf 82' lang='grc'>2.).</span> <span class='ocrx_word' id='word_1_331' title='bbox 3153 878 3309 938; x_wconf 84' lang='lat' dir='ltr'>Deus,</span> <span class='ocrx_word' id='word_1_332' title='bbox 3335 880 3396 929; x_wconf 85' lang='lat' dir='ltr'>in</span> 
     </span>
    </p>
   </div>
   <div class='ocr_carea' id='block_1_47' title="bbox 1802 941 3399 1005">
    <p class='ocr_par' dir='ltr' id='par_1_47' title="bbox 1802 941 3399 1005">
     <span class='ocr_line' id='line_1_47' title="bbox 1802 941 3399 1005; baseline 0.008 -17"><span class='ocrx_word' id='word_1_333' title='bbox 1802 942 2022 989; x_wconf 85' lang='lat' dir='ltr'>nomine</span> <span class='ocrx_word' id='word_1_334' title='bbox 2048 946 2156 1003; x_wconf 81' lang='lat' dir='ltr'>tuo,</span> <span class='ocrx_word' id='word_1_335' title='bbox 2181 941 2347 1001; x_wconf 85' lang='lat' dir='ltr'>idest,</span> <span class='ocrx_word' id='word_1_336' title='bbox 2373 955 2474 1005; x_wconf 91' lang='lat' dir='ltr'>per</span> <span class='ocrx_word' id='word_1_337' title='bbox 2496 943 2923 995; x_wconf 87' lang='lat' dir='ltr'>invocationem</span> <span class='ocrx_word' id='word_1_338' title='bbox 2949 948 3132 997; x_wconf 83' lang='lat' dir='ltr'>sancti</span> <span class='ocrx_word' id='word_1_339' title='bbox 3149 950 3399 1001; x_wconf 87' lang='lat' dir='ltr'>nominis</span> 
     </span>
    </p>
   </div>
   <div class='ocr_carea' id='block_1_48' title="bbox 1801 1012 3398 1084">
    <p class='ocr_par' dir='ltr' id='par_1_48' title="bbox 1801 1012 3398 1084">
     <span class='ocr_line' id='line_1_48' title="bbox 1801 1012 3398 1084; baseline 0.006 -22"><span class='ocrx_word' id='word_1_340' title='bbox 1801 1012 1905 1084; x_wconf 86' lang='lat' dir='ltr'>tui,</span> <span class='ocrx_word' id='word_1_341' title='bbox 1947 1012 2173 1084; x_wconf 87' lang='lat' dir='ltr'>salvum</span> <span class='ocrx_word' id='word_1_342' title='bbox 2209 1025 2303 1064; x_wconf 92' lang='lat' dir='ltr'>me</span> <span class='ocrx_word' id='word_1_343' title='bbox 2326 1012 2414 1064; x_wconf 88' lang='lat' dir='ltr'>fac</span> <span class='ocrx_word' id='word_1_344' title='bbox 2436 1026 2471 1064; x_wconf 91' lang='lat' dir='ltr'>a</span> <span class='ocrx_word' id='word_1_345' title='bbox 2492 1015 2742 1077; x_wconf 89' lang='lat' dir='ltr'>peccatis</span> <span class='ocrx_word' id='word_1_346' title='bbox 2769 1028 2782 1064; x_wconf 92' lang='lat'>:</span> <span class='ocrx_word' id='word_1_347' title='bbox 2817 1015 2885 1063; x_wconf 78' lang='lat' dir='ltr'>Et</span> <span class='ocrx_word' id='word_1_348' title='bbox 2910 1016 2968 1063; x_wconf 79' lang='lat' dir='ltr'>in</span> <span class='ocrx_word' id='word_1_349' title='bbox 2994 1017 3204 1077; x_wconf 78' lang='lat' dir='ltr'>virtute,</span> <span class='ocrx_word' id='word_1_350' title='bbox 3225 1020 3398 1084; x_wconf 90' lang='lat' dir='ltr'>idest,</span> 
     </span>
    </p>
   </div>
   <div class='ocr_carea' id='block_1_49' title="bbox 1799 1082 3400 1151">
    <p class='ocr_par' dir='ltr' id='par_1_49' title="bbox 1799 1082 3400 1151">
     <span class='ocr_line' id='line_1_49' title="bbox 1799 1082 3400 1151; baseline 0.004 -18"><span class='ocrx_word' id='word_1_351' title='bbox 1799 1082 1861 1133; x_wconf 90' lang='lat' dir='ltr'>in</span> <span class='ocrx_word' id='word_1_352' title='bbox 1884 1082 2136 1145; x_wconf 91' lang='lat' dir='ltr'>potentia</span> <span class='ocrx_word' id='word_1_353' title='bbox 2158 1087 2269 1143; x_wconf 80' lang='lat' dir='ltr'>tua,</span> <span class='ocrx_word' id='word_1_354' title='bbox 2296 1096 2413 1147; x_wconf 88' lang='lat' dir='ltr'>qua</span> <span class='ocrx_word' id='word_1_355' title='bbox 2430 1084 2797 1147; x_wconf 90' lang='lat' dir='ltr'>judicaturus</span> <span class='ocrx_word' id='word_1_356' title='bbox 2822 1099 2884 1137; x_wconf 92' lang='lat' dir='ltr'>es</span> <span class='ocrx_word' id='word_1_357' title='bbox 2909 1086 3075 1137; x_wconf 90' lang='lat' dir='ltr'>vivos</span> <span class='ocrx_word' id='word_1_358' title='bbox 3091 1082 3400 1151; x_wconf 75' lang='lat' dir='ltr'>etiam-tuos,</span> 
     </span>
    </p>
   </div>
   <div class='ocr_carea' id='block_1_50' title="bbox 1792 1153 3399 1223">
    <p class='ocr_par' dir='ltr' id='par_1_50' title="bbox 1792 1153 3399 1223">
     <span class='ocr_line' id='line_1_50' title="bbox 1792 1153 3399 1223; baseline 0.007 -23"><span class='ocrx_word' id='word_1_359' title='bbox 1792 1153 1987 1216; x_wconf 78' lang='lat' dir='ltr'>judico</span> <span class='ocrx_word' id='word_1_360' title='bbox 2016 1168 2115 1216; x_wconf 87' lang='lat' dir='ltr'>me,</span> <span class='ocrx_word' id='word_1_361' title='bbox 2142 1154 2312 1217; x_wconf 87' lang='lat' dir='ltr'>idest,</span> <span class='ocrx_word' id='word_1_362' title='bbox 2336 1155 2598 1207; x_wconf 89' lang='lat' dir='ltr'>discerne</span> <span class='ocrx_word' id='word_1_363' title='bbox 2619 1169 2653 1207; x_wconf 90' lang='lat' dir='ltr'>a</span> <span class='ocrx_word' id='word_1_364' title='bbox 2675 1158 2863 1208; x_wconf 88' lang='lat' dir='ltr'>malis.</span> <span class='ocrx_word' id='word_1_365' title='bbox 2885 1158 3216 1209; x_wconf 88' lang='lat' dir='ltr'>Notandum</span> <span class='ocrx_word' id='word_1_366' title='bbox 3246 1162 3399 1223; x_wconf 90' lang='lat' dir='ltr'>quod</span> 
     </span>
    </p>
   </div>
   <div class='ocr_carea' id='block_1_51' title="bbox 1798 1224 3403 1293">
    <p class='ocr_par' dir='ltr' id='par_1_51' title="bbox 1798 1224 3403 1293">
     <span class='ocr_line' id='line_1_51' title="bbox 1798 1224 3403 1293; baseline 0.004 -19"><span class='ocrx_word' id='word_1_367' title='bbox 1798 1224 1959 1288; x_wconf 90' lang='lat' dir='ltr'>prius</span> <span class='ocrx_word' id='word_1_368' title='bbox 1989 1224 2132 1287; x_wconf 92' lang='lat' dir='ltr'>petit</span> <span class='ocrx_word' id='word_1_369' title='bbox 2156 1224 2364 1277; x_wconf 88' lang='lat' dir='ltr'>salvari</span> <span class='ocrx_word' id='word_1_370' title='bbox 2380 1226 2441 1278; x_wconf 90' lang='lat' dir='ltr'>in</span> <span class='ocrx_word' id='word_1_371' title='bbox 2462 1228 2715 1291; x_wconf 90' lang='lat' dir='ltr'>nomine,</span> <span class='ocrx_word' id='word_1_372' title='bbox 2737 1229 2945 1280; x_wconf 88' lang='lat' dir='ltr'>deinde</span> <span class='ocrx_word' id='word_1_373' title='bbox 2957 1229 3220 1293; x_wconf 90' lang='lat' dir='ltr'>judicare</span> <span class='ocrx_word' id='word_1_374' title='bbox 3235 1231 3291 1281; x_wconf 90' lang='lat' dir='ltr'>in</span> <span class='ocrx_word' id='word_1_375' title='bbox 3306 1234 3403 1280; x_wconf 92' lang='lat' dir='ltr'>vir-</span> 
     </span>
    </p>
   </div>
   <div class='ocr_carea' id='block_1_52' title="bbox 1802 1297 3399 1367">
    <p class='ocr_par' dir='ltr' id='par_1_52' title="bbox 1802 1297 3399 1367">
     <span class='ocr_line' id='line_1_52' title="bbox 1802 1297 3399 1367; baseline 0.004 -20"><span class='ocrx_word' id='word_1_376' title='bbox 1802 1299 1942 1347; x_wconf 92' lang='lat' dir='ltr'>tute.</span> <span class='ocrx_word' id='word_1_377' title='bbox 1969 1297 2115 1347; x_wconf 90' lang='lat' dir='ltr'>Nam</span> <span class='ocrx_word' id='word_1_378' title='bbox 2149 1308 2318 1359; x_wconf 91' lang='lat' dir='ltr'>quem</span> <span class='ocrx_word' id='word_1_379' title='bbox 2343 1298 2404 1349; x_wconf 93' lang='lat' dir='ltr'>in</span> <span class='ocrx_word' id='word_1_380' title='bbox 2434 1299 2669 1351; x_wconf 90' lang='lat' dir='ltr'>nomine</span> <span class='ocrx_word' id='word_1_381' title='bbox 2693 1301 3035 1364; x_wconf 90' lang='lat' dir='ltr'>precedente</span> <span class='ocrx_word' id='word_1_382' title='bbox 3066 1301 3399 1367; x_wconf 87' lang='lat' dir='ltr'>salvaverit,</span> 
     </span>
    </p>
   </div>
   <div class='ocr_carea' id='block_1_53' title="bbox 1800 1367 3398 1435">
    <p class='ocr_par' dir='ltr' id='par_1_53' title="bbox 1800 1367 3398 1435">
     <span class='ocr_line' id='line_1_53' title="bbox 1800 1367 3398 1435; baseline 0.006 -21"><span class='ocrx_word' id='word_1_383' title='bbox 1800 1368 1860 1418; x_wconf 91' lang='lat' dir='ltr'>in</span> <span class='ocrx_word' id='word_1_384' title='bbox 1885 1367 2100 1419; x_wconf 91' lang='lat' dir='ltr'>virtute</span> <span class='ocrx_word' id='word_1_385' title='bbox 2115 1369 2505 1432; x_wconf 82' lang='lat' dir='ltr'>subsequente</span> <span class='ocrx_word' id='word_1_386' title='bbox 2516 1370 2822 1422; x_wconf 88' lang='lat' dir='ltr'>salubriter</span> <span class='ocrx_word' id='word_1_387' title='bbox 2839 1372 3140 1435; x_wconf 89' lang='lat' dir='ltr'>judicabit.</span> <span class='ocrx_word' id='word_1_388' title='bbox 3155 1374 3398 1425; x_wconf 88' lang='lat' dir='ltr'>Securus</span> 
     </span>
    </p>
   </div>
   <div class='ocr_carea' id='block_1_54' title="bbox 1800 1438 3401 1507">
    <p class='ocr_par' dir='ltr' id='par_1_54' title="bbox 1800 1438 3401 1507">
     <span class='ocr_line' id='line_1_54' title="bbox 1800 1438 3401 1507; baseline 0.005 -18"><span class='ocrx_word' id='word_1_389' title='bbox 1800 1442 1926 1490; x_wconf 88' lang='lat' dir='ltr'>esto</span> <span class='ocrx_word' id='word_1_390' title='bbox 1942 1455 1953 1489; x_wconf 92' lang='lat'>:</span> <span class='ocrx_word' id='word_1_391' title='bbox 1964 1438 2248 1502; x_wconf 90' lang='lat' dir='ltr'>judicium</span> <span class='ocrx_word' id='word_1_392' title='bbox 2272 1440 2411 1492; x_wconf 92' lang='lat' dir='ltr'>illud</span> <span class='ocrx_word' id='word_1_393' title='bbox 2427 1454 2545 1493; x_wconf 92' lang='lat' dir='ltr'>non</span> <span class='ocrx_word' id='word_1_394' title='bbox 2570 1443 2672 1493; x_wconf 90' lang='lat' dir='ltr'>tibi</span> <span class='ocrx_word' id='word_1_395' title='bbox 2687 1444 2796 1494; x_wconf 90' lang='lat' dir='ltr'>erit</span> <span class='ocrx_word' id='word_1_396' title='bbox 2820 1444 3059 1507; x_wconf 88' lang='lat' dir='ltr'>punitio,</span> <span class='ocrx_word' id='word_1_397' title='bbox 3075 1444 3176 1495; x_wconf 91' lang='lat' dir='ltr'>sed</span> <span class='ocrx_word' id='word_1_398' title='bbox 3195 1445 3401 1498; x_wconf 89' lang='lat' dir='ltr'>discre-</span> 
     </span>
    </p>
   </div>
   <div class='ocr_carea' id='block_1_55' title="bbox 1802 1509 3394 1580">
    <p class='ocr_par' dir='ltr' id='par_1_55' title="bbox 1802 1509 3394 1580">
     <span class='ocr_line' id='line_1_55' title="bbox 1802 1509 3394 1580; baseline 0.004 -19"><span class='ocrx_word' id='word_1_399' title='bbox 1802 1509 1895 1561; x_wconf 90' lang='lat' dir='ltr'>tio.</span> <span class='ocrx_word' id='word_1_400' title='bbox 1948 1512 2019 1561; x_wconf 90' lang='lat' dir='ltr'>Et</span> <span class='ocrx_word' id='word_1_401' title='bbox 2061 1510 2211 1561; x_wconf 89' lang='lat' dir='ltr'>hanc</span> <span class='ocrx_word' id='word_1_402' title='bbox 2254 1512 2570 1564; x_wconf 90' lang='lat' dir='ltr'>orationem</span> <span class='ocrx_word' id='word_1_403' title='bbox 2618 1526 2794 1577; x_wconf 88' lang='lat' dir='ltr'>quam</span> <span class='ocrx_word' id='word_1_404' title='bbox 2827 1515 2901 1566; x_wconf 88' lang='lat' dir='ltr'>ad</span> <span class='ocrx_word' id='word_1_405' title='bbox 2936 1516 3160 1567; x_wconf 88' lang='lat' dir='ltr'>Patrem</span> <span class='ocrx_word' id='word_1_406' title='bbox 3198 1517 3394 1580; x_wconf 86' lang='lat' dir='ltr'>mittit,</span> 
     </span>
    </p>
   </div>
   <div class='ocr_carea' id='block_1_56' title="bbox 1798 1581 2872 1649">
    <p class='ocr_par' dir='ltr' id='par_1_56' title="bbox 1798 1581 2872 1649">
     <span class='ocr_line' id='line_1_56' title="bbox 1798 1581 2872 1649; baseline 0.004 -16"><span class='ocrx_word' id='word_1_407' title='bbox 1798 1581 2056 1633; x_wconf 82' lang='lat' dir='ltr'>exaudiri</span> <span class='ocrx_word' id='word_1_408' title='bbox 2080 1583 2335 1646; x_wconf 88' lang='lat' dir='ltr'>postulat</span> <span class='ocrx_word' id='word_1_409' title='bbox 2351 1597 2505 1646; x_wconf 92' lang='lat' dir='ltr'>,cum</span> <span class='ocrx_word' id='word_1_410' title='bbox 2530 1587 2835 1649; x_wconf 78' lang='lat' dir='ltr'>subjungit</span> <span class='ocrx_word' id='word_1_411' title='bbox 2859 1600 2872 1636; x_wconf 90' lang='lat'>:</span> 
     </span>
    </p>
   </div>
   <div class='ocr_carea' id='block_1_57' title="bbox 1862 1652 3399 1711">
    <p class='ocr_par' dir='ltr' id='par_1_57' title="bbox 1862 1652 3399 1711">
     <span class='ocr_line' id='line_1_57' title="bbox 1862 1652 3399 1711; baseline 0.007 -10"><span class='ocrx_word' id='word_1_412' title='bbox 1862 1652 1913 1706; x_wconf 72' lang='grc'>4.</span> <span class='ocrx_word' id='word_1_413' title='bbox 1957 1653 2096 1703; x_wconf 85' lang='lat' dir='ltr'>Deus</span> <span class='ocrx_word' id='word_1_414' title='bbox 2138 1656 2343 1703; x_wconf 68' lang='lat' dir='ltr'>exaudi</span> <span class='ocrx_word' id='word_1_415' title='bbox 2390 1657 2691 1705; x_wconf 80' lang='lat' dir='ltr'>orationem</span> <span class='ocrx_word' id='word_1_416' title='bbox 2726 1672 2919 1706; x_wconf 87' lang='lat' dir='ltr'>meam.</span> <span class='ocrx_word' id='word_1_417' title='bbox 2947 1659 3111 1709; x_wconf 86' lang='lat' dir='ltr'>Hanc</span> <span class='ocrx_word' id='word_1_418' title='bbox 3133 1658 3399 1711; x_wconf 76' lang='lat' dir='ltr'>videlicet</span> 
     </span>
    </p>
   </div>
   <div class='ocr_carea' id='block_1_58' title="bbox 1800 1725 3396 1794">
    <p class='ocr_par' dir='ltr' id='par_1_58' title="bbox 1800 1725 3396 1794">
     <span class='ocr_line' id='line_1_58' title="bbox 1800 1725 3396 1794; baseline 0.003 -19"><span class='ocrx_word' id='word_1_419' title='bbox 1800 1734 1973 1785; x_wconf 84' lang='lat' dir='ltr'>quam</span> <span class='ocrx_word' id='word_1_420' title='bbox 1992 1725 2270 1787; x_wconf 71' lang='lat' dir='ltr'>prmmisit</span> <span class='ocrx_word' id='word_1_421' title='bbox 2291 1725 2361 1776; x_wconf 90' lang='lat' dir='ltr'>de</span> <span class='ocrx_word' id='word_1_422' title='bbox 2387 1726 2573 1778; x_wconf 88' lang='lat' dir='ltr'>salute</span> <span class='ocrx_word' id='word_1_423' title='bbox 2596 1731 2654 1778; x_wconf 89' lang='lat' dir='ltr'>et</span> <span class='ocrx_word' id='word_1_424' title='bbox 2668 1727 2903 1791; x_wconf 89' lang='lat' dir='ltr'>judicio.</span> <span class='ocrx_word' id='word_1_425' title='bbox 2928 1728 3169 1777; x_wconf 76' lang='lat' dir='ltr'>Auribus</span> <span class='ocrx_word' id='word_1_426' title='bbox 3184 1732 3396 1794; x_wconf 76' lang='lat' dir='ltr'>percipe</span> 
     </span>
    </p>
   </div>
   <div class='ocr_carea' id='block_1_59' title="bbox 1800 1794 3393 1862">
    <p class='ocr_par' dir='ltr' id='par_1_59' title="bbox 1800 1794 3393 1862">
     <span class='ocr_line' id='line_1_59' title="bbox 1800 1794 3393 1862; baseline 0.004 -19"><span class='ocrx_word' id='word_1_427' title='bbox 1800 1794 1955 1844; x_wconf 86' lang='lat' dir='ltr'>verba</span> <span class='ocrx_word' id='word_1_428' title='bbox 1966 1796 2077 1844; x_wconf 82' lang='lat' dir='ltr'>oris</span> <span class='ocrx_word' id='word_1_429' title='bbox 2108 1797 2229 1860; x_wconf 79' lang='lat' dir='ltr'>mei,</span> <span class='ocrx_word' id='word_1_430' title='bbox 2252 1796 2417 1857; x_wconf 88' lang='lat' dir='ltr'>idest,</span> <span class='ocrx_word' id='word_1_431' title='bbox 2428 1798 2611 1862; x_wconf 87' lang='lat' dir='ltr'>ipsam</span> <span class='ocrx_word' id='word_1_432' title='bbox 2628 1799 2945 1850; x_wconf 90' lang='lat' dir='ltr'>orationem</span> <span class='ocrx_word' id='word_1_433' title='bbox 2961 1800 3216 1851; x_wconf 89' lang='lat' dir='ltr'>habitam</span> <span class='ocrx_word' id='word_1_434' title='bbox 3228 1804 3393 1862; x_wconf 89' lang='lat' dir='ltr'>corde,</span> 
     </span>
    </p>
   </div>
   <div class='ocr_carea' id='block_1_60' title="bbox 1782 1866 3393 1935">
    <p class='ocr_par' dir='ltr' id='par_1_60' title="bbox 1782 1866 3393 1935">
     <span class='ocr_line' id='line_1_60' title="bbox 1782 1866 3393 1935; baseline 0.004 -18"><span class='ocrx_word' id='word_1_435' title='bbox 1782 1868 1838 1917; x_wconf 90' lang='lat' dir='ltr'>et</span> <span class='ocrx_word' id='word_1_436' title='bbox 1862 1866 2146 1930; x_wconf 90' lang='lat' dir='ltr'>prolatam</span> <span class='ocrx_word' id='word_1_437' title='bbox 2171 1879 2329 1919; x_wconf 84' lang='lat' dir='ltr'>voce.</span> <span class='ocrx_word' id='word_1_438' title='bbox 2361 1869 2643 1920; x_wconf 87' lang='lat' dir='ltr'>Dominus</span> <span class='ocrx_word' id='word_1_439' title='bbox 2686 1882 2804 1921; x_wconf 91' lang='lat' dir='ltr'>non</span> <span class='ocrx_word' id='word_1_440' title='bbox 2826 1870 3003 1922; x_wconf 82' lang='lat' dir='ltr'>habet</span> <span class='ocrx_word' id='word_1_441' title='bbox 3041 1872 3181 1921; x_wconf 86' lang='lat' dir='ltr'>alias</span> <span class='ocrx_word' id='word_1_442' title='bbox 3205 1884 3393 1935; x_wconf 88' lang='lat' dir='ltr'>aures,</span> 
     </span>
    </p>
   </div>
   <div class='ocr_carea' id='block_1_61' title="bbox 1783 1937 3395 2001">
    <p class='ocr_par' dir='ltr' id='par_1_61' title="bbox 1783 1937 3395 2001">
     <span class='ocr_line' id='line_1_61' title="bbox 1783 1937 3395 2001; baseline 0.004 -13"><span class='ocrx_word' id='word_1_443' title='bbox 1783 1937 1894 1988; x_wconf 90' lang='lat' dir='ltr'>nisi</span> <span class='ocrx_word' id='word_1_444' title='bbox 1918 1938 2162 2001; x_wconf 80' lang='lat' dir='ltr'>gratiam</span> <span class='ocrx_word' id='word_1_445' title='bbox 2184 1943 2241 1989; x_wconf 88' lang='lat' dir='ltr'>et</span> <span class='ocrx_word' id='word_1_446' title='bbox 2264 1939 2715 1991; x_wconf 87' lang='lat' dir='ltr'>misericordiam</span> <span class='ocrx_word' id='word_1_447' title='bbox 2740 1954 2928 1993; x_wconf 90' lang='lat' dir='ltr'>suam.</span> <span class='ocrx_word' id='word_1_448' title='bbox 2951 1943 3019 1993; x_wconf 90' lang='lat' dir='ltr'>Et</span> <span class='ocrx_word' id='word_1_449' title='bbox 3038 1954 3168 1993; x_wconf 90' lang='lat' dir='ltr'>cum</span> <span class='ocrx_word' id='word_1_450' title='bbox 3182 1942 3395 1995; x_wconf 87' lang='lat' dir='ltr'>dicitur</span> 
     </span>
    </p>
   </div>
   <div class='ocr_carea' id='block_1_62' title="bbox 1783 2008 3394 2075">
    <p class='ocr_par' dir='ltr' id='par_1_62' title="bbox 1783 2008 3394 2075">
     <span class='ocr_line' id='line_1_62' title="bbox 1783 2008 3394 2075; baseline 0.006 -18"><span class='ocrx_word' id='word_1_451' title='bbox 1783 2008 2025 2058; x_wconf 77' lang='lat' dir='ltr'>Auribus</span> <span class='ocrx_word' id='word_1_452' title='bbox 2053 2012 2283 2075; x_wconf 78' lang='lat' dir='ltr'>percipe,</span> <span class='ocrx_word' id='word_1_453' title='bbox 2319 2023 2435 2062; x_wconf 89' lang='lat' dir='ltr'>non</span> <span class='ocrx_word' id='word_1_454' title='bbox 2460 2012 2800 2075; x_wconf 73' lang='lat' dir='ltr'>intelligitur</span> <span class='ocrx_word' id='word_1_455' title='bbox 2821 2012 2975 2065; x_wconf 86' lang='lat' dir='ltr'>aliud</span> <span class='ocrx_word' id='word_1_456' title='bbox 2990 2014 3121 2072; x_wconf 82' lang='lat' dir='ltr'>nisi,</span> <span class='ocrx_word' id='word_1_457' title='bbox 3147 2015 3394 2066; x_wconf 79' lang='lat' dir='ltr'>Attende</span> 
     </span>
    </p>
   </div>
   <div class='ocr_carea' id='block_1_63' title="bbox 1784 2082 3388 2139">
    <p class='ocr_par' dir='ltr' id='par_1_63' title="bbox 1784 2082 3388 2139">
     <span class='ocr_line' id='line_1_63' title="bbox 1784 2082 3388 2139; baseline 0.005 -8"><span class='ocrx_word' id='word_1_458' title='bbox 1784 2084 1842 2132; x_wconf 93' lang='lat' dir='ltr'>et</span> <span class='ocrx_word' id='word_1_459' title='bbox 1866 2082 2201 2134; x_wconf 88' lang='lat' dir='ltr'>memoriter</span> <span class='ocrx_word' id='word_1_460' title='bbox 2233 2095 2300 2133; x_wconf 86' lang='lat' dir='ltr'>ac</span> <span class='ocrx_word' id='word_1_461' title='bbox 2336 2083 2787 2135; x_wconf 87' lang='lat' dir='ltr'>misericorditer</span> <span class='ocrx_word' id='word_1_462' title='bbox 2808 2084 2960 2136; x_wconf 90' lang='lat' dir='ltr'>audi.</span> <span class='ocrx_word' id='word_1_463' title='bbox 2990 2084 3047 2137; x_wconf 88' lang='lat' dir='ltr'>Si</span> <span class='ocrx_word' id='word_1_464' title='bbox 3071 2086 3220 2137; x_wconf 92' lang='lat' dir='ltr'>enim</span> <span class='ocrx_word' id='word_1_465' title='bbox 3249 2098 3388 2139; x_wconf 89' lang='lat' dir='ltr'>aure</span> 
     </span>
    </p>
   </div>
   <div class='ocr_carea' id='block_1_64' title="bbox 1782 2152 3392 2219">
    <p class='ocr_par' dir='ltr' id='par_1_64' title="bbox 1782 2152 3392 2219">
     <span class='ocr_line' id='line_1_64' title="bbox 1782 2152 3392 2219; baseline 0.004 -16"><span class='ocrx_word' id='word_1_466' title='bbox 1782 2152 2074 2217; x_wconf 87' lang='lat' dir='ltr'>percipiat,</span> <span class='ocrx_word' id='word_1_467' title='bbox 2114 2159 2179 2204; x_wconf 89' lang='lat' dir='ltr'>ut</span> <span class='ocrx_word' id='word_1_468' title='bbox 2227 2154 2675 2206; x_wconf 87' lang='lat' dir='ltr'>misericorditer</span> <span class='ocrx_word' id='word_1_469' title='bbox 2707 2156 2923 2219; x_wconf 86' lang='lat' dir='ltr'>audiat,</span> <span class='ocrx_word' id='word_1_470' title='bbox 2961 2158 3144 2208; x_wconf 90' lang='lat' dir='ltr'>securi</span> <span class='ocrx_word' id='word_1_471' title='bbox 3186 2170 3392 2209; x_wconf 91' lang='lat' dir='ltr'>sumus</span> 
     </span>
    </p>
   </div>
   <div class='ocr_carea' id='block_1_65' title="bbox 1785 2223 3392 2289">
    <p class='ocr_par' dir='ltr' id='par_1_65' title="bbox 1785 2223 3392 2289">
     <span class='ocr_line' id='line_1_65' title="bbox 1785 2223 3392 2289; baseline 0.002 -14"><span class='ocrx_word' id='word_1_472' title='bbox 1785 2223 1941 2286; x_wconf 90' lang='lat' dir='ltr'>quod</span> <span class='ocrx_word' id='word_1_473' title='bbox 1959 2224 2272 2275; x_wconf 89' lang='lat' dir='ltr'>orationem</span> <span class='ocrx_word' id='word_1_474' title='bbox 2289 2230 2546 2277; x_wconf 88' lang='lat' dir='ltr'>nostram</span> <span class='ocrx_word' id='word_1_475' title='bbox 2561 2227 2835 2278; x_wconf 84' lang='lat' dir='ltr'>exaudiet</span> <span class='ocrx_word' id='word_1_476' title='bbox 2847 2228 3212 2279; x_wconf 90' lang='lat' dir='ltr'>Dominus.ln</span> <span class='ocrx_word' id='word_1_477' title='bbox 3228 2231 3392 2289; x_wconf 89' lang='lat' dir='ltr'>primo</span> 
     </span>
    </p>
   </div>
   <div class='ocr_carea' id='block_1_66' title="bbox 1785 2296 3393 2361">
    <p class='ocr_par' dir='ltr' id='par_1_66' title="bbox 1785 2296 3393 2361">
     <span class='ocr_line' id='line_1_66' title="bbox 1785 2296 3393 2361; baseline 0.004 -16"><span class='ocrx_word' id='word_1_478' title='bbox 1785 2307 1921 2358; x_wconf 88' lang='lat' dir='ltr'>ergo</span> <span class='ocrx_word' id='word_1_479' title='bbox 1968 2307 2143 2347; x_wconf 91' lang='lat' dir='ltr'>versu</span> <span class='ocrx_word' id='word_1_480' title='bbox 2192 2296 2258 2347; x_wconf 86' lang='lat' dir='ltr'>ﬂt</span> <span class='ocrx_word' id='word_1_481' title='bbox 2295 2298 2476 2347; x_wconf 90' lang='lat' dir='ltr'>oratio</span> <span class='ocrx_word' id='word_1_482' title='bbox 2520 2309 2622 2361; x_wconf 92' lang='lat' dir='ltr'>pro</span> <span class='ocrx_word' id='word_1_483' title='bbox 2666 2296 2868 2359; x_wconf 89' lang='lat' dir='ltr'>salute,</span> <span class='ocrx_word' id='word_1_484' title='bbox 2894 2299 2951 2349; x_wconf 90' lang='lat' dir='ltr'>in</span> <span class='ocrx_word' id='word_1_485' title='bbox 2975 2298 3229 2351; x_wconf 89' lang='lat' dir='ltr'>secundo</span> <span class='ocrx_word' id='word_1_486' title='bbox 3255 2312 3393 2351; x_wconf 90' lang='lat' dir='ltr'>vero</span> 
     </span>
    </p>
   </div>
   <div class='ocr_carea' id='block_1_67' title="bbox 1788 2366 3392 2421">
    <p class='ocr_par' dir='ltr' id='par_1_67' title="bbox 1788 2366 3392 2421">
     <span class='ocr_line' id='line_1_67' title="bbox 1788 2366 3392 2421; baseline 0.002 -4"><span class='ocrx_word' id='word_1_487' title='bbox 1788 2378 1964 2417; x_wconf 91' lang='lat' dir='ltr'>versu</span> <span class='ocrx_word' id='word_1_488' title='bbox 1995 2366 2060 2417; x_wconf 85' lang='lat' dir='ltr'>tlt</span> <span class='ocrx_word' id='word_1_489' title='bbox 2085 2367 2267 2417; x_wconf 89' lang='lat' dir='ltr'>oratio</span> <span class='ocrx_word' id='word_1_490' title='bbox 2290 2367 2362 2418; x_wconf 89' lang='lat' dir='ltr'>ad</span> <span class='ocrx_word' id='word_1_491' title='bbox 2387 2368 2911 2420; x_wconf 90' lang='lat' dir='ltr'>commendandam</span> <span class='ocrx_word' id='word_1_492' title='bbox 2935 2369 3251 2421; x_wconf 86' lang='lat' dir='ltr'>orationem</span> <span class='ocrx_word' id='word_1_493' title='bbox 3277 2370 3392 2421; x_wconf 84' lang='lat' dir='ltr'>fac-</span> 
     </span>
    </p>
   </div>
   <div class='ocr_carea' id='block_1_68' title="bbox 1787 2436 3393 2502">
    <p class='ocr_par' dir='ltr' id='par_1_68' title="bbox 1787 2436 3393 2502">
     <span class='ocr_line' id='line_1_68' title="bbox 1787 2436 3393 2502; baseline 0.004 -16"><span class='ocrx_word' id='word_1_494' title='bbox 1787 2440 1926 2497; x_wconf 84' lang='lat' dir='ltr'>tam,</span> <span class='ocrx_word' id='word_1_495' title='bbox 1954 2440 2011 2487; x_wconf 91' lang='lat' dir='ltr'>et</span> <span class='ocrx_word' id='word_1_496' title='bbox 2033 2436 2105 2488; x_wconf 89' lang='lat' dir='ltr'>ad</span> <span class='ocrx_word' id='word_1_497' title='bbox 2132 2439 2477 2502; x_wconf 84' lang='lat' dir='ltr'>captandam</span> <span class='ocrx_word' id='word_1_498' title='bbox 2512 2440 2973 2492; x_wconf 86' lang='lat' dir='ltr'>benevolentiam</span> <span class='ocrx_word' id='word_1_499' title='bbox 3010 2440 3129 2492; x_wconf 91' lang='lat' dir='ltr'>Dei.</span> <span class='ocrx_word' id='word_1_500' title='bbox 3174 2440 3393 2493; x_wconf 89' lang='lat' dir='ltr'>Deinde</span> 
     </span>
    </p>
   </div>
   <div class='ocr_carea' id='block_1_69' title="bbox 1787 2508 3110 2572">
    <p class='ocr_par' dir='ltr' id='par_1_69' title="bbox 1787 2508 3110 2572">
     <span class='ocr_line' id='line_1_69' title="bbox 1787 2508 3110 2572; baseline 0.002 -13"><span class='ocrx_word' id='word_1_501' title='bbox 1787 2508 1949 2572; x_wconf 87' lang='lat' dir='ltr'>ponit</span> <span class='ocrx_word' id='word_1_502' title='bbox 1970 2520 2239 2560; x_wconf 89' lang='lat' dir='ltr'>caussam</span> <span class='ocrx_word' id='word_1_503' title='bbox 2262 2521 2438 2572; x_wconf 90' lang='lat' dir='ltr'>quare</span> <span class='ocrx_word' id='word_1_504' title='bbox 2467 2510 2544 2562; x_wconf 89' lang='lat' dir='ltr'>sit</span> <span class='ocrx_word' id='word_1_505' title='bbox 2565 2510 2869 2572; x_wconf 90' lang='lat' dir='ltr'>orandum,</span> <span class='ocrx_word' id='word_1_506' title='bbox 2883 2510 3110 2563; x_wconf 88' lang='lat' dir='ltr'>dicens:</span> 
     </span>
    </p>
   </div>
   <div class='ocr_carea' id='block_1_70' title="bbox 1850 2577 3394 2637">
    <p class='ocr_par' dir='ltr' id='par_1_70' title="bbox 1850 2577 3394 2637">
     <span class='ocr_line' id='line_1_70' title="bbox 1850 2577 3394 2637; baseline 0.005 -11"><span class='ocrx_word' id='word_1_507' title='bbox 1850 2577 1899 2631; x_wconf 80' lang='lat'>5.</span> <span class='ocrx_word' id='word_1_508' title='bbox 1940 2579 2213 2637; x_wconf 84' lang='lat' dir='ltr'>Quoniam</span> <span class='ocrx_word' id='word_1_509' title='bbox 2238 2579 2408 2628; x_wconf 85' lang='lat' dir='ltr'>alieni</span> <span class='ocrx_word' id='word_1_510' title='bbox 2438 2581 3156 2631; x_wconf 71' lang='lat' dir='ltr'>insurrexerunladversum</span> <span class='ocrx_word' id='word_1_511' title='bbox 3182 2594 3284 2632; x_wconf 79' lang='lat' dir='ltr'>me.</span> <span class='ocrx_word' id='word_1_512' title='bbox 3309 2584 3394 2633; x_wconf 88' lang='lat' dir='ltr'>In-</span> 
     </span>
    </p>
   </div>
   <div class='ocr_carea' id='block_1_71' title="bbox 1790 2650 3392 2714">
    <p class='ocr_par' dir='ltr' id='par_1_71' title="bbox 1790 2650 3392 2714">
     <span class='ocr_line' id='line_1_71' title="bbox 1790 2650 3392 2714; baseline 0.003 -15"><span class='ocrx_word' id='word_1_513' title='bbox 1790 2654 2177 2701; x_wconf 84' lang='lat' dir='ltr'>surrexerunt</span> <span class='ocrx_word' id='word_1_514' title='bbox 2206 2650 2358 2700; x_wconf 84' lang='lat' dir='ltr'>enim</span> <span class='ocrx_word' id='word_1_515' title='bbox 2378 2650 2584 2714; x_wconf 60' lang='lat' dir='ltr'>Judaei,</span> <span class='ocrx_word' id='word_1_516' title='bbox 2611 2655 2677 2702; x_wconf 91' lang='lat' dir='ltr'>ut</span> <span class='ocrx_word' id='word_1_517' title='bbox 2698 2652 3148 2704; x_wconf 88' lang='lat' dir='ltr'>adversarentur</span> <span class='ocrx_word' id='word_1_518' title='bbox 3166 2653 3392 2705; x_wconf 88' lang='lat' dir='ltr'>Christo</span> 
     </span>
    </p>
   </div>
   <div class='ocr_carea' id='block_1_72' title="bbox 1789 2719 3386 2785">
    <p class='ocr_par' dir='ltr' id='par_1_72' title="bbox 1789 2719 3386 2785">
     <span class='ocr_line' id='line_1_72' title="bbox 1789 2719 3386 2785; baseline 0.003 -16"><span class='ocrx_word' id='word_1_519' title='bbox 1789 2719 1969 2783; x_wconf 86' lang='lat' dir='ltr'>(Joan.</span> <span class='ocrx_word' id='word_1_520' title='bbox 2000 2720 2129 2783; x_wconf 79' lang='lat'>10.).</span> <span class='ocrx_word' id='word_1_521' title='bbox 2167 2720 2352 2771; x_wconf 84' lang='lat' dir='ltr'>Alieni</span> <span class='ocrx_word' id='word_1_522' title='bbox 2378 2721 2693 2784; x_wconf 87' lang='lat' dir='ltr'>quidem,si</span> <span class='ocrx_word' id='word_1_523' title='bbox 2714 2735 2833 2773; x_wconf 92' lang='lat' dir='ltr'>non</span> <span class='ocrx_word' id='word_1_524' title='bbox 2855 2736 3063 2785; x_wconf 82' lang='lat' dir='ltr'>genere</span> <span class='ocrx_word' id='word_1_525' title='bbox 3086 2727 3141 2773; x_wconf 89' lang='lat' dir='ltr'>et</span> <span class='ocrx_word' id='word_1_526' title='bbox 3162 2728 3386 2783; x_wconf 87' lang='lat' dir='ltr'>natura,</span> 
     </span>
    </p>
   </div>
   <div class='ocr_carea' id='block_1_73' title="bbox 1789 2791 3387 2857">
    <p class='ocr_par' dir='ltr' id='par_1_73' title="bbox 1789 2791 3387 2857">
     <span class='ocr_line' id='line_1_73' title="bbox 1789 2791 3387 2857; baseline -0.001 -15"><span class='ocrx_word' id='word_1_527' title='bbox 1789 2791 2047 2842; x_wconf 90' lang='lat' dir='ltr'>moribus</span> <span class='ocrx_word' id='word_1_528' title='bbox 2067 2796 2259 2843; x_wconf 88' lang='lat' dir='ltr'>tamen</span> <span class='ocrx_word' id='word_1_529' title='bbox 2273 2794 2327 2842; x_wconf 91' lang='lat' dir='ltr'>et</span> <span class='ocrx_word' id='word_1_530' title='bbox 2339 2792 2477 2843; x_wconf 91' lang='lat' dir='ltr'>vita.</span> <span class='ocrx_word' id='word_1_531' title='bbox 2497 2794 2567 2843; x_wconf 87' lang='lat' dir='ltr'>Et</span> <span class='ocrx_word' id='word_1_532' title='bbox 2580 2805 2698 2843; x_wconf 93' lang='lat' dir='ltr'>non</span> <span class='ocrx_word' id='word_1_533' title='bbox 2715 2798 2941 2845; x_wconf 84' lang='lat' dir='ltr'>tantum</span> <span class='ocrx_word' id='word_1_534' title='bbox 2952 2793 3141 2846; x_wconf 84' lang='lat' dir='ltr'>minor</span> <span class='ocrx_word' id='word_1_535' title='bbox 3152 2796 3387 2857; x_wconf 87' lang='lat' dir='ltr'>populus,</span> 
     </span>
    </p>
   </div>
   <div class='ocr_carea' id='block_1_74' title="bbox 1791 2861 3389 2926">
    <p class='ocr_par' dir='ltr' id='par_1_74' title="bbox 1791 2861 3389 2926">
     <span class='ocr_line' id='line_1_74' title="bbox 1791 2861 3389 2926; baseline 0 -12"><span class='ocrx_word' id='word_1_536' title='bbox 1791 2861 1894 2914; x_wconf 87' lang='lat' dir='ltr'>sed</span> <span class='ocrx_word' id='word_1_537' title='bbox 1927 2867 1971 2911; x_wconf 81' lang='lat' dir='ltr'>et</span> <span class='ocrx_word' id='word_1_538' title='bbox 2006 2862 2168 2924; x_wconf 78' lang='lat' dir='ltr'>fortes</span> <span class='ocrx_word' id='word_1_539' title='bbox 2205 2863 2533 2926; x_wconf 69' lang='lat' dir='ltr'>quaesierunt</span> <span class='ocrx_word' id='word_1_540' title='bbox 2566 2865 2817 2914; x_wconf 85' lang='lat' dir='ltr'>animam</span> <span class='ocrx_word' id='word_1_541' title='bbox 2836 2879 3033 2914; x_wconf 85' lang='lat' dir='ltr'>meam.</span> <span class='ocrx_word' id='word_1_542' title='bbox 3063 2866 3221 2917; x_wconf 88' lang='lat' dir='ltr'>Sicut</span> <span class='ocrx_word' id='word_1_543' title='bbox 3243 2866 3389 2915; x_wconf 90' lang='lat' dir='ltr'>scri-</span> 
     </span>
    </p>
   </div>
   <div class='ocr_carea' id='block_1_75' title="bbox 1792 2935 3387 2999">
    <p class='ocr_par' dir='ltr' id='par_1_75' title="bbox 1792 2935 3387 2999">
     <span class='ocr_line' id='line_1_75' title="bbox 1792 2935 3387 2999; baseline 0.002 -16"><span class='ocrx_word' id='word_1_544' title='bbox 1792 2938 1955 2997; x_wconf 85' lang='lat' dir='ltr'>ptum</span> <span class='ocrx_word' id='word_1_545' title='bbox 1979 2938 2069 2984; x_wconf 91' lang='lat' dir='ltr'>est</span> <span class='ocrx_word' id='word_1_546' title='bbox 2096 2947 2107 2983; x_wconf 92' lang='lat'>:</span> <span class='ocrx_word' id='word_1_547' title='bbox 2132 2935 2316 2998; x_wconf 86' lang='lat' dir='ltr'>Reges</span> <span class='ocrx_word' id='word_1_548' title='bbox 2338 2939 2504 2985; x_wconf 60' lang='lat' dir='ltr'>terra;</span> <span class='ocrx_word' id='word_1_549' title='bbox 2525 2939 2582 2985; x_wconf 90' lang='lat' dir='ltr'>et</span> <span class='ocrx_word' id='word_1_550' title='bbox 2606 2936 2890 2999; x_wconf 88' lang='lat' dir='ltr'>principes</span> <span class='ocrx_word' id='word_1_551' title='bbox 2912 2940 3307 2987; x_wconf 89' lang='lat' dir='ltr'>convenerunt</span> <span class='ocrx_word' id='word_1_552' title='bbox 3329 2936 3387 2986; x_wconf 91' lang='lat' dir='ltr'>in</span> 
     </span>
    </p>
   </div>
   <div class='ocr_carea' id='block_1_76' title="bbox 1798 3006 3388 3058">
    <p class='ocr_par' dir='ltr' id='par_1_76' title="bbox 1798 3006 3388 3058">
     <span class='ocr_line' id='line_1_76' title="bbox 1798 3006 3388 3058; baseline 0.001 -3"><span class='ocrx_word' id='word_1_553' title='bbox 1798 3017 1978 3056; x_wconf 92' lang='lat' dir='ltr'>unum</span> <span class='ocrx_word' id='word_1_554' title='bbox 2003 3010 2059 3056; x_wconf 89' lang='lat' dir='ltr'>et</span> <span class='ocrx_word' id='word_1_555' title='bbox 2083 3006 2365 3057; x_wconf 89' lang='lat' dir='ltr'>adversus</span> <span class='ocrx_word' id='word_1_556' title='bbox 2397 3006 2707 3057; x_wconf 89' lang='lat' dir='ltr'>Dominum</span> <span class='ocrx_word' id='word_1_557' title='bbox 2732 3012 2790 3058; x_wconf 93' lang='lat' dir='ltr'>et</span> <span class='ocrx_word' id='word_1_558' title='bbox 2807 3007 3084 3058; x_wconf 87' lang='lat' dir='ltr'>adversus</span> <span class='ocrx_word' id='word_1_559' title='bbox 3096 3006 3388 3058; x_wconf 90' lang='lat' dir='ltr'>Christum</span> 
     </span>
    </p>
   </div>
   <div class='ocr_carea' id='block_1_77' title="bbox 1796 3075 3390 3143">
    <p class='ocr_par' dir='ltr' id='par_1_77' title="bbox 1796 3075 3390 3143">
     <span class='ocr_line' id='line_1_77' title="bbox 1796 3075 3390 3143; baseline 0.003 -17"><span class='ocrx_word' id='word_1_560' title='bbox 1796 3077 1920 3141; x_wconf 88' lang='lat' dir='ltr'>ejus</span> <span class='ocrx_word' id='word_1_561' title='bbox 1948 3076 2107 3140; x_wconf 83' lang='lat' dir='ltr'>(Psal.</span> <span class='ocrx_word' id='word_1_562' title='bbox 2134 3075 2222 3140; x_wconf 88' lang='grc'>2.).</span> <span class='ocrx_word' id='word_1_563' title='bbox 2252 3079 2446 3128; x_wconf 85' lang='lat' dir='ltr'>Fortes</span> <span class='ocrx_word' id='word_1_564' title='bbox 2475 3090 2609 3141; x_wconf 91' lang='lat' dir='ltr'>ergo</span> <span class='ocrx_word' id='word_1_565' title='bbox 2635 3078 2955 3129; x_wconf 89' lang='lat' dir='ltr'>secundum</span> <span class='ocrx_word' id='word_1_566' title='bbox 2980 3079 3306 3143; x_wconf 89' lang='lat' dir='ltr'>superbiam</span> <span class='ocrx_word' id='word_1_567' title='bbox 3330 3084 3390 3130; x_wconf 91' lang='lat' dir='ltr'>et</span> 
     </span>
    </p>
   </div>
   <div class='ocr_carea' id='block_1_78' title="bbox 79 3130 1685 3213">
    <p class='ocr_par' dir='ltr' id='par_1_78' title="bbox 79 3130 1685 3213">
     <span class='ocr_line' id='line_1_78' title="bbox 79 3130 1685 3213; baseline -0.002 -31"><span class='ocrx_word' id='word_1_568' title='bbox 79 3132 293 3213; x_wconf 51' lang='lat' dir='ltr'>2,}quln</span> <span class='ocrx_word' id='word_1_569' title='bbox 307 3130 573 3213; x_wconf 53' lang='lat' dir='ltr'>venissent</span> <span class='ocrx_word' id='word_1_570' title='bbox 594 3133 829 3213; x_wconf 53' lang='lat' dir='ltr'>iphle&#39;i,</span> <span class='ocrx_word' id='word_1_571' title='bbox 853 3139 898 3181; x_wconf 81' lang='lat' dir='ltr'>et</span> <span class='ocrx_word' id='word_1_572' title='bbox 920 3130 1570 3213; x_wconf 39' lang='grc' dir='ltr'>ᾳξπξξεεηέξᾳιξιιιὶζίγρηῂε</span> <span class='ocrx_word' id='word_1_573' title='bbox 1585 3132 1663 3213; x_wconf 81' lang='lat' dir='ltr'>Da</span> <span class='ocrx_word' id='word_1_574' title='bbox 1675 3168 1685 3178; x_wconf 93' lang='lat'>.</span> 
     </span>
    </p>
   </div>
   <div class='ocr_carea' id='block_1_79' title="bbox 1792 3130 3387 3213">
    <p class='ocr_par' dir='ltr' id='par_1_79' title="bbox 1792 3130 3387 3213">
     <span class='ocr_line' id='line_1_79' title="bbox 1792 3130 3387 3213; baseline -0.001 -14"><span class='ocrx_word' id='word_1_575' title='bbox 1792 3130 2101 3211; x_wconf 57' lang='lat' dir='ltr'>pbtentiam</span> <span class='ocrx_word' id='word_1_576' title='bbox 2144 3130 2358 3199; x_wconf 54' lang='lat' dir='ltr'>seaculi.</span> <span class='ocrx_word' id='word_1_577' title='bbox 2403 3148 2451 3197; x_wconf 83' lang='lat' dir='ltr'><em>E</em></span> <span class='ocrx_word' id='word_1_578' title='bbox 2455 3154 2472 3196; x_wconf 85' lang='grc' dir='ltr'><em>ι</em></span> <span class='ocrx_word' id='word_1_579' title='bbox 2500 3130 2613 3197; x_wconf 64' lang='lat' dir='ltr'>non</span> <span class='ocrx_word' id='word_1_580' title='bbox 2638 3155 3037 3213; x_wconf 79' lang='lat' dir='ltr'>proposuerunt</span> <span class='ocrx_word' id='word_1_581' title='bbox 3052 3130 3233 3198; x_wconf 49' lang='lat' dir='ltr'>.Deum</span> <span class='ocrx_word' id='word_1_582' title='bbox 3262 3155 3387 3198; x_wconf 77' lang='lat' dir='ltr'>ante</span> 
     </span>
    </p>
   </div>
   <div class='ocr_carea' id='block_1_80' title="bbox 79 3194 1689 3260">
    <p class='ocr_par' dir='ltr' id='par_1_80' title="bbox 79 3194 1689 3260">
     <span class='ocr_line' id='line_1_80' title="bbox 79 3194 1689 3260; baseline -0.001 -17"><span class='ocrx_word' id='word_1_583' title='bbox 79 3195 170 3243; x_wconf 77' lang='lat' dir='ltr'>vid</span> <span class='ocrx_word' id='word_1_584' title='bbox 191 3194 540 3260; x_wconf 60' lang='lat' dir='ltr'>absconditus</span> <span class='ocrx_word' id='word_1_585' title='bbox 563 3201 633 3244; x_wconf 82' lang='lat' dir='ltr'>est</span> <span class='ocrx_word' id='word_1_586' title='bbox 646 3194 797 3260; x_wconf 80' lang='lat' dir='ltr'>apud</span> <span class='ocrx_word' id='word_1_587' title='bbox 810 3194 907 3244; x_wconf 86' lang='lat' dir='ltr'>nos</span> <span class='ocrx_word' id='word_1_588' title='bbox 930 3198 993 3257; x_wconf 82' lang='grc'>(1.</span> <span class='ocrx_word' id='word_1_589' title='bbox 1014 3197 1137 3258; x_wconf 80' lang='lat' dir='ltr'>Reg.</span> <span class='ocrx_word' id='word_1_590' title='bbox 1154 3198 1288 3257; x_wconf 85' lang='lat'>23.)?</span> <span class='ocrx_word' id='word_1_591' title='bbox 1303 3197 1583 3260; x_wconf 83' lang='lat' dir='ltr'>Intellectus</span> <span class='ocrx_word' id='word_1_592' title='bbox 1600 3197 1689 3260; x_wconf 51' lang='lat' dir='ltr'>hug</span> 
     </span>
    </p>
   </div>
   <div class='ocr_carea' id='block_1_81' title="bbox 77 3258 1685 3322">
    <p class='ocr_par' dir='ltr' id='par_1_81' title="bbox 77 3258 1685 3322">
     <span class='ocr_line' id='line_1_81' title="bbox 77 3258 1685 3322; baseline -0.002 -16"><span class='ocrx_word' id='word_1_593' title='bbox 77 3260 162 3316; x_wconf 88' lang='lat' dir='ltr'>jus</span> <span class='ocrx_word' id='word_1_594' title='bbox 188 3258 376 3322; x_wconf 85' lang='lat' dir='ltr'>psalmi</span> <span class='ocrx_word' id='word_1_595' title='bbox 401 3258 751 3306; x_wconf 49' lang='lat' dir='ltr'>attribuend&#39;us</span> <span class='ocrx_word' id='word_1_596' title='bbox 775 3266 847 3306; x_wconf 89' lang='lat' dir='ltr'>est</span> <span class='ocrx_word' id='word_1_597' title='bbox 872 3261 1045 3322; x_wconf 87' lang='lat' dir='ltr'>David,</span> <span class='ocrx_word' id='word_1_598' title='bbox 1072 3260 1123 3306; x_wconf 91' lang='lat' dir='ltr'>id</span> <span class='ocrx_word' id='word_1_599' title='bbox 1148 3264 1238 3317; x_wconf 90' lang='lat' dir='ltr'>est,</span> <span class='ocrx_word' id='word_1_600' title='bbox 1260 3260 1454 3322; x_wconf 86' lang='lat' dir='ltr'>Christo</span> <span class='ocrx_word' id='word_1_601' title='bbox 1469 3259 1685 3322; x_wconf 87' lang='lat' dir='ltr'>tendenti</span> 
     </span>
    </p>
   </div>
   <div class='ocr_carea' id='block_1_82' title="bbox 78 3320 1682 3383">
    <p class='ocr_par' dir='ltr' id='par_1_82' title="bbox 78 3320 1682 3383">
     <span class='ocr_line' id='line_1_82' title="bbox 78 3320 1682 3383; baseline -0.001 -16"><span class='ocrx_word' id='word_1_602' title='bbox 78 3323 131 3367; x_wconf 84' lang='lat' dir='ltr'>in</span> <span class='ocrx_word' id='word_1_603' title='bbox 150 3322 328 3376; x_wconf 83' lang='lat' dir='ltr'>ﬁnem,</span> <span class='ocrx_word' id='word_1_604' title='bbox 349 3321 397 3367; x_wconf 87' lang='lat' dir='ltr'>id</span> <span class='ocrx_word' id='word_1_605' title='bbox 427 3327 517 3383; x_wconf 89' lang='lat' dir='ltr'>est,</span> <span class='ocrx_word' id='word_1_606' title='bbox 542 3323 595 3367; x_wconf 90' lang='lat' dir='ltr'>in</span> <span class='ocrx_word' id='word_1_607' title='bbox 612 3322 966 3380; x_wconf 81' lang='lat' dir='ltr'>perfectionem</span> <span class='ocrx_word' id='word_1_608' title='bbox 993 3320 1097 3369; x_wconf 75' lang='lat' dir='ltr'>sum</span> <span class='ocrx_word' id='word_1_609' title='bbox 1113 3322 1427 3369; x_wconf 73' lang='lat' dir='ltr'>obedientite.</span> <span class='ocrx_word' id='word_1_610' title='bbox 1446 3321 1605 3366; x_wconf 86' lang='lat' dir='ltr'>Ethoc</span> <span class='ocrx_word' id='word_1_611' title='bbox 1630 3320 1682 3366; x_wconf 91' lang='lat' dir='ltr'>in</span> 
     </span>
    </p>
   </div>
   <div class='ocr_carea' id='block_1_83' title="bbox 78 3383 1682 3445">
    <p class='ocr_par' dir='ltr' id='par_1_83' title="bbox 78 3383 1682 3445">
     <span class='ocr_line' id='line_1_83' title="bbox 78 3383 1682 3445; baseline -0.002 -15"><span class='ocrx_word' id='word_1_612' title='bbox 78 3383 419 3439; x_wconf 87' lang='lat' dir='ltr'>carminibus,</span> <span class='ocrx_word' id='word_1_613' title='bbox 444 3384 492 3431; x_wconf 91' lang='lat' dir='ltr'>id</span> <span class='ocrx_word' id='word_1_614' title='bbox 517 3384 674 3445; x_wconf 90' lang='lat' dir='ltr'>est,in</span> <span class='ocrx_word' id='word_1_615' title='bbox 691 3386 1008 3442; x_wconf 87' lang='lat' dir='ltr'>jucunditate</span> <span class='ocrx_word' id='word_1_616' title='bbox 1028 3399 1039 3433; x_wconf 94' lang='lat'>:</span> <span class='ocrx_word' id='word_1_617' title='bbox 1057 3384 1178 3443; x_wconf 88' lang='lat' dir='ltr'>quia</span> <span class='ocrx_word' id='word_1_618' title='bbox 1190 3384 1290 3429; x_wconf 88' lang='lat' dir='ltr'>vita</span> <span class='ocrx_word' id='word_1_619' title='bbox 1306 3384 1501 3430; x_wconf 91' lang='lat' dir='ltr'>Domini</span> <span class='ocrx_word' id='word_1_620' title='bbox 1519 3383 1682 3431; x_wconf 85' lang='lat' dir='ltr'>nostri</span> 
     </span>
    </p>
   </div>
   <div class='ocr_carea' id='block_1_84' title="bbox 81 3445 1684 3506">
    <p class='ocr_par' dir='ltr' id='par_1_84' title="bbox 81 3445 1684 3506">
     <span class='ocr_line' id='line_1_84' title="bbox 81 3445 1684 3506; baseline -0.001 -14"><span class='ocrx_word' id='word_1_621' title='bbox 81 3446 363 3503; x_wconf 84' lang='lat' dir='ltr'>disciplina</span> <span class='ocrx_word' id='word_1_622' title='bbox 396 3447 489 3491; x_wconf 85' lang='lat' dir='ltr'>fuit</span> <span class='ocrx_word' id='word_1_623' title='bbox 517 3459 710 3493; x_wconf 89' lang='lat' dir='ltr'>morum</span> <span class='ocrx_word' id='word_1_624' title='bbox 734 3462 744 3492; x_wconf 94' lang='lat'>:</span> <span class='ocrx_word' id='word_1_625' title='bbox 787 3448 907 3506; x_wconf 89' lang='lat' dir='ltr'>quia</span> <span class='ocrx_word' id='word_1_626' title='bbox 937 3447 1072 3506; x_wconf 90' lang='lat' dir='ltr'>quod</span> <span class='ocrx_word' id='word_1_627' title='bbox 1112 3447 1217 3505; x_wconf 85' lang='lat' dir='ltr'>ipse</span> <span class='ocrx_word' id='word_1_628' title='bbox 1244 3447 1443 3505; x_wconf 88' lang='lat' dir='ltr'>intellit,</span> <span class='ocrx_word' id='word_1_629' title='bbox 1468 3448 1514 3491; x_wconf 90' lang='lat' dir='ltr'>et</span> <span class='ocrx_word' id='word_1_630' title='bbox 1538 3445 1684 3491; x_wconf 90' lang='lat' dir='ltr'>nobis</span> 
     </span>
    </p>
   </div>
   <div class='ocr_carea' id='block_1_85' title="bbox 82 3508 1685 3568">
    <p class='ocr_par' dir='ltr' id='par_1_85' title="bbox 82 3508 1685 3568">
     <span class='ocr_line' id='line_1_85' title="bbox 82 3508 1685 3568; baseline 0.001 -15"><span class='ocrx_word' id='word_1_631' title='bbox 82 3508 476 3565; x_wconf 83' lang='lat' dir='ltr'>intelligendum</span> <span class='ocrx_word' id='word_1_632' title='bbox 516 3510 794 3568; x_wconf 88' lang='lat' dir='ltr'>proposuit.</span> <span class='ocrx_word' id='word_1_633' title='bbox 831 3510 961 3563; x_wconf 87' lang='lat' dir='ltr'>Quid</span> <span class='ocrx_word' id='word_1_634' title='bbox 1006 3514 1168 3555; x_wconf 86' lang='lat' dir='ltr'>autem</span> <span class='ocrx_word' id='word_1_635' title='bbox 1206 3509 1489 3555; x_wconf 81' lang='lat' dir='ltr'>intellexit?</span> <span class='ocrx_word' id='word_1_636' title='bbox 1515 3509 1685 3554; x_wconf 89' lang='lat' dir='ltr'>Perse-</span> 
     </span>
    </p>
   </div>
   <div class='ocr_carea' id='block_1_86' title="bbox 82 3569 1692 3631">
    <p class='ocr_par' dir='ltr' id='par_1_86' title="bbox 82 3569 1692 3631">
     <span class='ocr_line' id='line_1_86' title="bbox 82 3569 1692 3631; baseline 0.001 -16"><span class='ocrx_word' id='word_1_637' title='bbox 82 3571 365 3616; x_wconf 81' lang='lat' dir='ltr'>verandum</span> <span class='ocrx_word' id='word_1_638' title='bbox 396 3571 448 3616; x_wconf 90' lang='lat' dir='ltr'>in</span> <span class='ocrx_word' id='word_1_639' title='bbox 473 3571 909 3631; x_wconf 76' lang='lat' dir='ltr'>laudibus,usque</span> <span class='ocrx_word' id='word_1_640' title='bbox 928 3572 980 3618; x_wconf 89' lang='lat' dir='ltr'>in</span> <span class='ocrx_word' id='word_1_641' title='bbox 1009 3572 1176 3618; x_wconf 82' lang='lat' dir='ltr'>ﬁnem.</span> <span class='ocrx_word' id='word_1_642' title='bbox 1206 3571 1415 3624; x_wconf 79' lang='lat' dir='ltr'>Quando</span> <span class='ocrx_word' id='word_1_643' title='bbox 1438 3569 1692 3616; x_wconf 87' lang='lat' dir='ltr'>hocintel-</span> 
     </span>
    </p>
   </div>
   <div class='ocr_carea' id='block_1_87' title="bbox 82 3632 1687 3690">
    <p class='ocr_par' dir='ltr' id='par_1_87' title="bbox 82 3632 1687 3690">
     <span class='ocr_line' id='line_1_87' title="bbox 82 3632 1687 3690; baseline 0 -13"><span class='ocrx_word' id='word_1_644' title='bbox 82 3632 207 3678; x_wconf 82' lang='lat' dir='ltr'>lexit</span> <span class='ocrx_word' id='word_1_645' title='bbox 233 3636 258 3679; x_wconf 69' lang='grc' dir='ltr'>ἱ)</span> <span class='ocrx_word' id='word_1_646' title='bbox 305 3633 516 3686; x_wconf 84' lang='lat' dir='ltr'>Quando</span> <span class='ocrx_word' id='word_1_647' title='bbox 536 3634 697 3680; x_wconf 74' lang='lat' dir='ltr'>Judtei</span> <span class='ocrx_word' id='word_1_648' title='bbox 720 3634 773 3680; x_wconf 88' lang='lat' dir='ltr'>in</span> <span class='ocrx_word' id='word_1_649' title='bbox 791 3636 881 3680; x_wconf 89' lang='lat' dir='ltr'>hoc</span> <span class='ocrx_word' id='word_1_650' title='bbox 913 3634 1302 3680; x_wconf 70' lang='lat' dir='ltr'>sasculotanlum</span> <span class='ocrx_word' id='word_1_651' title='bbox 1321 3635 1549 3680; x_wconf 85' lang='lat' dir='ltr'>ﬂorentes</span> <span class='ocrx_word' id='word_1_652' title='bbox 1578 3645 1687 3690; x_wconf 90' lang='lat' dir='ltr'>pro-</span> 
     </span>
    </p>
   </div>
   <div class='ocr_carea' id='block_1_88' title="bbox 86 3694 1689 3753">
    <p class='ocr_par' dir='ltr' id='par_1_88' title="bbox 86 3694 1689 3753">
     <span class='ocr_line' id='line_1_88' title="bbox 86 3694 1689 3753; baseline -0.001 -13"><span class='ocrx_word' id='word_1_653' title='bbox 86 3694 464 3741; x_wconf 90' lang='lat' dir='ltr'>diderunteum</span> <span class='ocrx_word' id='word_1_654' title='bbox 495 3696 662 3753; x_wconf 90' lang='lat' dir='ltr'>morti,</span> <span class='ocrx_word' id='word_1_655' title='bbox 682 3701 728 3740; x_wconf 87' lang='lat' dir='ltr'>et</span> <span class='ocrx_word' id='word_1_656' title='bbox 753 3696 903 3742; x_wconf 91' lang='lat' dir='ltr'>Deum</span> <span class='ocrx_word' id='word_1_657' title='bbox 931 3696 983 3741; x_wconf 90' lang='lat' dir='ltr'>in</span> <span class='ocrx_word' id='word_1_658' title='bbox 1010 3696 1214 3742; x_wconf 80' lang='lat' dir='ltr'>homine</span> <span class='ocrx_word' id='word_1_659' title='bbox 1236 3696 1466 3742; x_wconf 86' lang='lat' dir='ltr'>latentem</span> <span class='ocrx_word' id='word_1_660' title='bbox 1492 3695 1689 3741; x_wconf 92' lang='lat' dir='ltr'>credere</span> 
     </span>
    </p>
   </div>
   <div class='ocr_carea' id='block_1_89' title="bbox 84 3757 1683 3816">
    <p class='ocr_par' dir='ltr' id='par_1_89' title="bbox 84 3757 1683 3816">
     <span class='ocr_line' id='line_1_89' title="bbox 84 3757 1683 3816; baseline -0.002 -13"><span class='ocrx_word' id='word_1_661' title='bbox 84 3757 382 3804; x_wconf 86' lang='lat' dir='ltr'>noluerunt.</span> <span class='ocrx_word' id='word_1_662' title='bbox 417 3758 534 3811; x_wconf 65' lang='lat' dir='ltr'>Quae</span> <span class='ocrx_word' id='word_1_663' title='bbox 566 3757 786 3816; x_wconf 80' lang='lat' dir='ltr'>proditio</span> <span class='ocrx_word' id='word_1_664' title='bbox 818 3759 911 3804; x_wconf 85' lang='lat' dir='ltr'>fuit</span> <span class='ocrx_word' id='word_1_665' title='bbox 934 3760 1266 3816; x_wconf 63' lang='lat' dir='ltr'>praeﬁgurata,</span> <span class='ocrx_word' id='word_1_666' title='bbox 1294 3772 1408 3805; x_wconf 90' lang='lat' dir='ltr'>cum</span> <span class='ocrx_word' id='word_1_667' title='bbox 1434 3757 1683 3803; x_wconf 87' lang='lat' dir='ltr'>venissent</span> 
     </span>
    </p>
   </div>
   <div class='ocr_carea' id='block_1_90' title="bbox 82 3818 1688 3880">
    <p class='ocr_par' dir='ltr' id='par_1_90' title="bbox 82 3818 1688 3880">
     <span class='ocr_line' id='line_1_90' title="bbox 82 3818 1688 3880; baseline -0.001 -14"><span class='ocrx_word' id='word_1_668' title='bbox 82 3819 297 3880; x_wconf 69' lang='lat' dir='ltr'>Ziphmi,</span> <span class='ocrx_word' id='word_1_669' title='bbox 337 3824 382 3865; x_wconf 88' lang='lat' dir='ltr'>et</span> <span class='ocrx_word' id='word_1_670' title='bbox 419 3819 662 3865; x_wconf 81' lang='lat' dir='ltr'>dixissent</span> <span class='ocrx_word' id='word_1_671' title='bbox 704 3820 860 3874; x_wconf 86' lang='lat' dir='ltr'>Sauli,</span> <span class='ocrx_word' id='word_1_672' title='bbox 898 3821 1067 3866; x_wconf 73' lang='lat' dir='ltr'>Nonne</span> <span class='ocrx_word' id='word_1_673' title='bbox 1095 3821 1243 3866; x_wconf 85' lang='lat' dir='ltr'>David</span> <span class='ocrx_word' id='word_1_674' title='bbox 1269 3818 1592 3867; x_wconf 85' lang='lat' dir='ltr'>absconditus</span> <span class='ocrx_word' id='word_1_675' title='bbox 1615 3822 1688 3864; x_wconf 88' lang='lat' dir='ltr'>est</span> 
     </span>
    </p>
   </div>
   <div class='ocr_carea' id='block_1_91' title="bbox 81 3880 1689 3943">
    <p class='ocr_par' dir='ltr' id='par_1_91' title="bbox 81 3880 1689 3943">
     <span class='ocr_line' id='line_1_91' title="bbox 81 3880 1689 3943; baseline 0.001 -17"><span class='ocrx_word' id='word_1_676' title='bbox 81 3882 217 3939; x_wconf 87' lang='lat' dir='ltr'>apud</span> <span class='ocrx_word' id='word_1_677' title='bbox 269 3894 360 3927; x_wconf 87' lang='lat' dir='ltr'>nos</span> <span class='ocrx_word' id='word_1_678' title='bbox 391 3880 455 3940; x_wconf 86' lang='grc' dir='ltr'>(Ι.</span> <span class='ocrx_word' id='word_1_679' title='bbox 494 3881 615 3943; x_wconf 85' lang='lat' dir='ltr'>Reg.</span> <span class='ocrx_word' id='word_1_680' title='bbox 657 3881 795 3940; x_wconf 84' lang='lat'>23,)?</span> <span class='ocrx_word' id='word_1_681' title='bbox 828 3883 977 3929; x_wconf 88' lang='lat' dir='ltr'>Vicus</span> <span class='ocrx_word' id='word_1_682' title='bbox 999 3881 1205 3941; x_wconf 87' lang='lat' dir='ltr'>quidam</span> <span class='ocrx_word' id='word_1_683' title='bbox 1231 3887 1333 3928; x_wconf 88' lang='lat' dir='ltr'>erat</span> <span class='ocrx_word' id='word_1_684' title='bbox 1354 3882 1475 3940; x_wconf 88' lang='lat' dir='ltr'>Ziph</span> <span class='ocrx_word' id='word_1_685' title='bbox 1504 3896 1512 3927; x_wconf 96' lang='lat'>:</span> <span class='ocrx_word' id='word_1_686' title='bbox 1541 3883 1689 3938; x_wconf 90' lang='lat' dir='ltr'>cujus</span> 
     </span>
    </p>
   </div>
   <div class='ocr_carea' id='block_1_92' title="bbox 83 3943 1687 4003">
    <p class='ocr_par' dir='ltr' id='par_1_92' title="bbox 83 3943 1687 4003">
     <span class='ocr_line' id='line_1_92' title="bbox 83 3943 1687 4003; baseline 0.001 -15"><span class='ocrx_word' id='word_1_687' title='bbox 83 3944 393 3989; x_wconf 84' lang='lat' dir='ltr'>habitatores</span> <span class='ocrx_word' id='word_1_688' title='bbox 419 3944 605 4001; x_wconf 71' lang='lat' dir='ltr'>Ziphzei</span> <span class='ocrx_word' id='word_1_689' title='bbox 627 3957 638 3991; x_wconf 93' lang='lat'>:</span> <span class='ocrx_word' id='word_1_690' title='bbox 666 3945 719 3989; x_wconf 92' lang='lat' dir='ltr'>in</span> <span class='ocrx_word' id='word_1_691' title='bbox 743 3946 891 4001; x_wconf 84' lang='lat' dir='ltr'>cujus</span> <span class='ocrx_word' id='word_1_692' title='bbox 907 3944 1111 4003; x_wconf 79' lang='lat' dir='ltr'>regione</span> <span class='ocrx_word' id='word_1_693' title='bbox 1126 3958 1178 3990; x_wconf 89' lang='lat' dir='ltr'>se</span> <span class='ocrx_word' id='word_1_694' title='bbox 1201 3943 1687 3990; x_wconf 85' lang='lat' dir='ltr'>absconderatDavid</span> 
     </span>
    </p>
   </div>
   <div class='ocr_carea' id='block_1_93' title="bbox 82 4006 1688 4065">
    <p class='ocr_par' dir='ltr' id='par_1_93' title="bbox 82 4006 1688 4065">
     <span class='ocr_line' id='line_1_93' title="bbox 82 4006 1688 4065; baseline 0 -14"><span class='ocrx_word' id='word_1_695' title='bbox 82 4019 199 4051; x_wconf 86' lang='lat' dir='ltr'>cum</span> <span class='ocrx_word' id='word_1_696' title='bbox 227 4018 345 4051; x_wconf 89' lang='lat' dir='ltr'>eum</span> <span class='ocrx_word' id='word_1_697' title='bbox 369 4006 515 4051; x_wconf 79' lang='lat' dir='ltr'>vellet</span> <span class='ocrx_word' id='word_1_698' title='bbox 540 4007 657 4053; x_wconf 90' lang='lat' dir='ltr'>Saul</span> <span class='ocrx_word' id='word_1_699' title='bbox 675 4007 905 4053; x_wconf 87' lang='lat' dir='ltr'>invenire</span> <span class='ocrx_word' id='word_1_700' title='bbox 924 4011 970 4053; x_wconf 88' lang='lat' dir='ltr'>et</span> <span class='ocrx_word' id='word_1_701' title='bbox 993 4008 1232 4053; x_wconf 89' lang='lat' dir='ltr'>occidere.</span> <span class='ocrx_word' id='word_1_702' title='bbox 1262 4007 1345 4053; x_wconf 88' lang='lat' dir='ltr'>Isti</span> <span class='ocrx_word' id='word_1_703' title='bbox 1362 4018 1478 4065; x_wconf 87' lang='lat' dir='ltr'>ergo</span> <span class='ocrx_word' id='word_1_704' title='bbox 1495 4006 1688 4063; x_wconf 75' lang='lat' dir='ltr'>Ziphaai</span> 
     </span>
    </p>
   </div>
   <div class='ocr_carea' id='block_1_94' title="bbox 82 4068 1684 4127">
    <p class='ocr_par' dir='ltr' id='par_1_94' title="bbox 82 4068 1684 4127">
     <span class='ocr_line' id='line_1_94' title="bbox 82 4068 1684 4127; baseline 0.002 -13"><span class='ocrx_word' id='word_1_705' title='bbox 82 4082 198 4114; x_wconf 90' lang='lat' dir='ltr'>cnm</span> <span class='ocrx_word' id='word_1_706' title='bbox 232 4068 331 4116; x_wconf 86' lang='lat' dir='ltr'>hoc</span> <span class='ocrx_word' id='word_1_707' title='bbox 346 4069 715 4126; x_wconf 68' lang='lat' dir='ltr'>cognovissent,</span> <span class='ocrx_word' id='word_1_708' title='bbox 742 4069 1069 4126; x_wconf 84' lang='lat' dir='ltr'>prodiderunt</span> <span class='ocrx_word' id='word_1_709' title='bbox 1089 4082 1201 4115; x_wconf 91' lang='lat' dir='ltr'>eum</span> <span class='ocrx_word' id='word_1_710' title='bbox 1230 4071 1333 4126; x_wconf 86' lang='lat' dir='ltr'>regi</span> <span class='ocrx_word' id='word_1_711' title='bbox 1360 4068 1684 4127; x_wconf 86' lang='lat' dir='ltr'>persecutori.</span> 
     </span>
    </p>
   </div>
   <div class='ocr_carea' id='block_1_95' title="bbox 82 4131 1685 4188">
    <p class='ocr_par' dir='ltr' id='par_1_95' title="bbox 82 4131 1685 4188">
     <span class='ocr_line' id='line_1_95' title="bbox 82 4131 1685 4188; baseline -0.001 -12"><span class='ocrx_word' id='word_1_712' title='bbox 82 4131 312 4177; x_wconf 87' lang='lat' dir='ltr'>dicentes</span> <span class='ocrx_word' id='word_1_713' title='bbox 336 4146 350 4178; x_wconf 87' lang='lat'>:</span> <span class='ocrx_word' id='word_1_714' title='bbox 380 4132 549 4176; x_wconf 85' lang='lat' dir='ltr'>Nonne</span> <span class='ocrx_word' id='word_1_715' title='bbox 592 4143 703 4177; x_wconf 88' lang='lat' dir='ltr'>ecce</span> <span class='ocrx_word' id='word_1_716' title='bbox 746 4132 901 4177; x_wconf 83' lang='lat' dir='ltr'>David</span> <span class='ocrx_word' id='word_1_717' title='bbox 944 4131 1270 4177; x_wconf 85' lang='lat' dir='ltr'>absconditus</span> <span class='ocrx_word' id='word_1_718' title='bbox 1293 4137 1366 4177; x_wconf 87' lang='lat' dir='ltr'>est</span> <span class='ocrx_word' id='word_1_719' title='bbox 1387 4131 1518 4188; x_wconf 85' lang='lat' dir='ltr'>apud</span> <span class='ocrx_word' id='word_1_720' title='bbox 1545 4143 1637 4175; x_wconf 90' lang='lat' dir='ltr'>nos</span> <span class='ocrx_word' id='word_1_721' title='bbox 1663 4131 1685 4174; x_wconf 87' lang='lat'><strong>?</strong></span> 
     </span>
    </p>
   </div>
   <div class='ocr_carea' id='block_1_96' title="bbox 81 4191 1687 4252">
    <p class='ocr_par' dir='ltr' id='par_1_96' title="bbox 81 4191 1687 4252">
     <span class='ocr_line' id='line_1_96' title="bbox 81 4191 1687 4252; baseline -0.002 -13"><span class='ocrx_word' id='word_1_722' title='bbox 81 4192 222 4239; x_wconf 83' lang='lat' dir='ltr'>Nihil</span> <span class='ocrx_word' id='word_1_723' title='bbox 267 4192 470 4249; x_wconf 84' lang='lat' dir='ltr'>quidem</span> <span class='ocrx_word' id='word_1_724' title='bbox 513 4193 701 4251; x_wconf 78' lang='lat' dir='ltr'>profuit</span> <span class='ocrx_word' id='word_1_725' title='bbox 734 4193 839 4239; x_wconf 89' lang='lat' dir='ltr'>illis</span> <span class='ocrx_word' id='word_1_726' title='bbox 873 4194 1086 4252; x_wconf 83' lang='lat' dir='ltr'>proditio</span> <span class='ocrx_word' id='word_1_727' title='bbox 1109 4206 1277 4239; x_wconf 87' lang='lat' dir='ltr'>eorum</span> <span class='ocrx_word' id='word_1_728' title='bbox 1305 4206 1317 4240; x_wconf 93' lang='lat'>:</span> <span class='ocrx_word' id='word_1_729' title='bbox 1346 4198 1392 4238; x_wconf 83' lang='lat' dir='ltr'>ct</span> <span class='ocrx_word' id='word_1_730' title='bbox 1415 4192 1513 4250; x_wconf 85' lang='lat' dir='ltr'>ipsi</span> <span class='ocrx_word' id='word_1_731' title='bbox 1534 4191 1687 4237; x_wconf 81' lang='lat' dir='ltr'>David</span> 
     </span>
    </p>
   </div>
   <div class='ocr_carea' id='block_1_97' title="bbox 84 4254 1690 4313">
    <p class='ocr_par' dir='ltr' id='par_1_97' title="bbox 84 4254 1690 4313">
     <span class='ocr_line' id='line_1_97' title="bbox 84 4254 1690 4313; baseline -0.002 -12"><span class='ocrx_word' id='word_1_732' title='bbox 84 4254 222 4301; x_wconf 86' lang='lat' dir='ltr'>nihil</span> <span class='ocrx_word' id='word_1_733' title='bbox 249 4254 422 4301; x_wconf 81' lang='lat' dir='ltr'>obfuit.</span> <span class='ocrx_word' id='word_1_734' title='bbox 450 4256 667 4313; x_wconf 84' lang='lat' dir='ltr'>Namque</span> <span class='ocrx_word' id='word_1_735' title='bbox 693 4255 898 4302; x_wconf 88' lang='lat' dir='ltr'>animus</span> <span class='ocrx_word' id='word_1_736' title='bbox 923 4269 1091 4301; x_wconf 89' lang='lat' dir='ltr'>eorum</span> <span class='ocrx_word' id='word_1_737' title='bbox 1110 4254 1366 4312; x_wconf 82' lang='lat' dir='ltr'>malignus</span> <span class='ocrx_word' id='word_1_738' title='bbox 1386 4255 1690 4299; x_wconf 86' lang='lat' dir='ltr'>demonstra-</span> 
     </span>
    </p>
   </div>
   <div class='ocr_carea' id='block_1_98' title="bbox 86 4315 1685 4378">
    <p class='ocr_par' dir='ltr' id='par_1_98' title="bbox 86 4315 1685 4378">
     <span class='ocr_line' id='line_1_98' title="bbox 86 4315 1685 4378; baseline -0.001 -17"><span class='ocrx_word' id='word_1_739' title='bbox 86 4323 164 4363; x_wconf 88' lang='lat' dir='ltr'>tus</span> <span class='ocrx_word' id='word_1_740' title='bbox 190 4321 285 4378; x_wconf 73' lang='lat' dir='ltr'>est.</span> <span class='ocrx_word' id='word_1_741' title='bbox 313 4317 433 4374; x_wconf 90' lang='lat' dir='ltr'>Ziph</span> <span class='ocrx_word' id='word_1_742' title='bbox 460 4315 810 4376; x_wconf 87' lang='lat' dir='ltr'>interpretatur</span> <span class='ocrx_word' id='word_1_743' title='bbox 847 4316 958 4378; x_wconf 84' lang='lat' dir='ltr'>ﬂos.</span> <span class='ocrx_word' id='word_1_744' title='bbox 987 4317 1104 4364; x_wconf 89' lang='lat' dir='ltr'>Inde</span> <span class='ocrx_word' id='word_1_745' title='bbox 1128 4318 1367 4362; x_wconf 88' lang='lat' dir='ltr'>dicuntur</span> <span class='ocrx_word' id='word_1_746' title='bbox 1391 4316 1596 4374; x_wconf 75' lang='lat' dir='ltr'>Ziphaai,</span> <span class='ocrx_word' id='word_1_747' title='bbox 1633 4315 1685 4360; x_wconf 87' lang='lat' dir='ltr'>id</span> 
     </span>
    </p>
   </div>
   <div class='ocr_carea' id='block_1_99' title="bbox 80 4375 1689 4438">
    <p class='ocr_par' dir='ltr' id='par_1_99' title="bbox 80 4375 1689 4438">
     <span class='ocr_line' id='line_1_99' title="bbox 80 4375 1689 4438; baseline -0.002 -13"><span class='ocrx_word' id='word_1_748' title='bbox 80 4384 174 4435; x_wconf 88' lang='lat' dir='ltr'>est,</span> <span class='ocrx_word' id='word_1_749' title='bbox 200 4375 443 4437; x_wconf 80' lang='lat' dir='ltr'>ﬂorentes</span> <span class='ocrx_word' id='word_1_750' title='bbox 470 4394 480 4425; x_wconf 91' lang='lat'>:</span> <span class='ocrx_word' id='word_1_751' title='bbox 510 4375 603 4437; x_wconf 83' lang='lat' dir='ltr'>per</span> <span class='ocrx_word' id='word_1_752' title='bbox 625 4393 750 4438; x_wconf 88' lang='lat' dir='ltr'>quos</span> <span class='ocrx_word' id='word_1_753' title='bbox 775 4375 1102 4435; x_wconf 77' lang='lat' dir='ltr'>designantur</span> <span class='ocrx_word' id='word_1_754' title='bbox 1124 4377 1303 4431; x_wconf 74' lang='lat' dir='ltr'>Judaei,</span> <span class='ocrx_word' id='word_1_755' title='bbox 1339 4378 1428 4436; x_wconf 89' lang='lat' dir='ltr'>qui</span> <span class='ocrx_word' id='word_1_756' title='bbox 1450 4377 1689 4423; x_wconf 81' lang='lat' dir='ltr'>ﬂorebant</span> 
     </span>
    </p>
   </div>
   <div class='ocr_carea' id='block_1_100' title="bbox 82 4438 1686 4499">
    <p class='ocr_par' dir='ltr' id='par_1_100' title="bbox 82 4438 1686 4499">
     <span class='ocr_line' id='line_1_100' title="bbox 82 4438 1686 4499; baseline -0.003 -12"><span class='ocrx_word' id='word_1_757' title='bbox 82 4440 447 4498; x_wconf 88' lang='lat' dir='ltr'>temporalibus</span> <span class='ocrx_word' id='word_1_758' title='bbox 499 4441 662 4487; x_wconf 80' lang='lat' dir='ltr'>bonis.</span> <span class='ocrx_word' id='word_1_759' title='bbox 712 4444 800 4488; x_wconf 87' lang='lat' dir='ltr'>Per</span> <span class='ocrx_word' id='word_1_760' title='bbox 834 4442 950 4487; x_wconf 88' lang='lat' dir='ltr'>Saul</span> <span class='ocrx_word' id='word_1_761' title='bbox 976 4441 1283 4499; x_wconf 86' lang='lat' dir='ltr'>intelligitur</span> <span class='ocrx_word' id='word_1_762' title='bbox 1313 4453 1462 4486; x_wconf 90' lang='lat' dir='ltr'>mors.</span> <span class='ocrx_word' id='word_1_763' title='bbox 1500 4438 1686 4497; x_wconf 68' lang='lat' dir='ltr'>Ziphzei</span> 
     </span>
    </p>
   </div>
   <div class='ocr_carea' id='block_1_101' title="bbox 79 4501 1689 4561">
    <p class='ocr_par' dir='ltr' id='par_1_101' title="bbox 79 4501 1689 4561">
     <span class='ocr_line' id='line_1_101' title="bbox 79 4501 1689 4561; baseline -0.002 -11"><span class='ocrx_word' id='word_1_764' title='bbox 79 4516 199 4561; x_wconf 85' lang='lat' dir='ltr'>ergo</span> <span class='ocrx_word' id='word_1_765' title='bbox 239 4502 569 4560; x_wconf 85' lang='lat' dir='ltr'>prodiderunt</span> <span class='ocrx_word' id='word_1_766' title='bbox 614 4504 766 4549; x_wconf 87' lang='lat' dir='ltr'>David</span> <span class='ocrx_word' id='word_1_767' title='bbox 803 4504 959 4561; x_wconf 89' lang='lat' dir='ltr'>Sauli,</span> <span class='ocrx_word' id='word_1_768' title='bbox 1008 4504 1128 4561; x_wconf 88' lang='lat' dir='ltr'>quia</span> <span class='ocrx_word' id='word_1_769' title='bbox 1171 4501 1334 4547; x_wconf 68' lang='lat' dir='ltr'>Judazi</span> <span class='ocrx_word' id='word_1_770' title='bbox 1376 4501 1689 4548; x_wconf 88' lang='lat' dir='ltr'>tradiderunt</span> 
     </span>
    </p>
   </div>
   <div class='ocr_carea' id='block_1_102' title="bbox 1788 3220 3391 3284">
    <p class='ocr_par' dir='ltr' id='par_1_102' title="bbox 1788 3220 3391 3284">
     <span class='ocr_line' id='line_1_102' title="bbox 1788 3220 3391 3284; baseline -0.001 -15"><span class='ocrx_word' id='word_1_771' title='bbox 1788 3225 2125 3283; x_wconf 81' lang='lat' dir='ltr'>conspectum</span> <span class='ocrx_word' id='word_1_772' title='bbox 2140 3220 2385 3271; x_wconf 87' lang='lat' dir='ltr'>suum.Si</span> <span class='ocrx_word' id='word_1_773' title='bbox 2402 3220 2556 3271; x_wconf 90' lang='lat' dir='ltr'>enim</span> <span class='ocrx_word' id='word_1_774' title='bbox 2574 3222 3286 3284; x_wconf 85' lang='lat' dir='ltr'>cognovissent,numquam</span> <span class='ocrx_word' id='word_1_775' title='bbox 3300 3225 3391 3269; x_wconf 91' lang='lat' dir='ltr'>Do-</span> 
     </span>
    </p>
   </div>
   <div class='ocr_carea' id='block_1_103' title="bbox 1788 3290 3391 3355">
    <p class='ocr_par' dir='ltr' id='par_1_103' title="bbox 1788 3290 3391 3355">
     <span class='ocr_line' id='line_1_103' title="bbox 1788 3290 3391 3355; baseline 0.001 -14"><span class='ocrx_word' id='word_1_776' title='bbox 1788 3291 2011 3341; x_wconf 89' lang='lat' dir='ltr'>minum</span> <span class='ocrx_word' id='word_1_777' title='bbox 2038 3290 2237 3355; x_wconf 83' lang='lat' dir='ltr'>gloriae</span> <span class='ocrx_word' id='word_1_778' title='bbox 2266 3290 2773 3353; x_wconf 69' lang='lat' dir='ltr'>cruciﬁxissentﬂ.</span> <span class='ocrx_word' id='word_1_779' title='bbox 2805 3292 2923 3342; x_wconf 82' lang='lat' dir='ltr'>Cor.</span> <span class='ocrx_word' id='word_1_780' title='bbox 2942 3290 3029 3354; x_wconf 87' lang='grc'>2.).</span> <span class='ocrx_word' id='word_1_781' title='bbox 3050 3291 3181 3342; x_wconf 84' lang='lat' dir='ltr'>Fuit</span> <span class='ocrx_word' id='word_1_782' title='bbox 3196 3292 3391 3353; x_wconf 89' lang='lat' dir='ltr'>itaque</span> 
     </span>
    </p>
   </div>
   <div class='ocr_carea' id='block_1_104' title="bbox 1788 3360 3393 3424">
    <p class='ocr_par' dir='ltr' id='par_1_104' title="bbox 1788 3360 3393 3424">
     <span class='ocr_line' id='line_1_104' title="bbox 1788 3360 3393 3424; baseline -0.001 -12"><span class='ocrx_word' id='word_1_783' title='bbox 1788 3374 1995 3412; x_wconf 86' lang='lat' dir='ltr'>caussa</span> <span class='ocrx_word' id='word_1_784' title='bbox 2021 3361 2165 3412; x_wconf 90' lang='lat' dir='ltr'>tanti</span> <span class='ocrx_word' id='word_1_785' title='bbox 2189 3360 2409 3424; x_wconf 90' lang='lat' dir='ltr'>peccati</span> <span class='ocrx_word' id='word_1_786' title='bbox 2425 3361 2657 3412; x_wconf 61' lang='lat' dir='ltr'>caecitas</span> <span class='ocrx_word' id='word_1_787' title='bbox 2670 3361 2860 3412; x_wconf 91' lang='lat' dir='ltr'>cordis</span> <span class='ocrx_word' id='word_1_788' title='bbox 2873 3366 2927 3412; x_wconf 90' lang='lat' dir='ltr'>et</span> <span class='ocrx_word' id='word_1_789' title='bbox 2942 3361 3268 3413; x_wconf 78' lang='lat' dir='ltr'>infidelitas.</span> <span class='ocrx_word' id='word_1_790' title='bbox 3289 3364 3393 3411; x_wconf 77' lang='lat' dir='ltr'>Ca3-</span> 
     </span>
    </p>
   </div>
   <div class='ocr_carea' id='block_1_105' title="bbox 1789 3431 3390 3495">
    <p class='ocr_par' dir='ltr' id='par_1_105' title="bbox 1789 3431 3390 3495">
     <span class='ocr_line' id='line_1_105' title="bbox 1789 3431 3390 3495; baseline -0.003 -12"><span class='ocrx_word' id='word_1_791' title='bbox 1789 3432 1978 3483; x_wconf 90' lang='lat' dir='ltr'>citatis</span> <span class='ocrx_word' id='word_1_792' title='bbox 2002 3444 2138 3483; x_wconf 90' lang='lat' dir='ltr'>vero</span> <span class='ocrx_word' id='word_1_793' title='bbox 2165 3443 2376 3482; x_wconf 89' lang='lat' dir='ltr'>caussa</span> <span class='ocrx_word' id='word_1_794' title='bbox 2399 3431 2510 3482; x_wconf 88' lang='lat' dir='ltr'>fuit</span> <span class='ocrx_word' id='word_1_795' title='bbox 2528 3432 2812 3495; x_wconf 87' lang='lat' dir='ltr'>superbia.</span> <span class='ocrx_word' id='word_1_796' title='bbox 2836 3434 2939 3484; x_wconf 69' lang='lat' dir='ltr'>Vae</span> <span class='ocrx_word' id='word_1_797' title='bbox 2950 3432 3171 3483; x_wconf 91' lang='lat' dir='ltr'>homini</span> <span class='ocrx_word' id='word_1_798' title='bbox 3190 3431 3390 3492; x_wconf 86' lang='lat' dir='ltr'>illi,qui</span> 
     </span>
    </p>
   </div>
   <div class='ocr_carea' id='block_1_106' title="bbox 1787 3503 3389 3567">
    <p class='ocr_par' dir='ltr' id='par_1_106' title="bbox 1787 3503 3389 3567">
     <span class='ocr_line' id='line_1_106' title="bbox 1787 3503 3389 3567; baseline -0.001 -12"><span class='ocrx_word' id='word_1_799' title='bbox 1787 3516 1902 3555; x_wconf 92' lang='lat' dir='ltr'>non</span> <span class='ocrx_word' id='word_1_800' title='bbox 1936 3503 2098 3567; x_wconf 91' lang='lat' dir='ltr'>ponit</span> <span class='ocrx_word' id='word_1_801' title='bbox 2131 3506 2317 3554; x_wconf 91' lang='lat' dir='ltr'>Deum</span> <span class='ocrx_word' id='word_1_802' title='bbox 2338 3508 2472 3554; x_wconf 88' lang='lat' dir='ltr'>ante</span> <span class='ocrx_word' id='word_1_803' title='bbox 2496 3508 2867 3566; x_wconf 89' lang='lat' dir='ltr'>conspectum</span> <span class='ocrx_word' id='word_1_804' title='bbox 2894 3516 3081 3554; x_wconf 90' lang='lat' dir='ltr'>suum.</span> <span class='ocrx_word' id='word_1_805' title='bbox 3111 3504 3256 3553; x_wconf 88' lang='lat' dir='ltr'>Nam</span> <span class='ocrx_word' id='word_1_806' title='bbox 3281 3504 3389 3553; x_wconf 93' lang='lat' dir='ltr'>Do-</span> 
     </span>
    </p>
   </div>
   <div class='ocr_carea' id='block_1_107' title="bbox 1787 3571 3391 3641">
    <p class='ocr_par' dir='ltr' id='par_1_107' title="bbox 1787 3571 3391 3641">
     <span class='ocr_line' id='line_1_107' title="bbox 1787 3571 3391 3641; baseline -0.001 -16"><span class='ocrx_word' id='word_1_807' title='bbox 1787 3575 1983 3625; x_wconf 89' lang='lat' dir='ltr'>minus</span> <span class='ocrx_word' id='word_1_808' title='bbox 2019 3578 2110 3625; x_wconf 90' lang='lat' dir='ltr'>est</span> <span class='ocrx_word' id='word_1_809' title='bbox 2153 3572 2493 3625; x_wconf 89' lang='lat' dir='ltr'>illuminatio</span> <span class='ocrx_word' id='word_1_810' title='bbox 2526 3579 2743 3626; x_wconf 90' lang='lat' dir='ltr'>nostra.</span> <span class='ocrx_word' id='word_1_811' title='bbox 2774 3571 2946 3641; x_wconf 75' lang='lat'>265</span> <span class='ocrx_word' id='word_1_812' title='bbox 2973 3573 3210 3635; x_wconf 91' lang='lat' dir='ltr'>Quando</span> <span class='ocrx_word' id='word_1_813' title='bbox 3241 3573 3391 3624; x_wconf 90' lang='lat' dir='ltr'>enim</span> 
     </span>
    </p>
   </div>
   <div class='ocr_carea' id='block_1_108' title="bbox 1787 3643 3391 3709">
    <p class='ocr_par' dir='ltr' id='par_1_108' title="bbox 1787 3643 3391 3709">
     <span class='ocr_line' id='line_1_108' title="bbox 1787 3643 3391 3709; baseline -0.001 -12"><span class='ocrx_word' id='word_1_814' title='bbox 1787 3646 1961 3697; x_wconf 89' lang='lat' dir='ltr'>homo</span> <span class='ocrx_word' id='word_1_815' title='bbox 1986 3644 2274 3709; x_wconf 83' lang='lat' dir='ltr'>intelligit,</span> <span class='ocrx_word' id='word_1_816' title='bbox 2300 3644 2671 3696; x_wconf 89' lang='lat' dir='ltr'>illuminatur.</span> <span class='ocrx_word' id='word_1_817' title='bbox 2694 3645 2934 3706; x_wconf 88' lang='lat' dir='ltr'>Quando</span> <span class='ocrx_word' id='word_1_818' title='bbox 2952 3643 3269 3707; x_wconf 81' lang='lat' dir='ltr'>intelligere</span> <span class='ocrx_word' id='word_1_819' title='bbox 3291 3655 3391 3695; x_wconf 90' lang='lat' dir='ltr'>ne-</span> 
     </span>
    </p>
   </div>
   <div class='ocr_carea' id='block_1_109' title="bbox 1786 3716 3389 3781">
    <p class='ocr_par' dir='ltr' id='par_1_109' title="bbox 1786 3716 3389 3781">
     <span class='ocr_line' id='line_1_109' title="bbox 1786 3716 3389 3781; baseline -0.002 -13"><span class='ocrx_word' id='word_1_820' title='bbox 1786 3717 1969 3781; x_wconf 85' lang='lat' dir='ltr'>gligit,</span> <span class='ocrx_word' id='word_1_821' title='bbox 1996 3717 2335 3767; x_wconf 90' lang='lat' dir='ltr'>tenebratur</span> <span class='ocrx_word' id='word_1_822' title='bbox 2362 3733 2373 3764; x_wconf 92' lang='lat'>:</span> <span class='ocrx_word' id='word_1_823' title='bbox 2400 3719 2456 3767; x_wconf 91' lang='lat' dir='ltr'>et</span> <span class='ocrx_word' id='word_1_824' title='bbox 2479 3716 2561 3767; x_wconf 92' lang='lat' dir='ltr'>sic</span> <span class='ocrx_word' id='word_1_825' title='bbox 2584 3716 2785 3767; x_wconf 90' lang='lat' dir='ltr'>incidit</span> <span class='ocrx_word' id='word_1_826' title='bbox 2807 3717 2866 3767; x_wconf 91' lang='lat' dir='ltr'>in</span> <span class='ocrx_word' id='word_1_827' title='bbox 2891 3728 3140 3768; x_wconf 89' lang='lat' dir='ltr'>errorem</span> <span class='ocrx_word' id='word_1_828' title='bbox 3157 3727 3389 3766; x_wconf 89' lang='lat' dir='ltr'>omnem</span> 
     </span>
    </p>
   </div>
   <div class='ocr_carea' id='block_1_110' title="bbox 1788 3787 3390 3852">
    <p class='ocr_par' dir='ltr' id='par_1_110' title="bbox 1788 3787 3390 3852">
     <span class='ocr_line' id='line_1_110' title="bbox 1788 3787 3390 3852; baseline -0.002 -12"><span class='ocrx_word' id='word_1_829' title='bbox 1788 3794 1845 3840; x_wconf 91' lang='lat' dir='ltr'>ct</span> <span class='ocrx_word' id='word_1_830' title='bbox 1882 3788 2267 3852; x_wconf 86' lang='lat' dir='ltr'>iniquitatem.</span> <span class='ocrx_word' id='word_1_831' title='bbox 2310 3788 2412 3837; x_wconf 91' lang='lat' dir='ltr'>Isti</span> <span class='ocrx_word' id='word_1_832' title='bbox 2452 3790 2590 3839; x_wconf 86' lang='lat' dir='ltr'>sunt</span> <span class='ocrx_word' id='word_1_833' title='bbox 2619 3787 2806 3849; x_wconf 89' lang='lat' dir='ltr'>alieni,</span> <span class='ocrx_word' id='word_1_834' title='bbox 2832 3787 2931 3850; x_wconf 91' lang='lat' dir='ltr'>qui</span> <span class='ocrx_word' id='word_1_835' title='bbox 2966 3790 3390 3850; x_wconf 89' lang='lat' dir='ltr'>persequuntur</span> 
     </span>
    </p>
   </div>
   <div class='ocr_carea' id='block_1_111' title="bbox 1787 3856 3390 3924">
    <p class='ocr_par' dir='ltr' id='par_1_111' title="bbox 1787 3856 3390 3924">
     <span class='ocr_line' id='line_1_111' title="bbox 1787 3856 3390 3924; baseline -0.001 -13"><span class='ocrx_word' id='word_1_836' title='bbox 1787 3873 1996 3924; x_wconf 89' lang='lat' dir='ltr'>corpus</span> <span class='ocrx_word' id='word_1_837' title='bbox 2043 3858 2278 3911; x_wconf 76' lang='lat' dir='ltr'>Christi.</span> <span class='ocrx_word' id='word_1_838' title='bbox 2306 3860 2430 3910; x_wconf 91' lang='lat' dir='ltr'>Non</span> <span class='ocrx_word' id='word_1_839' title='bbox 2462 3860 2615 3911; x_wconf 92' lang='lat' dir='ltr'>enim</span> <span class='ocrx_word' id='word_1_840' title='bbox 2643 3863 2782 3911; x_wconf 91' lang='lat' dir='ltr'>sunt</span> <span class='ocrx_word' id='word_1_841' title='bbox 2808 3871 2842 3910; x_wconf 90' lang='lat' dir='ltr'>a</span> <span class='ocrx_word' id='word_1_842' title='bbox 2866 3861 3003 3922; x_wconf 90' lang='lat' dir='ltr'>Deo,</span> <span class='ocrx_word' id='word_1_843' title='bbox 3031 3856 3133 3909; x_wconf 90' lang='lat' dir='ltr'>sed</span> <span class='ocrx_word' id='word_1_844' title='bbox 3162 3869 3196 3909; x_wconf 92' lang='lat' dir='ltr'>a</span> <span class='ocrx_word' id='word_1_845' title='bbox 3225 3858 3390 3909; x_wconf 86' lang='lat' dir='ltr'>Patre</span> 
     </span>
    </p>
   </div>
   <div class='ocr_carea' id='block_1_112' title="bbox 1788 3928 3390 3993">
    <p class='ocr_par' dir='ltr' id='par_1_112' title="bbox 1788 3928 3390 3993">
     <span class='ocr_line' id='line_1_112' title="bbox 1788 3928 3390 3993; baseline -0.002 -11"><span class='ocrx_word' id='word_1_846' title='bbox 1788 3930 2012 3982; x_wconf 90' lang='lat' dir='ltr'>diabolo</span> <span class='ocrx_word' id='word_1_847' title='bbox 2029 3931 2210 3991; x_wconf 87' lang='lat' dir='ltr'>(Joan.</span> <span class='ocrx_word' id='word_1_848' title='bbox 2241 3928 2334 3993; x_wconf 89' lang='lat'>8.).</span> <span class='ocrx_word' id='word_1_849' title='bbox 2360 3930 2474 3993; x_wconf 89' lang='lat' dir='ltr'>Ipsi</span> <span class='ocrx_word' id='word_1_850' title='bbox 2496 3943 2588 3981; x_wconf 91' lang='lat' dir='ltr'>me</span> <span class='ocrx_word' id='word_1_851' title='bbox 2611 3943 2730 3982; x_wconf 90' lang='lat' dir='ltr'>non</span> <span class='ocrx_word' id='word_1_852' title='bbox 2752 3930 3163 3982; x_wconf 82' lang='lat' dir='ltr'>intellexerunt</span> <span class='ocrx_word' id='word_1_853' title='bbox 3183 3930 3390 3991; x_wconf 91' lang='lat' dir='ltr'>Deum;</span> 
     </span>
    </p>
   </div>
   <div class='ocr_carea' id='block_1_113' title="bbox 1789 4001 3389 4065">
    <p class='ocr_par' dir='ltr' id='par_1_113' title="bbox 1789 4001 3389 4065">
     <span class='ocr_line' id='line_1_113' title="bbox 1789 4001 3389 4065; baseline -0.002 -12"><span class='ocrx_word' id='word_1_854' title='bbox 1789 4003 1891 4053; x_wconf 90' lang='lat' dir='ltr'>sed</span> <span class='ocrx_word' id='word_1_855' title='bbox 1932 4014 2066 4053; x_wconf 88' lang='lat' dir='ltr'>ecce</span> <span class='ocrx_word' id='word_1_856' title='bbox 2100 4002 2161 4051; x_wconf 90' lang='lat' dir='ltr'>in</span> <span class='ocrx_word' id='word_1_857' title='bbox 2212 4001 2520 4053; x_wconf 86' lang='lat' dir='ltr'>manifesto</span> <span class='ocrx_word' id='word_1_858' title='bbox 2556 4006 2808 4065; x_wconf 89' lang='lat' dir='ltr'>apparet,</span> <span class='ocrx_word' id='word_1_859' title='bbox 2846 4001 2983 4064; x_wconf 89' lang='lat' dir='ltr'>quia</span> <span class='ocrx_word' id='word_1_860' title='bbox 3017 4012 3222 4053; x_wconf 88' lang='lat' dir='ltr'>revera</span> <span class='ocrx_word' id='word_1_861' title='bbox 3259 4012 3389 4051; x_wconf 91' lang='lat' dir='ltr'>sum</span> 
     </span>
    </p>
   </div>
   <div class='ocr_carea' id='block_1_114' title="bbox 1787 4075 1960 4125">
    <p class='ocr_par' dir='ltr' id='par_1_114' title="bbox 1787 4075 1960 4125">
     <span class='ocr_line' id='line_1_114' title="bbox 1787 4075 1960 4125; baseline -0.023 -1"><span class='ocrx_word' id='word_1_862' title='bbox 1787 4075 1960 4125; x_wconf 90' lang='lat' dir='ltr'>Deus.</span> 
     </span>
    </p>
   </div>
   <div class='ocr_carea' id='block_1_115' title="bbox 1850 4140 3391 4205">
    <p class='ocr_par' dir='ltr' id='par_1_115' title="bbox 1850 4140 3391 4205">
     <span class='ocr_line' id='line_1_115' title="bbox 1850 4140 3391 4205; baseline -0.001 -11"><span class='ocrx_word' id='word_1_863' title='bbox 1850 4143 1901 4197; x_wconf 87' lang='lat'>6.</span> <span class='ocrx_word' id='word_1_864' title='bbox 1949 4143 2079 4191; x_wconf 84' lang='lat' dir='ltr'>Ecce</span> <span class='ocrx_word' id='word_1_865' title='bbox 2120 4141 2267 4191; x_wconf 83' lang='lat' dir='ltr'>enim</span> <span class='ocrx_word' id='word_1_866' title='bbox 2309 4141 2469 4205; x_wconf 86' lang='lat' dir='ltr'>Deus,</span> <span class='ocrx_word' id='word_1_867' title='bbox 2507 4142 2670 4194; x_wconf 89' lang='lat' dir='ltr'>Pater</span> <span class='ocrx_word' id='word_1_868' title='bbox 2719 4140 3040 4193; x_wconf 90' lang='lat' dir='ltr'>secundum</span> <span class='ocrx_word' id='word_1_869' title='bbox 3085 4141 3240 4205; x_wconf 90' lang='lat' dir='ltr'>quod</span> <span class='ocrx_word' id='word_1_870' title='bbox 3284 4154 3391 4205; x_wconf 88' lang='lat' dir='ltr'>ego</span> 
     </span>
    </p>
   </div>
   <div class='ocr_carea' id='block_1_116' title="bbox 1785 4212 3391 4276">
    <p class='ocr_par' dir='ltr' id='par_1_116' title="bbox 1785 4212 3391 4276">
     <span class='ocr_line' id='line_1_116' title="bbox 1785 4212 3391 4276; baseline -0.004 -10"><span class='ocrx_word' id='word_1_871' title='bbox 1785 4215 1961 4266; x_wconf 89' lang='lat' dir='ltr'>homo</span> <span class='ocrx_word' id='word_1_872' title='bbox 1985 4225 2138 4271; x_wconf 91' lang='lat' dir='ltr'>sum,</span> <span class='ocrx_word' id='word_1_873' title='bbox 2161 4212 2389 4274; x_wconf 78' lang='lat' dir='ltr'>adjuvat</span> <span class='ocrx_word' id='word_1_874' title='bbox 2407 4227 2507 4274; x_wconf 91' lang='lat' dir='ltr'>me,</span> <span class='ocrx_word' id='word_1_875' title='bbox 2534 4212 2594 4263; x_wconf 92' lang='lat' dir='ltr'>in</span> <span class='ocrx_word' id='word_1_876' title='bbox 2617 4213 2992 4276; x_wconf 89' lang='lat' dir='ltr'>passione,ne</span> <span class='ocrx_word' id='word_1_877' title='bbox 3016 4212 3279 4263; x_wconf 81' lang='lat' dir='ltr'>deﬁciam</span> <span class='ocrx_word' id='word_1_878' title='bbox 3307 4228 3318 4262; x_wconf 90' lang='lat'>:</span> <span class='ocrx_word' id='word_1_879' title='bbox 3346 4218 3391 4260; x_wconf 82' lang='lat' dir='ltr'>el</span> 
     </span>
    </p>
   </div>
   <div class='ocr_carea' id='block_1_117' title="bbox 1786 4282 3390 4347">
    <p class='ocr_par' dir='ltr' id='par_1_117' title="bbox 1786 4282 3390 4347">
     <span class='ocr_line' id='line_1_117' title="bbox 1786 4282 3390 4347; baseline -0.001 -12"><span class='ocrx_word' id='word_1_880' title='bbox 1786 4284 2070 4345; x_wconf 85' lang='lat' dir='ltr'>Dominus,</span> <span class='ocrx_word' id='word_1_881' title='bbox 2104 4282 2285 4333; x_wconf 88' lang='lat' dir='ltr'>Filius</span> <span class='ocrx_word' id='word_1_882' title='bbox 2313 4284 2458 4346; x_wconf 88' lang='lat' dir='ltr'>ejus,</span> <span class='ocrx_word' id='word_1_883' title='bbox 2489 4289 2756 4347; x_wconf 83' lang='lat' dir='ltr'>susceptor</span> <span class='ocrx_word' id='word_1_884' title='bbox 2774 4289 2843 4332; x_wconf 82' lang='lat' dir='ltr'>est</span> <span class='ocrx_word' id='word_1_885' title='bbox 2861 4283 3060 4332; x_wconf 71' lang='lat' dir='ltr'>anima:</span> <span class='ocrx_word' id='word_1_886' title='bbox 3078 4297 3220 4331; x_wconf 69' lang='lat' dir='ltr'>mcaz.</span> <span class='ocrx_word' id='word_1_887' title='bbox 3250 4283 3390 4333; x_wconf 90' lang='lat' dir='ltr'>Sus-</span> 
     </span>
    </p>
   </div>
   <div class='ocr_carea' id='block_1_118' title="bbox 1787 4352 3391 4420">
    <p class='ocr_par' dir='ltr' id='par_1_118' title="bbox 1787 4352 3391 4420">
     <span class='ocr_line' id='line_1_118' title="bbox 1787 4352 3391 4420; baseline -0.001 -14"><span class='ocrx_word' id='word_1_888' title='bbox 1787 4355 2004 4420; x_wconf 91' lang='lat' dir='ltr'>cipiens</span> <span class='ocrx_word' id='word_1_889' title='bbox 2029 4366 2157 4405; x_wconf 90' lang='lat' dir='ltr'>eam</span> <span class='ocrx_word' id='word_1_890' title='bbox 2186 4353 2298 4404; x_wconf 89' lang='lat' dir='ltr'>sibi</span> <span class='ocrx_word' id='word_1_891' title='bbox 2322 4354 2380 4403; x_wconf 91' lang='lat' dir='ltr'>in</span> <span class='ocrx_word' id='word_1_892' title='bbox 2404 4354 2623 4404; x_wconf 88' lang='lat' dir='ltr'>unitate</span> <span class='ocrx_word' id='word_1_893' title='bbox 2640 4366 2923 4417; x_wconf 71' lang='lat' dir='ltr'>personas.</span> <span class='ocrx_word' id='word_1_894' title='bbox 2952 4352 3055 4403; x_wconf 87' lang='lat' dir='ltr'>Vel</span> <span class='ocrx_word' id='word_1_895' title='bbox 3082 4355 3391 4415; x_wconf 89' lang='lat' dir='ltr'>susceptor</span> 
     </span>
    </p>
   </div>
   <div class='ocr_carea' id='block_1_119' title="bbox 1788 4424 3388 4487">
    <p class='ocr_par' dir='ltr' id='par_1_119' title="bbox 1788 4424 3388 4487">
     <span class='ocr_line' id='line_1_119' title="bbox 1788 4424 3388 4487; baseline -0.006 -9"><span class='ocrx_word' id='word_1_896' title='bbox 1788 4426 1999 4479; x_wconf 60' lang='lat' dir='ltr'>animus</span> <span class='ocrx_word' id='word_1_897' title='bbox 2024 4437 2192 4483; x_wconf 71' lang='lat' dir='ltr'>meaa,</span> <span class='ocrx_word' id='word_1_898' title='bbox 2220 4424 2354 4486; x_wconf 89' lang='lat' dir='ltr'>quia</span> <span class='ocrx_word' id='word_1_899' title='bbox 2376 4429 2507 4487; x_wconf 88' lang='lat' dir='ltr'>post</span> <span class='ocrx_word' id='word_1_900' title='bbox 2521 4424 2851 4487; x_wconf 89' lang='lat' dir='ltr'>passionem</span> <span class='ocrx_word' id='word_1_901' title='bbox 2871 4424 3057 4484; x_wconf 89' lang='lat' dir='ltr'>inqua</span> <span class='ocrx_word' id='word_1_902' title='bbox 3070 4434 3162 4473; x_wconf 93' lang='lat' dir='ltr'>me</span> <span class='ocrx_word' id='word_1_903' title='bbox 3174 4425 3388 4480; x_wconf 86' lang='lat' dir='ltr'>audivit,</span> 
     </span>
    </p>
   </div>
   <div class='ocr_carea' id='block_1_120' title="bbox 1787 4493 3387 4558">
    <p class='ocr_par' dir='ltr' id='par_1_120' title="bbox 1787 4493 3387 4558">
     <span class='ocr_line' id='line_1_120' title="bbox 1787 4493 3387 4558; baseline -0.003 -10"><span class='ocrx_word' id='word_1_904' title='bbox 1787 4498 2041 4549; x_wconf 87' lang='lat' dir='ltr'>animam</span> <span class='ocrx_word' id='word_1_905' title='bbox 2075 4507 2267 4546; x_wconf 90' lang='lat' dir='ltr'>meam</span> <span class='ocrx_word' id='word_1_906' title='bbox 2302 4495 2362 4545; x_wconf 89' lang='lat' dir='ltr'>in</span> <span class='ocrx_word' id='word_1_907' title='bbox 2383 4494 2564 4557; x_wconf 89' lang='lat' dir='ltr'>gloria</span> <span class='ocrx_word' id='word_1_908' title='bbox 2587 4495 2863 4558; x_wconf 91' lang='lat' dir='ltr'>suscepit.</span> <span class='ocrx_word' id='word_1_909' title='bbox 2896 4494 3016 4543; x_wconf 82' lang='lat' dir='ltr'>Hoc</span> <span class='ocrx_word' id='word_1_910' title='bbox 3036 4493 3387 4555; x_wconf 89' lang='lat' dir='ltr'>adjutorium</span> 
     </span>
    </p>
   </div>
   <div class='ocr_carea' id='block_1_121' title="bbox 79 4561 3385 4634">
    <p class='ocr_par' dir='ltr' id='par_1_121' title="bbox 79 4561 3385 4634">
     <span class='ocr_line' id='line_1_121' title="bbox 79 4561 3385 4634; baseline -0.005 -8"><span class='ocrx_word' id='word_1_911' title='bbox 79 4564 339 4634; x_wconf 54' lang='lat' dir='ltr'>Christum</span> <span class='ocrx_word' id='word_1_912' title='bbox 378 4565 523 4634; x_wconf 73' lang='grc' dir='ltr'>ωρτιί</span> <span class='ocrx_word' id='word_1_913' title='bbox 558 4564 767 4634; x_wconf 67' lang='grc' dir='ltr'>(Μαζιη-</span> <span class='ocrx_word' id='word_1_914' title='bbox 799 4564 1032 4634; x_wconf 67' lang='grc' dir='ltr'>25-)-,Ρθι“</span> <span class='ocrx_word' id='word_1_915' title='bbox 1056 4566 1281 4634; x_wconf 58' lang='grc' dir='ltr'>ζίριξξθοε</span> <span class='ocrx_word' id='word_1_916' title='bbox 1314 4565 1460 4611; x_wconf 64' lang='lat' dir='ltr'>etiam</span> <span class='ocrx_word' id='word_1_917' title='bbox 1486 4564 1679 4634; x_wconf 64' lang='lat' dir='ltr'>intelli-</span> <span class='ocrx_word' id='word_1_918' title='bbox 1706 4561 1763 4633; x_wconf 91' lang='lat' dir='ltr'>D</span> <span class='ocrx_word' id='word_1_919' title='bbox 1788 4568 2068 4634; x_wconf 91' lang='lat' dir='ltr'>promittit</span> <span class='ocrx_word' id='word_1_920' title='bbox 2084 4566 2427 4619; x_wconf 87' lang='lat' dir='ltr'>etmembris</span> <span class='ocrx_word' id='word_1_921' title='bbox 2453 4566 2594 4626; x_wconf 89' lang='lat' dir='ltr'>suis,</span> <span class='ocrx_word' id='word_1_922' title='bbox 2614 4565 2711 4616; x_wconf 89' lang='lat' dir='ltr'>ubi</span> <span class='ocrx_word' id='word_1_923' title='bbox 2723 4565 2829 4615; x_wconf 85' lang='lat' dir='ltr'>ait:</span> <span class='ocrx_word' id='word_1_924' title='bbox 2856 4565 2996 4634; x_wconf 86' lang='lat' dir='ltr'>Ecce</span> <span class='ocrx_word' id='word_1_925' title='bbox 3008 4576 3114 4626; x_wconf 85' lang='lat' dir='ltr'>ego</span> <span class='ocrx_word' id='word_1_926' title='bbox 3130 4565 3385 4634; x_wconf 68' lang='lat' dir='ltr'>vobiscum</span> 
     </span>
    </p>
   </div>
   <div class='ocr_carea' id='block_1_122' title="bbox 80 4627 1680 4687">
    <p class='ocr_par' dir='ltr' id='par_1_122' title="bbox 80 4627 1680 4687">
     <span class='ocr_line' id='line_1_122' title="bbox 80 4627 1680 4687; baseline -0.001 -14"><span class='ocrx_word' id='word_1_927' title='bbox 80 4632 279 4687; x_wconf 85' lang='lat' dir='ltr'>guntur</span> <span class='ocrx_word' id='word_1_928' title='bbox 316 4630 562 4675; x_wconf 81' lang='lat' dir='ltr'>amatores</span> <span class='ocrx_word' id='word_1_929' title='bbox 600 4628 755 4686; x_wconf 89' lang='lat' dir='ltr'>hujus</span> <span class='ocrx_word' id='word_1_930' title='bbox 778 4627 977 4687; x_wconf 89' lang='lat' dir='ltr'>mundi,</span> <span class='ocrx_word' id='word_1_931' title='bbox 1002 4628 1091 4686; x_wconf 91' lang='lat' dir='ltr'>qui</span> <span class='ocrx_word' id='word_1_932' title='bbox 1115 4627 1280 4672; x_wconf 86' lang='lat' dir='ltr'>adhuc</span> <span class='ocrx_word' id='word_1_933' title='bbox 1313 4630 1680 4685; x_wconf 87' lang='lat' dir='ltr'>persequuntur</span> 
     </span>
    </p>
   </div>
   <div class='ocr_carea' id='block_1_123' title="bbox 80 4689 1681 4748">
    <p class='ocr_par' dir='ltr' id='par_1_123' title="bbox 80 4689 1681 4748">
     <span class='ocr_line' id='line_1_123' title="bbox 80 4689 1681 4748; baseline -0.002 -12"><span class='ocrx_word' id='word_1_934' title='bbox 80 4701 270 4748; x_wconf 90' lang='lat' dir='ltr'>corpus</span> <span class='ocrx_word' id='word_1_935' title='bbox 294 4689 497 4737; x_wconf 88' lang='lat' dir='ltr'>Christi.</span> <span class='ocrx_word' id='word_1_936' title='bbox 540 4690 739 4737; x_wconf 81' lang='lat' dir='ltr'>Materia</span> <span class='ocrx_word' id='word_1_937' title='bbox 762 4691 917 4746; x_wconf 87' lang='lat' dir='ltr'>hujus</span> <span class='ocrx_word' id='word_1_938' title='bbox 946 4689 1127 4747; x_wconf 90' lang='lat' dir='ltr'>psalmi</span> <span class='ocrx_word' id='word_1_939' title='bbox 1150 4694 1222 4735; x_wconf 87' lang='lat' dir='ltr'>est</span> <span class='ocrx_word' id='word_1_940' title='bbox 1244 4694 1391 4746; x_wconf 87' lang='lat' dir='ltr'>caput</span> <span class='ocrx_word' id='word_1_941' title='bbox 1413 4694 1457 4734; x_wconf 89' lang='lat' dir='ltr'>et</span> <span class='ocrx_word' id='word_1_942' title='bbox 1481 4700 1681 4746; x_wconf 88' lang='lat' dir='ltr'>corpus,</span> 
     </span>
    </p>
   </div>
   <div class='ocr_carea' id='block_1_124' title="bbox 80 4750 1686 4809">
    <p class='ocr_par' dir='ltr' id='par_1_124' title="bbox 80 4750 1686 4809">
     <span class='ocr_line' id='line_1_124' title="bbox 80 4750 1686 4809; baseline -0.001 -12"><span class='ocrx_word' id='word_1_943' title='bbox 80 4753 217 4798; x_wconf 88' lang='lat' dir='ltr'>inter</span> <span class='ocrx_word' id='word_1_944' title='bbox 242 4750 448 4809; x_wconf 88' lang='lat' dir='ltr'>iniquos</span> <span class='ocrx_word' id='word_1_945' title='bbox 474 4753 800 4800; x_wconf 87' lang='lat' dir='ltr'>constitutum</span> <span class='ocrx_word' id='word_1_946' title='bbox 827 4757 873 4799; x_wconf 90' lang='lat' dir='ltr'>et</span> <span class='ocrx_word' id='word_1_947' title='bbox 898 4752 1155 4799; x_wconf 77' lang='lat' dir='ltr'>amictum.</span> <span class='ocrx_word' id='word_1_948' title='bbox 1171 4754 1222 4797; x_wconf 93' lang='lat' dir='ltr'>In</span> <span class='ocrx_word' id='word_1_949' title='bbox 1236 4751 1543 4809; x_wconf 87' lang='lat' dir='ltr'>primaparte</span> <span class='ocrx_word' id='word_1_950' title='bbox 1559 4750 1686 4807; x_wconf 85' lang='lat' dir='ltr'>psal-</span> 
     </span>
    </p>
   </div>
   <div class='ocr_carea' id='block_1_125' title="bbox 90 4816 1685 4887">
    <p class='ocr_par' dir='ltr' id='par_1_125' title="bbox 90 4816 1685 4887">
     <span class='ocr_line' id='line_1_125' title="bbox 90 4816 1685 4887; baseline -0.001 -17"><span class='ocrx_word' id='word_1_951' title='bbox 90 4824 162 4870; x_wconf 92' lang='lat' dir='ltr'>mi</span> <span class='ocrx_word' id='word_1_952' title='bbox 210 4826 319 4868; x_wconf 88' lang='lat' dir='ltr'>orat</span> <span class='ocrx_word' id='word_1_953' title='bbox 344 4835 396 4869; x_wconf 87' lang='lat' dir='ltr'>se</span> <span class='ocrx_word' id='word_1_954' title='bbox 418 4824 478 4869; x_wconf 86' lang='lat' dir='ltr'>ab</span> <span class='ocrx_word' id='word_1_955' title='bbox 502 4824 701 4884; x_wconf 88' lang='lat' dir='ltr'>alienis,</span> <span class='ocrx_word' id='word_1_956' title='bbox 726 4838 753 4870; x_wconf 78' lang='grc' dir='ltr'>α</span> <span class='ocrx_word' id='word_1_957' title='bbox 770 4823 957 4883; x_wconf 86' lang='lat' dir='ltr'>quibus</span> <span class='ocrx_word' id='word_1_958' title='bbox 978 4822 1235 4882; x_wconf 81' lang='lat' dir='ltr'>aﬂligitur,</span> <span class='ocrx_word' id='word_1_959' title='bbox 1262 4821 1480 4869; x_wconf 89' lang='lat' dir='ltr'>liberari.</span> 
     </span>
    </p>
   </div>
   <div class='ocr_carea' id='block_1_126' title="bbox 82 4892 1685 4951">
    <p class='ocr_par' dir='ltr' id='par_1_126' title="bbox 82 4892 1685 4951">
     <span class='ocr_line' id='line_1_126' title="bbox 82 4892 1685 4951; baseline -0.002 -11"><span class='ocrx_word' id='word_1_960' title='bbox 82 4896 137 4941; x_wconf 92' lang='lat' dir='ltr'>In</span> <span class='ocrx_word' id='word_1_961' title='bbox 168 4892 355 4939; x_wconf 88' lang='lat' dir='ltr'>ultima</span> <span class='ocrx_word' id='word_1_962' title='bbox 378 4899 513 4951; x_wconf 85' lang='lat' dir='ltr'>parte</span> <span class='ocrx_word' id='word_1_963' title='bbox 537 4895 752 4942; x_wconf 89' lang='lat' dir='ltr'>ostendit</span> <span class='ocrx_word' id='word_1_964' title='bbox 776 4908 859 4941; x_wconf 88' lang='lat' dir='ltr'>cos</span> <span class='ocrx_word' id='word_1_965' title='bbox 883 4894 1149 4951; x_wconf 83' lang='lat' dir='ltr'>dispersos,</span> <span class='ocrx_word' id='word_1_966' title='bbox 1181 4906 1233 4939; x_wconf 87' lang='lat' dir='ltr'>se</span> <span class='ocrx_word' id='word_1_967' title='bbox 1255 4898 1417 4939; x_wconf 86' lang='lat' dir='ltr'>autem</span> <span class='ocrx_word' id='word_1_968' title='bbox 1457 4905 1513 4939; x_wconf 83' lang='lat' dir='ltr'>cx</span> <span class='ocrx_word' id='word_1_969' title='bbox 1548 4893 1685 4937; x_wconf 88' lang='lat' dir='ltr'>omni</span> 
     </span>
    </p>
   </div>
   <div class='ocr_carea' id='block_1_127' title="bbox 83 4955 1688 5017">
    <p class='ocr_par' dir='ltr' id='par_1_127' title="bbox 83 4955 1688 5017">
     <span class='ocr_line' id='line_1_127' title="bbox 83 4955 1688 5017; baseline -0.001 -15"><span class='ocrx_word' id='word_1_970' title='bbox 83 4955 417 5002; x_wconf 89' lang='lat' dir='ltr'>tribulatione</span> <span class='ocrx_word' id='word_1_971' title='bbox 440 4957 589 5017; x_wconf 87' lang='lat' dir='ltr'>eripi,</span> <span class='ocrx_word' id='word_1_972' title='bbox 614 4962 661 5003; x_wconf 90' lang='lat' dir='ltr'>et</span> <span class='ocrx_word' id='word_1_973' title='bbox 681 4970 831 5017; x_wconf 86' lang='lat' dir='ltr'>super</span> <span class='ocrx_word' id='word_1_974' title='bbox 854 4956 1087 5003; x_wconf 82' lang='lat' dir='ltr'>inimicos</span> <span class='ocrx_word' id='word_1_975' title='bbox 1112 4969 1228 5001; x_wconf 88' lang='lat' dir='ltr'>suos</span> <span class='ocrx_word' id='word_1_976' title='bbox 1245 4955 1469 5003; x_wconf 81' lang='lat' dir='ltr'>exaltari.</span> <span class='ocrx_word' id='word_1_977' title='bbox 1498 4957 1688 5001; x_wconf 80' lang='lat' dir='ltr'>Hocer-</span> 
     </span>
    </p>
   </div>
   <div class='ocr_carea' id='block_1_128' title="bbox 84 5018 1687 5077">
    <p class='ocr_par' dir='ltr' id='par_1_128' title="bbox 84 5018 1687 5077">
     <span class='ocr_line' id='line_1_128' title="bbox 84 5018 1687 5077; baseline -0.002 -13"><span class='ocrx_word' id='word_1_978' title='bbox 84 5032 148 5077; x_wconf 88' lang='lat' dir='ltr'>go</span> <span class='ocrx_word' id='word_1_979' title='bbox 174 5018 398 5064; x_wconf 89' lang='lat' dir='ltr'>nobisin</span> <span class='ocrx_word' id='word_1_980' title='bbox 427 5019 520 5065; x_wconf 91' lang='lat' dir='ltr'>hoc</span> <span class='ocrx_word' id='word_1_981' title='bbox 543 5019 736 5077; x_wconf 87' lang='lat' dir='ltr'>psalmo</span> <span class='ocrx_word' id='word_1_982' title='bbox 758 5019 1145 5077; x_wconf 89' lang='lat' dir='ltr'>intelligendum</span> <span class='ocrx_word' id='word_1_983' title='bbox 1172 5018 1539 5076; x_wconf 86' lang='lat' dir='ltr'>proponitur,ut</span> <span class='ocrx_word' id='word_1_984' title='bbox 1562 5029 1687 5077; x_wconf 88' lang='lat' dir='ltr'>que-</span> 
     </span>
    </p>
   </div>
   <div class='ocr_carea' id='block_1_129' title="bbox 78 5076 1684 5140">
    <p class='ocr_par' dir='ltr' id='par_1_129' title="bbox 78 5076 1684 5140">
     <span class='ocr_line' id='line_1_129' title="bbox 78 5076 1684 5140; baseline 0.001 -14"><span class='ocrx_word' id='word_1_985' title='bbox 78 5080 405 5127; x_wconf 86' lang='lat' dir='ltr'>madmodum</span> <span class='ocrx_word' id='word_1_986' title='bbox 440 5076 601 5128; x_wconf 77' lang='lat' dir='ltr'>Filius</span> <span class='ocrx_word' id='word_1_987' title='bbox 636 5076 1005 5127; x_wconf 23' lang='lat' dir='ltr'>voluntarie’se</span> <span class='ocrx_word' id='word_1_988' title='bbox 1026 5080 1157 5127; x_wconf 87' lang='lat' dir='ltr'>Patri</span> <span class='ocrx_word' id='word_1_989' title='bbox 1189 5080 1371 5125; x_wconf 89' lang='lat' dir='ltr'>obtulit</span> <span class='ocrx_word' id='word_1_990' title='bbox 1392 5076 1565 5140; x_wconf 76' lang='lat' dir='ltr'>(Hebr.</span> <span class='ocrx_word' id='word_1_991' title='bbox 1596 5076 1684 5140; x_wconf 82' lang='lat'>9.),</span> 
     </span>
    </p>
   </div>
   <div class='ocr_carea' id='block_1_130' title="bbox 77 5140 1688 5202">
    <p class='ocr_par' dir='ltr' id='par_1_130' title="bbox 77 5140 1688 5202">
     <span class='ocr_line' id='line_1_130' title="bbox 77 5140 1688 5202; baseline -0.001 -14"><span class='ocrx_word' id='word_1_992' title='bbox 77 5147 125 5188; x_wconf 90' lang='lat' dir='ltr'>et</span> <span class='ocrx_word' id='word_1_993' title='bbox 150 5155 256 5188; x_wconf 89' lang='lat' dir='ltr'>non</span> <span class='ocrx_word' id='word_1_994' title='bbox 282 5156 370 5201; x_wconf 90' lang='lat' dir='ltr'>pro</span> <span class='ocrx_word' id='word_1_995' title='bbox 395 5143 555 5190; x_wconf 85' lang='lat' dir='ltr'>salute</span> <span class='ocrx_word' id='word_1_996' title='bbox 579 5144 836 5202; x_wconf 72' lang='lat' dir='ltr'>prtesenti,</span> <span class='ocrx_word' id='word_1_997' title='bbox 861 5143 943 5189; x_wconf 88' lang='lat' dir='ltr'>sed</span> <span class='ocrx_word' id='word_1_998' title='bbox 971 5155 1060 5201; x_wconf 85' lang='lat' dir='ltr'>pro</span> <span class='ocrx_word' id='word_1_999' title='bbox 1084 5141 1251 5189; x_wconf 84' lang='lat' dir='ltr'>futura</span> <span class='ocrx_word' id='word_1_1000' title='bbox 1267 5143 1454 5188; x_wconf 84' lang='lat' dir='ltr'>Patrem</span> <span class='ocrx_word' id='word_1_1001' title='bbox 1472 5140 1688 5199; x_wconf 86' lang='lat' dir='ltr'>postula-</span> 
     </span>
    </p>
   </div>
   <div class='ocr_carea' id='block_1_131' title="bbox 76 5203 1685 5266">
    <p class='ocr_par' dir='ltr' id='par_1_131' title="bbox 76 5203 1685 5266">
     <span class='ocr_line' id='line_1_131' title="bbox 76 5203 1685 5266; baseline 0.001 -19"><span class='ocrx_word' id='word_1_1002' title='bbox 76 5205 151 5250; x_wconf 88' lang='lat' dir='ltr'>vit</span> <span class='ocrx_word' id='word_1_1003' title='bbox 177 5203 356 5262; x_wconf 81' lang='lat' dir='ltr'>(Joan.</span> <span class='ocrx_word' id='word_1_1004' title='bbox 386 5205 482 5266; x_wconf 82' lang='lat' dir='ltr'>l7.)</span> <span class='ocrx_word' id='word_1_1005' title='bbox 507 5220 518 5254; x_wconf 91' lang='lat'>:</span> <span class='ocrx_word' id='word_1_1006' title='bbox 547 5206 614 5252; x_wconf 88' lang='lat' dir='ltr'>ita</span> <span class='ocrx_word' id='word_1_1007' title='bbox 636 5207 679 5252; x_wconf 91' lang='lat' dir='ltr'>si</span> <span class='ocrx_word' id='word_1_1008' title='bbox 706 5207 935 5252; x_wconf 85' lang='lat' dir='ltr'>ﬂorentes</span> <span class='ocrx_word' id='word_1_1009' title='bbox 956 5204 1010 5251; x_wconf 91' lang='lat' dir='ltr'>in</span> <span class='ocrx_word' id='word_1_1010' title='bbox 1038 5205 1229 5250; x_wconf 88' lang='lat' dir='ltr'>mundo</span> <span class='ocrx_word' id='word_1_1011' title='bbox 1244 5204 1685 5250; x_wconf 86' lang='lat' dir='ltr'>contranosseeri-</span> 
     </span>
    </p>
   </div>
   <div class='ocr_carea' id='block_1_132' title="bbox 77 5267 1685 5327">
    <p class='ocr_par' dir='ltr' id='par_1_132' title="bbox 77 5267 1685 5327">
     <span class='ocr_line' id='line_1_132' title="bbox 77 5267 1685 5327; baseline -0.001 -16"><span class='ocrx_word' id='word_1_1012' title='bbox 77 5273 220 5326; x_wconf 87' lang='lat' dir='ltr'>gant,</span> <span class='ocrx_word' id='word_1_1013' title='bbox 256 5267 397 5313; x_wconf 88' lang='lat' dir='ltr'>illata</span> <span class='ocrx_word' id='word_1_1014' title='bbox 419 5268 737 5314; x_wconf 85' lang='lat' dir='ltr'>incommoda</span> <span class='ocrx_word' id='word_1_1015' title='bbox 766 5268 877 5314; x_wconf 72' lang='lat' dir='ltr'>lano</span> <span class='ocrx_word' id='word_1_1016' title='bbox 901 5268 1068 5312; x_wconf 79' lang='lat' dir='ltr'>animo</span> <span class='ocrx_word' id='word_1_1017' title='bbox 1084 5279 1449 5327; x_wconf 77' lang='lat' dir='ltr'>percurramus,</span> <span class='ocrx_word' id='word_1_1018' title='bbox 1465 5271 1685 5311; x_wconf 90' lang='lat' dir='ltr'>eteano-</span> 
     </span>
    </p>
   </div>
   <div class='ocr_carea' id='block_1_133' title="bbox 75 5328 1681 5389">
    <p class='ocr_par' dir='ltr' id='par_1_133' title="bbox 75 5328 1681 5389">
     <span class='ocr_line' id='line_1_133' title="bbox 75 5328 1681 5389; baseline -0.001 -15"><span class='ocrx_word' id='word_1_1019' title='bbox 75 5330 155 5374; x_wconf 88' lang='lat' dir='ltr'>bis</span> <span class='ocrx_word' id='word_1_1020' title='bbox 185 5330 247 5374; x_wconf 89' lang='lat' dir='ltr'>ad</span> <span class='ocrx_word' id='word_1_1021' title='bbox 274 5330 493 5376; x_wconf 79' lang='lat' dir='ltr'>futurum</span> <span class='ocrx_word' id='word_1_1022' title='bbox 525 5331 675 5376; x_wconf 85' lang='lat' dir='ltr'>vitam</span> <span class='ocrx_word' id='word_1_1023' title='bbox 703 5331 938 5389; x_wconf 85' lang='lat' dir='ltr'>prodesse</span> <span class='ocrx_word' id='word_1_1024' title='bbox 968 5331 1296 5387; x_wconf 84' lang='lat' dir='ltr'>postulemus.</span> <span class='ocrx_word' id='word_1_1025' title='bbox 1322 5328 1681 5385; x_wconf 88' lang='lat' dir='ltr'>Oratitaquoin</span> 
     </span>
    </p>
   </div>
   <div class='ocr_carea' id='block_1_134' title="bbox 77 5389 1684 5451">
    <p class='ocr_par' dir='ltr' id='par_1_134' title="bbox 77 5389 1684 5451">
     <span class='ocr_line' id='line_1_134' title="bbox 77 5389 1684 5451; baseline 0.001 -16"><span class='ocrx_word' id='word_1_1026' title='bbox 77 5392 173 5437; x_wconf 89' lang='lat' dir='ltr'>hoc</span> <span class='ocrx_word' id='word_1_1027' title='bbox 200 5391 394 5449; x_wconf 87' lang='lat' dir='ltr'>psalmo</span> <span class='ocrx_word' id='word_1_1028' title='bbox 418 5393 585 5450; x_wconf 87' lang='lat' dir='ltr'>ipsum</span> <span class='ocrx_word' id='word_1_1029' title='bbox 609 5397 775 5450; x_wconf 89' lang='lat' dir='ltr'>caput,</span> <span class='ocrx_word' id='word_1_1030' title='bbox 803 5398 847 5437; x_wconf 92' lang='lat' dir='ltr'>et</span> <span class='ocrx_word' id='word_1_1031' title='bbox 872 5404 923 5437; x_wconf 90' lang='lat' dir='ltr'>se</span> <span class='ocrx_word' id='word_1_1032' title='bbox 937 5391 1112 5437; x_wconf 87' lang='lat' dir='ltr'>orandi</span> <span class='ocrx_word' id='word_1_1033' title='bbox 1141 5389 1213 5451; x_wconf 88' lang='lat' dir='ltr'>(ut</span> <span class='ocrx_word' id='word_1_1034' title='bbox 1235 5390 1476 5451; x_wconf 87' lang='lat' dir='ltr'>diximus)</span> <span class='ocrx_word' id='word_1_1035' title='bbox 1499 5394 1545 5436; x_wconf 90' lang='lat' dir='ltr'>et</span> <span class='ocrx_word' id='word_1_1036' title='bbox 1573 5403 1684 5448; x_wconf 87' lang='lat' dir='ltr'>per-</span> 
     </span>
    </p>
   </div>
   <div class='ocr_carea' id='block_1_135' title="bbox 74 5453 1683 5513">
    <p class='ocr_par' dir='ltr' id='par_1_135' title="bbox 74 5453 1683 5513">
     <span class='ocr_line' id='line_1_135' title="bbox 74 5453 1683 5513; baseline 0.001 -15"><span class='ocrx_word' id='word_1_1037' title='bbox 74 5455 348 5499; x_wconf 86' lang='lat' dir='ltr'>severandi</span> <span class='ocrx_word' id='word_1_1038' title='bbox 374 5455 630 5512; x_wconf 86' lang='lat' dir='ltr'>exemplar</span> <span class='ocrx_word' id='word_1_1039' title='bbox 647 5453 906 5513; x_wconf 89' lang='lat' dir='ltr'>proponit:</span> <span class='ocrx_word' id='word_1_1040' title='bbox 932 5453 1218 5511; x_wconf 52' lang='lat' dir='ltr'>praevidens</span> <span class='ocrx_word' id='word_1_1041' title='bbox 1241 5465 1293 5499; x_wconf 90' lang='lat' dir='ltr'>se</span> <span class='ocrx_word' id='word_1_1042' title='bbox 1317 5465 1580 5510; x_wconf 61' lang='lat' dir='ltr'>passurum</span> <span class='ocrx_word' id='word_1_1043' title='bbox 1595 5465 1683 5510; x_wconf 90' lang='lat' dir='ltr'>pro</span> 
     </span>
    </p>
   </div>
   <div class='ocr_carea' id='block_1_136' title="bbox 72 5515 1685 5577">
    <p class='ocr_par' dir='ltr' id='par_1_136' title="bbox 72 5515 1685 5577">
     <span class='ocr_line' id='line_1_136' title="bbox 72 5515 1685 5577; baseline 0.001 -17"><span class='ocrx_word' id='word_1_1044' title='bbox 72 5515 421 5574; x_wconf 84' lang='lat' dir='ltr'>redemptione</span> <span class='ocrx_word' id='word_1_1045' title='bbox 468 5517 678 5563; x_wconf 87' lang='lat' dir='ltr'>humani</span> <span class='ocrx_word' id='word_1_1046' title='bbox 704 5516 922 5577; x_wconf 86' lang='lat' dir='ltr'>generis,</span> <span class='ocrx_word' id='word_1_1047' title='bbox 953 5521 1003 5561; x_wconf 91' lang='lat' dir='ltr'>ut</span> <span class='ocrx_word' id='word_1_1048' title='bbox 1031 5529 1059 5561; x_wconf 89' lang='lat' dir='ltr'>a</span> <span class='ocrx_word' id='word_1_1049' title='bbox 1093 5520 1248 5561; x_wconf 89' lang='lat' dir='ltr'>morte</span> <span class='ocrx_word' id='word_1_1050' title='bbox 1268 5515 1603 5574; x_wconf 79' lang='lat' dir='ltr'>resuscitatur,</span> <span class='ocrx_word' id='word_1_1051' title='bbox 1639 5519 1685 5561; x_wconf 89' lang='lat' dir='ltr'>et</span> 
     </span>
    </p>
   </div>
   <div class='ocr_carea' id='block_1_137' title="bbox 73 5585 1682 5645">
    <p class='ocr_par' dir='ltr' id='par_1_137' title="bbox 73 5585 1682 5645">
     <span class='ocr_line' id='line_1_137' title="bbox 73 5585 1682 5645; baseline 0.001 -14"><span class='ocrx_word' id='word_1_1052' title='bbox 73 5586 358 5632; x_wconf 87' lang='lat' dir='ltr'>secundum</span> <span class='ocrx_word' id='word_1_1053' title='bbox 393 5586 629 5635; x_wconf 84' lang='lat' dir='ltr'>virtutem</span> <span class='ocrx_word' id='word_1_1054' title='bbox 659 5591 705 5633; x_wconf 92' lang='lat' dir='ltr'>et</span> <span class='ocrx_word' id='word_1_1055' title='bbox 737 5585 1149 5645; x_wconf 89' lang='lat' dir='ltr'>omnipotentiam</span> <span class='ocrx_word' id='word_1_1056' title='bbox 1191 5586 1276 5632; x_wconf 86' lang='lat' dir='ltr'>Dei</span> <span class='ocrx_word' id='word_1_1057' title='bbox 1302 5586 1455 5645; x_wconf 84' lang='lat' dir='ltr'>digne</span> <span class='ocrx_word' id='word_1_1058' title='bbox 1485 5586 1682 5632; x_wconf 87' lang='lat' dir='ltr'>tandem</span> 
     </span>
    </p>
   </div>
   <div class='ocr_carea' id='block_1_138' title="bbox 73 5647 767 5708">
    <p class='ocr_par' dir='ltr' id='par_1_138' title="bbox 73 5647 767 5708">
     <span class='ocr_line' id='line_1_138' title="bbox 73 5647 767 5708; baseline 0.004 -15"><span class='ocrx_word' id='word_1_1059' title='bbox 73 5647 345 5698; x_wconf 84' lang='lat' dir='ltr'>exultetur.</span> <span class='ocrx_word' id='word_1_1060' title='bbox 372 5649 452 5696; x_wconf 90' lang='lat' dir='ltr'>Sic</span> <span class='ocrx_word' id='word_1_1061' title='bbox 480 5662 595 5708; x_wconf 87' lang='lat' dir='ltr'>ergo</span> <span class='ocrx_word' id='word_1_1062' title='bbox 612 5649 767 5696; x_wconf 86' lang='lat' dir='ltr'>dixit:</span> 
     </span>
    </p>
   </div>
   <div class='ocr_carea' id='block_1_139' title="bbox 562 5732 1194 5798">
    <p class='ocr_par' dir='ltr' id='par_1_139' title="bbox 562 5732 1194 5798">
     <span class='ocr_line' id='line_1_139' title="bbox 562 5732 1194 5798; baseline -0.003 -1"><span class='ocrx_word' id='word_1_1063' title='bbox 562 5732 968 5798; x_wconf 83' lang='lat' dir='ltr'>PLALMUS</span> <span class='ocrx_word' id='word_1_1064' title='bbox 1025 5733 1194 5797; x_wconf 86' lang='lat' dir='ltr'><strong>LIII.</strong></span> 
     </span>
    </p>
   </div>
   <div class='ocr_carea' id='block_1_140' title="bbox 147 5848 1680 5911">
    <p class='ocr_par' dir='ltr' id='par_1_140' title="bbox 147 5848 1680 5911">
     <span class='ocr_line' id='line_1_140' title="bbox 147 5848 1680 5911; baseline 0.001 -12"><span class='ocrx_word' id='word_1_1065' title='bbox 147 5849 183 5905; x_wconf 88' lang='lat'><strong>3</strong></span> <span class='ocrx_word' id='word_1_1066' title='bbox 214 5851 358 5900; x_wconf 85' lang='lat' dir='ltr'>Deus</span> <span class='ocrx_word' id='word_1_1067' title='bbox 394 5850 452 5898; x_wconf 84' lang='lat' dir='ltr'>in</span> <span class='ocrx_word' id='word_1_1068' title='bbox 482 5850 701 5898; x_wconf 80' lang='lat' dir='ltr'>nomine</span> <span class='ocrx_word' id='word_1_1069' title='bbox 725 5854 814 5899; x_wconf 88' lang='lat' dir='ltr'>luo</span> <span class='ocrx_word' id='word_1_1070' title='bbox 836 5849 1045 5899; x_wconf 84' lang='lat' dir='ltr'>salvum</span> <span class='ocrx_word' id='word_1_1071' title='bbox 1072 5864 1152 5897; x_wconf 89' lang='lat' dir='ltr'>me</span> <span class='ocrx_word' id='word_1_1072' title='bbox 1173 5849 1278 5911; x_wconf 80' lang='lat' dir='ltr'>fac.</span> <span class='ocrx_word' id='word_1_1073' title='bbox 1319 5849 1444 5899; x_wconf 81' lang='lat' dir='ltr'>Vox</span> <span class='ocrx_word' id='word_1_1074' title='bbox 1473 5848 1680 5901; x_wconf 87' lang='lat' dir='ltr'>Christi</span> 
     </span>
    </p>
   </div>
   <div class='ocr_carea' id='block_1_141' title="bbox 82 5919 1686 5984">
    <p class='ocr_par' dir='ltr' id='par_1_141' title="bbox 82 5919 1686 5984">
     <span class='ocr_line' id='line_1_141' title="bbox 82 5919 1686 5984; baseline -0.002 -11"><span class='ocrx_word' id='word_1_1075' title='bbox 82 5922 159 5973; x_wconf 88' lang='lat' dir='ltr'>ad</span> <span class='ocrx_word' id='word_1_1076' title='bbox 193 5922 419 5973; x_wconf 85' lang='lat' dir='ltr'>Patrem</span> <span class='ocrx_word' id='word_1_1077' title='bbox 449 5938 458 5969; x_wconf 93' lang='lat'>:</span> <span class='ocrx_word' id='word_1_1078' title='bbox 487 5932 555 5972; x_wconf 89' lang='lat' dir='ltr'>ac</span> <span class='ocrx_word' id='word_1_1079' title='bbox 590 5920 640 5971; x_wconf 90' lang='lat' dir='ltr'>si</span> <span class='ocrx_word' id='word_1_1080' title='bbox 660 5923 851 5984; x_wconf 86' lang='lat' dir='ltr'>aperte</span> <span class='ocrx_word' id='word_1_1081' title='bbox 877 5920 1045 5984; x_wconf 86' lang='lat' dir='ltr'>dicat,</span> <span class='ocrx_word' id='word_1_1082' title='bbox 1073 5921 1139 5973; x_wconf 89' lang='lat' dir='ltr'>In</span> <span class='ocrx_word' id='word_1_1083' title='bbox 1160 5919 1391 5972; x_wconf 89' lang='lat' dir='ltr'>nomine</span> <span class='ocrx_word' id='word_1_1084' title='bbox 1408 5923 1505 5973; x_wconf 91' lang='lat' dir='ltr'>tuo</span> <span class='ocrx_word' id='word_1_1085' title='bbox 1521 5920 1686 5984; x_wconf 87' lang='lat' dir='ltr'>glori-</span> 
     </span>
    </p>
   </div>
   <div class='ocr_carea' id='block_1_142' title="bbox 1786 4630 3387 4702">
    <p class='ocr_par' dir='ltr' id='par_1_142' title="bbox 1786 4630 3387 4702">
     <span class='ocr_line' id='line_1_142' title="bbox 1786 4630 3387 4702; baseline -0.007 -12"><span class='ocrx_word' id='word_1_1086' title='bbox 1786 4630 1917 4691; x_wconf 78' lang='lat' dir='ltr'>sum</span> <span class='ocrx_word' id='word_1_1087' title='bbox 1941 4650 2127 4702; x_wconf 90' lang='lat' dir='ltr'>usque</span> <span class='ocrx_word' id='word_1_1088' title='bbox 2148 4637 2221 4688; x_wconf 89' lang='lat' dir='ltr'>ad</span> <span class='ocrx_word' id='word_1_1089' title='bbox 2247 4635 2802 4688; x_wconf 91' lang='lat' dir='ltr'>consummationem</span> <span class='ocrx_word' id='word_1_1090' title='bbox 2828 4633 3005 4686; x_wconf 90' lang='lat' dir='ltr'>seculi</span> <span class='ocrx_word' id='word_1_1091' title='bbox 3020 4633 3231 4695; x_wconf 82' lang='lat' dir='ltr'>(Matth.</span> <span class='ocrx_word' id='word_1_1092' title='bbox 3257 4630 3387 4696; x_wconf 67' lang='lat'>98.).</span> 
     </span>
    </p>
   </div>
   <div class='ocr_carea' id='block_1_143' title="bbox 1785 4703 3388 4773">
    <p class='ocr_par' dir='ltr' id='par_1_143' title="bbox 1785 4703 3388 4773">
     <span class='ocr_line' id='line_1_143' title="bbox 1785 4703 3388 4773; baseline -0.004 -12"><span class='ocrx_word' id='word_1_1093' title='bbox 1785 4712 1854 4761; x_wconf 90' lang='lat' dir='ltr'>Et</span> <span class='ocrx_word' id='word_1_1094' title='bbox 1874 4710 1935 4761; x_wconf 89' lang='lat' dir='ltr'>in</span> <span class='ocrx_word' id='word_1_1095' title='bbox 1961 4708 2183 4773; x_wconf 89' lang='lat' dir='ltr'>psalmo</span> <span class='ocrx_word' id='word_1_1096' title='bbox 2208 4706 2343 4759; x_wconf 89' lang='lat' dir='ltr'>alibi</span> <span class='ocrx_word' id='word_1_1097' title='bbox 2368 4708 2475 4759; x_wconf 88' lang='lat' dir='ltr'>ait:</span> <span class='ocrx_word' id='word_1_1098' title='bbox 2495 4706 2638 4758; x_wconf 89' lang='lat' dir='ltr'>Cum</span> <span class='ocrx_word' id='word_1_1099' title='bbox 2667 4706 2791 4770; x_wconf 90' lang='lat' dir='ltr'>ipso</span> <span class='ocrx_word' id='word_1_1100' title='bbox 2805 4718 2936 4757; x_wconf 85' lang='lat' dir='ltr'>sum</span> <span class='ocrx_word' id='word_1_1101' title='bbox 2952 4705 3008 4755; x_wconf 93' lang='lat' dir='ltr'>in</span> <span class='ocrx_word' id='word_1_1102' title='bbox 3022 4703 3388 4755; x_wconf 83' lang='lat' dir='ltr'>tribulatione</span> 
     </span>
    </p>
   </div>
   <div class='ocr_carea' id='block_1_144' title="bbox 1786 4774 3391 4845">
    <p class='ocr_par' dir='ltr' id='par_1_144' title="bbox 1786 4774 3391 4845">
     <span class='ocr_line' id='line_1_144' title="bbox 1786 4774 3391 4845; baseline -0.003 -13"><span class='ocrx_word' id='word_1_1103' title='bbox 1786 4781 2023 4845; x_wconf 89' lang='lat' dir='ltr'>eripiam</span> <span class='ocrx_word' id='word_1_1104' title='bbox 2069 4792 2221 4843; x_wconf 91' lang='lat' dir='ltr'>eum,</span> <span class='ocrx_word' id='word_1_1105' title='bbox 2272 4783 2330 4831; x_wconf 89' lang='lat' dir='ltr'>et</span> <span class='ocrx_word' id='word_1_1106' title='bbox 2383 4778 2715 4843; x_wconf 82' lang='lat' dir='ltr'>glorificabo</span> <span class='ocrx_word' id='word_1_1107' title='bbox 2759 4776 3081 4840; x_wconf 82' lang='lat' dir='ltr'>eum(Psal.</span> <span class='ocrx_word' id='word_1_1108' title='bbox 3109 4775 3237 4837; x_wconf 87' lang='lat'>90.).</span> <span class='ocrx_word' id='word_1_1109' title='bbox 3264 4774 3391 4827; x_wconf 87' lang='lat' dir='ltr'>Noli</span> 
     </span>
    </p>
   </div>
   <div class='ocr_carea' id='block_1_145' title="bbox 1786 4849 3392 4915">
    <p class='ocr_par' dir='ltr' id='par_1_145' title="bbox 1786 4849 3392 4915">
     <span class='ocr_line' id='line_1_145' title="bbox 1786 4849 3392 4915; baseline -0.004 -11"><span class='ocrx_word' id='word_1_1110' title='bbox 1786 4865 1922 4915; x_wconf 84' lang='lat' dir='ltr'>ergo</span> <span class='ocrx_word' id='word_1_1111' title='bbox 1945 4852 2144 4902; x_wconf 88' lang='lat' dir='ltr'>timere</span> <span class='ocrx_word' id='word_1_1112' title='bbox 2162 4855 2563 4914; x_wconf 90' lang='lat' dir='ltr'>persecutores</span> <span class='ocrx_word' id='word_1_1113' title='bbox 2588 4853 2738 4914; x_wconf 90' lang='lat' dir='ltr'>tuos,</span> <span class='ocrx_word' id='word_1_1114' title='bbox 2766 4849 2893 4913; x_wconf 85' lang='lat' dir='ltr'>quia</span> <span class='ocrx_word' id='word_1_1115' title='bbox 2922 4850 3076 4900; x_wconf 85' lang='lat' dir='ltr'>Deus</span> <span class='ocrx_word' id='word_1_1116' title='bbox 3091 4852 3282 4900; x_wconf 87' lang='lat' dir='ltr'>tecum</span> <span class='ocrx_word' id='word_1_1117' title='bbox 3300 4852 3392 4899; x_wconf 92' lang='lat' dir='ltr'>est</span> 
     </span>
    </p>
   </div>
   <div class='ocr_carea' id='block_1_146' title="bbox 1785 4919 3387 4984">
    <p class='ocr_par' dir='ltr' id='par_1_146' title="bbox 1785 4919 3387 4984">
     <span class='ocr_line' id='line_1_146' title="bbox 1785 4919 3387 4984; baseline -0.004 -9"><span class='ocrx_word' id='word_1_1118' title='bbox 1785 4925 1845 4975; x_wconf 91' lang='lat' dir='ltr'>in</span> <span class='ocrx_word' id='word_1_1119' title='bbox 1866 4922 2248 4975; x_wconf 85' lang='lat' dir='ltr'>tribulatione.</span> <span class='ocrx_word' id='word_1_1120' title='bbox 2278 4921 2403 4973; x_wconf 85' lang='lat' dir='ltr'>Noli</span> <span class='ocrx_word' id='word_1_1121' title='bbox 2431 4921 2625 4972; x_wconf 89' lang='lat' dir='ltr'>timere</span> <span class='ocrx_word' id='word_1_1122' title='bbox 2642 4933 2762 4983; x_wconf 92' lang='lat' dir='ltr'>eos,</span> <span class='ocrx_word' id='word_1_1123' title='bbox 2785 4921 2880 4984; x_wconf 86' lang='lat' dir='ltr'>qui</span> <span class='ocrx_word' id='word_1_1124' title='bbox 2898 4919 3167 4973; x_wconf 88' lang='lat' dir='ltr'>occidunt</span> <span class='ocrx_word' id='word_1_1125' title='bbox 3181 4931 3387 4982; x_wconf 88' lang='lat' dir='ltr'>corpus</span> 
     </span>
    </p>
   </div>
   <div class='ocr_carea' id='block_1_147' title="bbox 1785 4991 3384 5057">
    <p class='ocr_par' dir='ltr' id='par_1_147' title="bbox 1785 4991 3384 5057">
     <span class='ocr_line' id='line_1_147' title="bbox 1785 4991 3384 5057; baseline -0.003 -15"><span class='ocrx_word' id='word_1_1126' title='bbox 1785 4994 1997 5056; x_wconf 85' lang='lat' dir='ltr'>(Matth.</span> <span class='ocrx_word' id='word_1_1127' title='bbox 2025 4993 2155 5055; x_wconf 81' lang='lat'>‘10.),</span> <span class='ocrx_word' id='word_1_1128' title='bbox 2183 4992 2606 5057; x_wconf 86' lang='lat' dir='ltr'>quiaDominus</span> <span class='ocrx_word' id='word_1_1129' title='bbox 2624 4996 2927 5056; x_wconf 88' lang='lat' dir='ltr'>susceptor</span> <span class='ocrx_word' id='word_1_1130' title='bbox 2942 4991 3249 5044; x_wconf 72' lang='lat' dir='ltr'>estanimm</span> <span class='ocrx_word' id='word_1_1131' title='bbox 3270 4997 3384 5039; x_wconf 77' lang='lat' dir='ltr'>tum.</span> 
     </span>
    </p>
   </div>
   <div class='ocr_carea' id='block_1_148' title="bbox 1786 5060 3388 5118">
    <p class='ocr_par' dir='ltr' id='par_1_148' title="bbox 1786 5060 3388 5118">
     <span class='ocr_line' id='line_1_148' title="bbox 1786 5060 3388 5118; baseline -0.002 -2"><span class='ocrx_word' id='word_1_1132' title='bbox 1786 5060 2074 5118; x_wconf 79' lang='lat' dir='ltr'>Fortassis</span> <span class='ocrx_word' id='word_1_1133' title='bbox 2104 5064 2234 5116; x_wconf 90' lang='lat' dir='ltr'>ideo</span> <span class='ocrx_word' id='word_1_1134' title='bbox 2264 5064 2547 5116; x_wconf 89' lang='lat' dir='ltr'>convertit</span> <span class='ocrx_word' id='word_1_1135' title='bbox 2569 5063 2642 5115; x_wconf 87' lang='lat' dir='ltr'>ad</span> <span class='ocrx_word' id='word_1_1136' title='bbox 2665 5077 2774 5116; x_wconf 90' lang='lat' dir='ltr'>nos</span> <span class='ocrx_word' id='word_1_1137' title='bbox 2802 5077 3002 5116; x_wconf 88' lang='lat' dir='ltr'>vocem</span> <span class='ocrx_word' id='word_1_1138' title='bbox 3027 5076 3210 5115; x_wconf 89' lang='lat' dir='ltr'>suam.</span> <span class='ocrx_word' id='word_1_1139' title='bbox 3242 5064 3388 5113; x_wconf 87' lang='lat' dir='ltr'>Nam</span> 
     </span>
    </p>
   </div>
   <div class='ocr_carea' id='block_1_149' title="bbox 1783 5134 3389 5198">
    <p class='ocr_par' dir='ltr' id='par_1_149' title="bbox 1783 5134 3389 5198">
     <span class='ocr_line' id='line_1_149' title="bbox 1783 5134 3389 5198; baseline -0.002 -11"><span class='ocrx_word' id='word_1_1140' title='bbox 1783 5134 1898 5187; x_wconf 89' lang='lat' dir='ltr'>huc</span> <span class='ocrx_word' id='word_1_1141' title='bbox 1922 5147 2112 5198; x_wconf 90' lang='lat' dir='ltr'>usque</span> <span class='ocrx_word' id='word_1_1142' title='bbox 2137 5135 2210 5187; x_wconf 89' lang='lat' dir='ltr'>ad</span> <span class='ocrx_word' id='word_1_1143' title='bbox 2235 5136 2461 5187; x_wconf 87' lang='lat' dir='ltr'>Patrem</span> <span class='ocrx_word' id='word_1_1144' title='bbox 2482 5134 2938 5187; x_wconf 87' lang='lat' dir='ltr'>orandolocutus</span> <span class='ocrx_word' id='word_1_1145' title='bbox 2961 5138 3069 5186; x_wconf 89' lang='lat' dir='ltr'>est.</span> <span class='ocrx_word' id='word_1_1146' title='bbox 3095 5135 3261 5185; x_wconf 88' lang='lat' dir='ltr'>Nunc</span> <span class='ocrx_word' id='word_1_1147' title='bbox 3283 5145 3389 5183; x_wconf 89' lang='lat' dir='ltr'>au-</span> 
     </span>
    </p>
   </div>
   <div class='ocr_carea' id='block_1_150' title="bbox 1786 5203 3390 5259">
    <p class='ocr_par' dir='ltr' id='par_1_150' title="bbox 1786 5203 3390 5259">
     <span class='ocr_line' id='line_1_150' title="bbox 1786 5203 3390 5259; baseline -0.006 0"><span class='ocrx_word' id='word_1_1148' title='bbox 1786 5212 1904 5259; x_wconf 88' lang='lat' dir='ltr'>tem</span> <span class='ocrx_word' id='word_1_1149' title='bbox 1930 5205 2135 5257; x_wconf 90' lang='lat' dir='ltr'>volens</span> <span class='ocrx_word' id='word_1_1150' title='bbox 2158 5207 2460 5259; x_wconf 89' lang='lat' dir='ltr'>ostendere</span> <span class='ocrx_word' id='word_1_1151' title='bbox 2470 5205 2639 5257; x_wconf 89' lang='lat' dir='ltr'>nobis</span> <span class='ocrx_word' id='word_1_1152' title='bbox 2653 5219 2715 5258; x_wconf 89' lang='lat' dir='ltr'>se</span> <span class='ocrx_word' id='word_1_1153' title='bbox 2735 5218 2862 5257; x_wconf 88' lang='lat' dir='ltr'>esse</span> <span class='ocrx_word' id='word_1_1154' title='bbox 2876 5205 3216 5257; x_wconf 82' lang='lat' dir='ltr'>exauditum</span> <span class='ocrx_word' id='word_1_1155' title='bbox 3232 5206 3290 5253; x_wconf 89' lang='lat' dir='ltr'>et</span> <span class='ocrx_word' id='word_1_1156' title='bbox 3304 5203 3390 5250; x_wconf 83' lang='lat' dir='ltr'>ad-</span> 
     </span>
    </p>
   </div>
   <div class='ocr_carea' id='block_1_151' title="bbox 1779 5271 3381 5342">
    <p class='ocr_par' dir='ltr' id='par_1_151' title="bbox 1779 5271 3381 5342">
     <span class='ocr_line' id='line_1_151' title="bbox 1779 5271 3381 5342; baseline -0.006 -12"><span class='ocrx_word' id='word_1_1157' title='bbox 1779 5278 1973 5342; x_wconf 85' lang='lat' dir='ltr'>jutum</span> <span class='ocrx_word' id='word_1_1158' title='bbox 2000 5290 2037 5328; x_wconf 90' lang='lat' dir='ltr'>a</span> <span class='ocrx_word' id='word_1_1159' title='bbox 2057 5278 2239 5341; x_wconf 86' lang='lat' dir='ltr'>Patre,</span> <span class='ocrx_word' id='word_1_1160' title='bbox 2263 5290 2378 5329; x_wconf 92' lang='lat' dir='ltr'>non</span> <span class='ocrx_word' id='word_1_1161' title='bbox 2391 5278 2512 5341; x_wconf 89' lang='lat' dir='ltr'>jam</span> <span class='ocrx_word' id='word_1_1162' title='bbox 2536 5277 2607 5328; x_wconf 85' lang='lat' dir='ltr'>ad</span> <span class='ocrx_word' id='word_1_1163' title='bbox 2632 5279 2874 5337; x_wconf 89' lang='lat' dir='ltr'>Patrem,</span> <span class='ocrx_word' id='word_1_1164' title='bbox 2889 5276 2990 5328; x_wconf 91' lang='lat' dir='ltr'>sed</span> <span class='ocrx_word' id='word_1_1165' title='bbox 3006 5275 3077 5327; x_wconf 88' lang='lat' dir='ltr'>ad</span> <span class='ocrx_word' id='word_1_1166' title='bbox 3094 5286 3201 5325; x_wconf 91' lang='lat' dir='ltr'>nos</span> <span class='ocrx_word' id='word_1_1167' title='bbox 3217 5271 3381 5322; x_wconf 89' lang='lat' dir='ltr'>dicit:</span> 
     </span>
    </p>
   </div>
   <div class='ocr_carea' id='block_1_152' title="bbox 1786 5343 3388 5410">
    <p class='ocr_par' dir='ltr' id='par_1_152' title="bbox 1786 5343 3388 5410">
     <span class='ocr_line' id='line_1_152' title="bbox 1786 5343 3388 5410; baseline -0.005 -9"><span class='ocrx_word' id='word_1_1168' title='bbox 1786 5351 1931 5401; x_wconf 88' lang='lat' dir='ltr'>Ecce</span> <span class='ocrx_word' id='word_1_1169' title='bbox 1969 5349 2123 5399; x_wconf 92' lang='lat' dir='ltr'>enim</span> <span class='ocrx_word' id='word_1_1170' title='bbox 2172 5351 2328 5401; x_wconf 90' lang='lat' dir='ltr'>Deus</span> <span class='ocrx_word' id='word_1_1171' title='bbox 2353 5349 2594 5410; x_wconf 88' lang='lat' dir='ltr'>adjuvat</span> <span class='ocrx_word' id='word_1_1172' title='bbox 2616 5361 2709 5399; x_wconf 88' lang='lat' dir='ltr'>me</span> <span class='ocrx_word' id='word_1_1173' title='bbox 2739 5353 2796 5400; x_wconf 91' lang='lat' dir='ltr'>et</span> <span class='ocrx_word' id='word_1_1174' title='bbox 2818 5353 3040 5399; x_wconf 72' lang='lat' dir='ltr'>cmteta.</span> <span class='ocrx_word' id='word_1_1175' title='bbox 3076 5347 3202 5395; x_wconf 89' lang='lat' dir='ltr'>Non</span> <span class='ocrx_word' id='word_1_1176' title='bbox 3229 5343 3388 5394; x_wconf 81' lang='lat' dir='ltr'>enim</span> 
     </span>
    </p>
   </div>
   <div class='ocr_carea' id='block_1_153' title="bbox 1785 5413 3387 5485">
    <p class='ocr_par' dir='ltr' id='par_1_153' title="bbox 1785 5413 3387 5485">
     <span class='ocr_line' id='line_1_153' title="bbox 1785 5413 3387 5485; baseline -0.007 -12"><span class='ocrx_word' id='word_1_1177' title='bbox 1785 5433 1931 5485; x_wconf 89' lang='lat' dir='ltr'>opus</span> <span class='ocrx_word' id='word_1_1178' title='bbox 1960 5422 2099 5481; x_wconf 87' lang='lat' dir='ltr'>erat,</span> <span class='ocrx_word' id='word_1_1179' title='bbox 2113 5424 2178 5471; x_wconf 92' lang='lat' dir='ltr'>ut</span> <span class='ocrx_word' id='word_1_1180' title='bbox 2194 5421 2405 5471; x_wconf 87' lang='lat' dir='ltr'>diceret</span> <span class='ocrx_word' id='word_1_1181' title='bbox 2419 5419 2587 5481; x_wconf 89' lang='lat' dir='ltr'>Patri,</span> <span class='ocrx_word' id='word_1_1182' title='bbox 2605 5418 2761 5481; x_wconf 88' lang='lat' dir='ltr'>quod</span> <span class='ocrx_word' id='word_1_1183' title='bbox 2786 5418 3021 5477; x_wconf 89' lang='lat' dir='ltr'>sciebat,</span> <span class='ocrx_word' id='word_1_1184' title='bbox 3039 5419 3095 5467; x_wconf 87' lang='lat' dir='ltr'>et</span> <span class='ocrx_word' id='word_1_1185' title='bbox 3110 5413 3264 5478; x_wconf 91' lang='lat' dir='ltr'>quod</span> <span class='ocrx_word' id='word_1_1186' title='bbox 3281 5415 3387 5475; x_wconf 87' lang='lat' dir='ltr'>ipse</span> 
     </span>
    </p>
   </div>
   <div class='ocr_carea' id='block_1_154' title="bbox 1784 5487 3387 5557">
    <p class='ocr_par' dir='ltr' id='par_1_154' title="bbox 1784 5487 3387 5557">
     <span class='ocr_line' id='line_1_154' title="bbox 1784 5487 3387 5557; baseline -0.006 -13"><span class='ocrx_word' id='word_1_1187' title='bbox 1784 5490 2100 5557; x_wconf 66' lang='lat' dir='ltr'>praestabat</span> <span class='ocrx_word' id='word_1_1188' title='bbox 2127 5506 2139 5541; x_wconf 90' lang='lat'>:</span> <span class='ocrx_word' id='word_1_1189' title='bbox 2169 5492 2269 5543; x_wconf 89' lang='lat' dir='ltr'>sed</span> <span class='ocrx_word' id='word_1_1190' title='bbox 2293 5490 2461 5543; x_wconf 91' lang='lat' dir='ltr'>nobis</span> <span class='ocrx_word' id='word_1_1191' title='bbox 2478 5491 2679 5554; x_wconf 90' lang='lat' dir='ltr'>utique</span> <span class='ocrx_word' id='word_1_1192' title='bbox 2702 5493 2822 5541; x_wconf 85' lang='lat' dir='ltr'>erat</span> <span class='ocrx_word' id='word_1_1193' title='bbox 2840 5488 2950 5541; x_wconf 89' lang='lat' dir='ltr'>hoc</span> <span class='ocrx_word' id='word_1_1194' title='bbox 2971 5487 3170 5539; x_wconf 91' lang='lat' dir='ltr'>audire</span> <span class='ocrx_word' id='word_1_1195' title='bbox 3181 5497 3387 5557; x_wconf 88' lang='lat' dir='ltr'>neces-</span> 
     </span>
    </p>
   </div>
   <div class='ocr_carea' id='block_1_155' title="bbox 1785 5556 3385 5626">
    <p class='ocr_par' dir='ltr' id='par_1_155' title="bbox 1785 5556 3385 5626">
     <span class='ocr_line' id='line_1_155' title="bbox 1785 5556 3385 5626; baseline -0.004 -12"><span class='ocrx_word' id='word_1_1196' title='bbox 1785 5556 2023 5624; x_wconf 85' lang='lat' dir='ltr'>sarium,</span> <span class='ocrx_word' id='word_1_1197' title='bbox 2050 5566 2114 5613; x_wconf 92' lang='lat' dir='ltr'>ut</span> <span class='ocrx_word' id='word_1_1198' title='bbox 2130 5563 2419 5626; x_wconf 61' lang='lat' dir='ltr'>patientiae</span> <span class='ocrx_word' id='word_1_1199' title='bbox 2432 5561 2634 5612; x_wconf 87' lang='lat' dir='ltr'>Christi</span> <span class='ocrx_word' id='word_1_1200' title='bbox 2661 5561 3008 5613; x_wconf 85' lang='lat' dir='ltr'>disceremus</span> <span class='ocrx_word' id='word_1_1201' title='bbox 3032 5556 3385 5620; x_wconf 80' lang='lat' dir='ltr'>exemplum.</span> 
     </span>
    </p>
   </div>
   <div class='ocr_carea' id='block_1_156' title="bbox 1784 5627 3383 5697">
    <p class='ocr_par' dir='ltr' id='par_1_156' title="bbox 1784 5627 3383 5697">
     <span class='ocr_line' id='line_1_156' title="bbox 1784 5627 3383 5697; baseline -0.006 -10"><span class='ocrx_word' id='word_1_1202' title='bbox 1784 5638 1869 5687; x_wconf 81' lang='lat' dir='ltr'>Ex</span> <span class='ocrx_word' id='word_1_1203' title='bbox 1904 5633 1995 5685; x_wconf 92' lang='lat' dir='ltr'>his</span> <span class='ocrx_word' id='word_1_1204' title='bbox 2020 5633 2170 5683; x_wconf 87' lang='lat' dir='ltr'>enim</span> <span class='ocrx_word' id='word_1_1205' title='bbox 2196 5633 2390 5685; x_wconf 87' lang='lat' dir='ltr'>verbis</span> <span class='ocrx_word' id='word_1_1206' title='bbox 2412 5632 2770 5697; x_wconf 90' lang='lat' dir='ltr'>instruimur,</span> <span class='ocrx_word' id='word_1_1207' title='bbox 2795 5632 2932 5697; x_wconf 90' lang='lat' dir='ltr'>quia</span> <span class='ocrx_word' id='word_1_1208' title='bbox 2954 5644 3084 5682; x_wconf 90' lang='lat' dir='ltr'>cum</span> <span class='ocrx_word' id='word_1_1209' title='bbox 3108 5627 3383 5682; x_wconf 87' lang='lat' dir='ltr'>abinimi-</span> 
     </span>
    </p>
   </div>
   <div class='ocr_carea' id='block_1_157' title="bbox 1783 5700 3387 5766">
    <p class='ocr_par' dir='ltr' id='par_1_157' title="bbox 1783 5700 3387 5766">
     <span class='ocr_line' id='line_1_157' title="bbox 1783 5700 3387 5766; baseline -0.004 -9"><span class='ocrx_word' id='word_1_1210' title='bbox 1783 5706 1867 5757; x_wconf 89' lang='lat' dir='ltr'>cis</span> <span class='ocrx_word' id='word_1_1211' title='bbox 1894 5702 2047 5755; x_wconf 89' lang='lat' dir='ltr'>mala</span> <span class='ocrx_word' id='word_1_1212' title='bbox 2080 5704 2248 5755; x_wconf 90' lang='lat' dir='ltr'>nobis</span> <span class='ocrx_word' id='word_1_1213' title='bbox 2272 5703 2609 5766; x_wconf 84' lang='lat' dir='ltr'>irrogantar,</span> <span class='ocrx_word' id='word_1_1214' title='bbox 2630 5716 2747 5755; x_wconf 91' lang='lat' dir='ltr'>non</span> <span class='ocrx_word' id='word_1_1215' title='bbox 2771 5704 3050 5756; x_wconf 89' lang='lat' dir='ltr'>debemus</span> <span class='ocrx_word' id='word_1_1216' title='bbox 3074 5700 3262 5763; x_wconf 87' lang='lat' dir='ltr'>irasci,</span> <span class='ocrx_word' id='word_1_1217' title='bbox 3286 5705 3387 5752; x_wconf 89' lang='lat' dir='ltr'>aut</span> 
     </span>
    </p>
   </div>
   <div class='ocr_carea' id='block_1_158' title="bbox 1782 5773 3386 5839">
    <p class='ocr_par' dir='ltr' id='par_1_158' title="bbox 1782 5773 3386 5839">
     <span class='ocr_line' id='line_1_158' title="bbox 1782 5773 3386 5839; baseline -0.003 -10"><span class='ocrx_word' id='word_1_1218' title='bbox 1782 5775 2143 5837; x_wconf 82' lang='lat' dir='ltr'>maledicere,</span> <span class='ocrx_word' id='word_1_1219' title='bbox 2169 5780 2272 5828; x_wconf 88' lang='lat' dir='ltr'>aut</span> <span class='ocrx_word' id='word_1_1220' title='bbox 2293 5773 2608 5827; x_wconf 84' lang='lat' dir='ltr'>vindictam</span> <span class='ocrx_word' id='word_1_1221' title='bbox 2642 5777 2968 5839; x_wconf 80' lang='lat' dir='ltr'>exquirere:</span> <span class='ocrx_word' id='word_1_1222' title='bbox 2995 5774 3099 5826; x_wconf 89' lang='lat' dir='ltr'>sed</span> <span class='ocrx_word' id='word_1_1223' title='bbox 3122 5786 3303 5835; x_wconf 88' lang='lat' dir='ltr'>orare,</span> <span class='ocrx_word' id='word_1_1224' title='bbox 3329 5776 3386 5824; x_wconf 88' lang='lat' dir='ltr'>et</span> 
     </span>
    </p>
   </div>
   <div class='ocr_carea' id='block_1_159' title="bbox 1783 5847 3383 5912">
    <p class='ocr_par' dir='ltr' id='par_1_159' title="bbox 1783 5847 3383 5912">
     <span class='ocr_line' id='line_1_159' title="bbox 1783 5847 3383 5912; baseline -0.004 -11"><span class='ocrx_word' id='word_1_1225' title='bbox 1783 5850 1885 5901; x_wconf 89' lang='lat' dir='ltr'>Dei</span> <span class='ocrx_word' id='word_1_1226' title='bbox 1910 5847 2262 5912; x_wconf 87' lang='lat' dir='ltr'>adjutorium</span> <span class='ocrx_word' id='word_1_1227' title='bbox 2298 5849 2617 5909; x_wconf 84' lang='lat' dir='ltr'>expectare.</span> <span class='ocrx_word' id='word_1_1228' title='bbox 2646 5847 2783 5899; x_wconf 81' lang='lat' dir='ltr'>Mihi</span> <span class='ocrx_word' id='word_1_1229' title='bbox 2804 5848 3133 5902; x_wconf 86' lang='lat' dir='ltr'>vindictam,</span> <span class='ocrx_word' id='word_1_1230' title='bbox 3161 5849 3219 5897; x_wconf 90' lang='lat' dir='ltr'>et</span> <span class='ocrx_word' id='word_1_1231' title='bbox 3247 5855 3383 5907; x_wconf 89' lang='lat' dir='ltr'>ergo</span> 
     </span>
    </p>
   </div>
   <div class='ocr_carea' id='block_1_160' title="bbox 1784 5912 3378 5982">
    <p class='ocr_par' dir='ltr' id='par_1_160' title="bbox 1784 5912 3378 5982">
     <span class='ocr_line' id='line_1_160' title="bbox 1784 5912 3378 5982; baseline -0.006 -10"><span class='ocrx_word' id='word_1_1232' title='bbox 1784 5920 2117 5982; x_wconf 87' lang='lat' dir='ltr'>retribuam,</span> <span class='ocrx_word' id='word_1_1233' title='bbox 2138 5919 2275 5972; x_wconf 86' lang='lat' dir='ltr'>dicit</span> <span class='ocrx_word' id='word_1_1234' title='bbox 2294 5916 2580 5970; x_wconf 91' lang='lat' dir='ltr'>Dominus</span> <span class='ocrx_word' id='word_1_1235' title='bbox 2596 5918 2768 5981; x_wconf 83' lang='lat' dir='ltr'>(Deut.</span> <span class='ocrx_word' id='word_1_1236' title='bbox 2796 5914 3190 5981; x_wconf 71' lang='lat' dir='ltr'>3‘2;Rom.1‘2;</span> <span class='ocrx_word' id='word_1_1237' title='bbox 3219 5912 3378 5964; x_wconf 81' lang='lat' dir='ltr'>Hebr.</span> 
     </span>
    </p>
   </div>
  </div>
