3880 6222
459 299 563 356 859

456 484 761 548 subjungit
790 499 802 535 :

517 556 568 609 7.
583 557 623 605 Α
636 562 767 604 verte
794 554 939 603 mala
956 554 1196 603 inimicis
1212 554 1359 601 meis.
1381 555 1524 604 Ecce
1541 552 1769 615 qualem
1782 553 2052 600 vindictam

454 627 590 679 facit
614 629 785 677 Deus.
827 625 968 675 Mala
989 636 1119 687 qua:
1137 625 1272 675 mali
1295 625 1550 688 irrogant
1569 623 1759 681 bonis.
1783 624 1992 675 avertit.
2024 636 2056 674 a

453 699 619 749 nobis
646 699 813 755 Deus,
829 700 886 747 et
910 701 1202 759 retorquet
1226 696 1285 747 in
1309 696 1509 746 malos.
1527 694 1670 757 Quid
1684 694 1835 745 enim
1866 708 2060 758 perse-

452 770 607 821 cutio
633 774 689 820 et
715 768 1005 819 tribulatio
1021 772 1187 818 nocet
1199 766 1545 830 martyribus
1564 768 1717 817 ΡΙωο
1734 766 1967 829 prodest
1986 766 2058 818 ad

452 841 716 892 salutem.
732 838 848 890 Illis
863 852 997 890 vero
1012 844 1181 890 nocet
1193 838 1266 889 ad
1283 838 1734 889 damnationem.
1753 837 1917 888 Unde
1934 839 2057 885 alibi

450 911 658 963 dicitur
682 926 693 961 :
723 912 1100 962 Converletur
1122 910 1283 960 dolor
1308 922 1434 973 ejus
1459 910 1517 959 in
1542 914 1716 973 caput
1743 910 1892 972 ejus,
1925 913 1981 960 et
1998 908 2057 960 in

450 982 724 1034 verticem
753 982 935 1045 ipsius
958 981 1230 1043 iniquitas
1255 982 1382 1045 ejus
1407 980 1721 1032 descendet
1752 981 1919 1041 (Psat.
1952 979 2053 1041 7.).

450 1056 620 1106 Recte
661 1067 799 1117 ergo
835 1053 1140 1104 subditur:
1178 1054 1242 1101 In
1288 1053 1483 1101 virtute
1523 1058 1636 1111 tua,
1665 1051 1725 1101 Id
1766 1054 2055 1114 est,1usto

448 1125 665 1189 judicio
690 1130 807 1186 tuo,
828 1124 1073 1187 disperde
1090 1124 1226 1172 illos.
1256 1125 1409 1175 Bene
1422 1128 1614 1174 autem
1634 1135 1749 1173 non
1766 1122 1869 1173 ait:
1886 1125 2052 1182 Pcrde,

452 1197 553 1248 sed
567 1196 857 1259 disperde:
886 1196 1021 1259 quia
1036 1196 1226 1247 Judtei
1249 1195 1307 1246 in
1322 1195 1567 1246 diversis
1579 1194 1839 1257 partibus
1851 1196 2053 1255 perditi,

449 1271 506 1320 et
530 1268 776 1330 dispersi
802 1272 942 1318 sunt
965 1280 1064 1331 per
1086 1267 1351 1329 regiones
1374 1270 1602 1330 propter
1634 1264 1869 1323 malum,
1899 1264 2055 1327 quod

448 1339 711 1391 fecerunt
734 1339 1026 1389 inJesum.
1050 1338 1351 1401 Disperdet
1374 1338 1546 1388 etiam
1572 1337 1798 1388 Deusin
1812 1336 2053 1386 veritate

451 1424 557 1462 sua
582 1410 780 1471 malos,
807 1409 1035 1472 quando
1061 1410 1117 1459 in
1142 1410 1401 1460 extremo
1427 1407 1643 1472 judicio
1669 1407 1919 1459 diversis
1944 1418 2059 1471 pte-

446 1483 535 1534 nis
566 1486 623 1533 et
653 1481 951 1532 tormentis
982 1481 1167 1532 tradet
1195 1480 1558 1542 cruciandos,
1584 1479 1804 1540 dicens,

509 1554 559 1607 8.
596 1552 908 1602 Voluntaria
954 1552 1267 1616 sacrificabo
1313 1553 1422 1601 tibi.
1451 1551 1633 1603 Omne
1668 1563 1818 1613 opus
1842 1550 2057 1600 bonum

445 1624 702 1676 oblatum
719 1626 856 1679 Deo.
876 1624 1219 1675 sacriﬁcium
1236 1623 1347 1674 dici
1366 1625 1573 1687 potest.
1588 1623 1657 1672 Et
1672 1623 1824 1672 Bene
1836 1619 2057 1684 praemi-

446 1696 520 1746 sit
554 1695 883 1745 Votuntarie.
910 1695 1268 1746 Voluntatem
1292 1694 1445 1746 enim
1476 1698 1533 1745 et
1554 1692 1822 1744 affectum
1850 1696 2056 1756 pensat

1526 297 1794 349 RUFINO
1841 294 2301 350 PRESBYTERO
2334 297 2721 351 ASCRIPTUS

457 412 581 476 18.).
621 412 778 485 Unde
827 425 945 464 non
998 417 1114 464 tam
1158 411 1393 475 orando,
1441 422 1616 474 quam
1653 409 2047 475 prophetando
2074 416 2135 485 Α
2164 412 2216 458 in
2249 414 2621 485 te.peus‘.'lntcr
2645 426 2761 485 qua:
2783 418 2949 485 autem
2974 414 3474 485 adversasperavit,
3505 418 3558 459 et
3589 413 3716 472 quid
3744 415 3797 485 de
3843 358 3845 463 i

3696 296 3800 351 860
3844 288 3845 291 “

2162 488 2254 520 sua
2280 474 2592 537 liberatione,
2611 477 2734 522 etde
2757 477 3160 525 adversariorum
3179 474 3529 537 damnatione
3551 476 3799 534 sperande-

2157 537 2446 593 obtinuerit,
2474 538 2527 583 in
2552 536 2809 597 prioribus
2844 540 3071 598 partibus
3109 540 3307 597 psalmi
3327 536 3650 584 manifeste.”
3682 553 3796 596 pr:-

2159 600 2323 645 mittit.
2352 600 2405 645 Et
2436 605 2538 645 orat
2564 614 2652 658 pro
2686 615 2758 657 se,
2796 616 2855 647 ne
2880 603 3077 648 deﬁciat
3103 602 3160 647 in
3200 602 3451 659 passione
3481 617 3496 647 :
3522 606 3571 646 et
3608 614 3694 658 pro
3724 614 3797 645 re-

2159 662 2466 707 surrectione
2511 676 2620 723 sua,
2667 669 2711 707 et
2746 664 3123 720 gloriﬁcatione.
3171 664 3305 722 Agit
3335 664 3500 710 etiam
3552 664 3615 709 de
3640 666 3793 720 rep-ut

2160 723 2300 769 sione
2323 724 2606 788 Judteorum
2633 726 2887 788 praesenti,
2906 733 2952 772 et
2970 727 3029 773 de
3055 727 3395 772 damnatione
3425 730 3640 783 aeterna,
3667 731 3713 769 et
3737 726 3767 769 ii

2158 787 2465 833 assumtione
2509 787 2763 844 Gentium,
2813 787 2969 834 etde
3022 788 3409 848 glorificatione
3459 788 3690 835 ﬁdelium
3743 788 3789 831 i1:

2159 852 2431 897 aeternum:
2469 849 2543 894 sic
2565 850 2738 895 dicens
2779 862 2792 900 :

2642 944 3039 1009 PSALMUS
3084 945 3263 1009 LIV.

2239 1063 2410 1133 267
2441 1064 2492 1120 2.
2523 1067 2750 1117 Exaudi
2774 1069 2911 1118 Deus
2947 1070 3258 1118 orationem
3285 1084 3503 1128 meam,
3531 1074 3580 1117 et
3606 1086 3669 1117 ne
3699 1070 3785 1118 de-

2154 1138 2391 1201 spexeris
2407 1138 2833 1202 deprecationem
2851 1155 3048 1189 meam:
3070 1142 3262 1205 [Vers.
3276 1140 3358 1204 3.]
3382 1141 3620 1189 Intende
3634 1141 3784 1191 mihi.

2156 1214 2201 1256 et
2221 1209 2424 1257 exaudi
2454 1224 2553 1261 me.
2588 1212 2766 1272 Quasi
2798 1212 2982 1263 dicat:
3010 1213 3055 1264 Ο
3093 1225 3203 1263 vos
3229 1211 3445 1263 ﬁdeles
3470 1212 3593 1262 mei
3617 1211 3785 1261 intri-

2157 1279 2546 1332 bulationibus
2575 1283 2765 1347 positi,
2792 1284 2965 1335 nolite
2989 1283 3240 1334 deficere
3266 1300 3279 1333 :
3307 1282 3421 1334 sed
3448 1283 3511 1333 in
3547 1283 3784 1332 Domino

2159 1357 2472 1416 sperantes,
2490 1358 2547 1403 et
2566 1355 3083 1406 remunerationem
3110 1356 3186 1406 ab
3218 1370 3276 1402 eo
3294 1362 3659 1415 expectantes,
3683 1370 3783 1401 me:

2158 1424 2419 1487 exemplo
2465 1429 2620 1476 orate
2653 1440 2665 1476 :
2702 1428 2838 1489 quia
2874 1437 2981 1489 ego
3018 1426 3078 1475 in
3104 1424 3380 1489 passione
3415 1426 3676 1488 positus.
3708 1428 3781 1474 sic

2158 1494 2318 1545 oravi
2340 1494 2413 1545 ad
2437 1496 2746 1547 Dominum
2777 1508 2790 1549 :
2827 1497 2871 1548 Ο
2898 1499 3050 1547 Deus
3084 1499 3269 1554 Pater,
3300 1495 3526 1547 exaudi
3560 1502 3782 1560 propter

2159 1565 2500 1628 dignitatem
2524 1566 2645 1618 Filii
2670 1568 2755 1619 tui
2771 1569 3090 1619 orationem
3119 1580 3336 1630 meam,
3371 1566 3782 1618 resuscitando

2159 1650 2247 1688 me
2269 1650 2304 1689 a
2336 1641 2538 1700 morte,
2564 1643 2620 1690 et
2640 1639 3003 1691 clariﬁcando
3035 1640 3098 1691 in
3125 1639 3417 1702 passione.
3450 1642 3537 1690 Ac
3565 1640 3617 1689 si
3642 1639 3781 1689 dice-

2157 1710 2278 1759 ret:
2324 1710 2489 1760 Pater
2538 1708 2785 1761 clariﬁca
2830 1710 3038 1761 Filium
3084 1714 3275 1774 tuum,
3315 1715 3383 1761 ut
3432 1710 3622 1760 Filius
3650 1715 3774 1760 tuus

444 1767 709 1845 Deusin
744 1767 909 1845 omni,
942 1766 1240 1845 sacrificia
1292 1771 1463 1845 altilis
1513 1763 1802 1845 gﬂerentis
1838 1764 2044 1845 1990891
2073 1764 2127 1838 B
2157 1779 2427 1831 clarificet
2462 1784 2518 1832 te
2566 1781 2741 1843 (Joan.
2786 1781 2911 1844 17.).
2955 1783 3026 1833 Et
3071 1794 3148 1833 ne
3193 1763 3548 1845 despexeris
3585 1782 3775 1845 depre-

446 1838 837 1900 intentionem,
862 1842 919 1888 et
942 1852 1060 1889 non
1083 1837 1218 1888 doni
1235 1836 1689 1900 magnitudinem
1707 1835 2044 1886 considerat.

448 1911 517 1960 Et
546 1913 763 1972 quanta
780 1914 869 1959 est
884 1909 1133 1968 devotio,
1158 1914 1213 1959 et
1231 1908 1501 1959 voluntas
1516 1907 1807 1959 offerentis
1825 1910 2049 1957 tantum

443 1985 534 2032 est
557 1980 709 2043 apud
731 1982 915 2031 Deum
931 1980 1113 2044 ipsius
1148 1980 1510 2030 sacriﬁcium.
1538 1979 1686 2029 Hinc
1702 1978 2052 2041 Moysesait:

445 2051 720 2115 Respexit
752 2052 1033 2103 Dominus
1046 2051 1118 2102 ad
1132 2051 1275 2102 Abel
1299 2056 1357 2102 et
1368 2051 1440 2101 ad
1456 2063 1697 2101 munera
1713 2051 1761 2112 ej
1773 2063 1837 2100 us
1853 2050 2052 2109 (Genes-

447 2122 542 2183 4.).
599 2124 723 2173 Non
748 2123 907 2187 prius
954 2122 1027 2174 ad
1068 2135 1329 2183 munera,
1378 2124 1475 2173 sed
1515 2122 1587 2172 ad
1616 2122 1759 2172 Abel
1784 2121 1939 2183 prius
1966 2132 2055 2170 re-

448 2194 711 2255 spexisse
722 2194 1005 2245 Dominus
1030 2194 1359 2257 perhibetur
1385 2208 1397 2244 :
1430 2193 1567 2254 quia
1588 2206 1708 2243 non
1730 2192 1933 2253 pensat
1954 2203 2052 2243 vo-

443 2263 723 2315 luntatem
749 2278 819 2315 ex
850 2277 1106 2319 munere.
1136 2264 1235 2314 sed
1270 2277 1485 2315 munus
1511 2276 1583 2313 ex
1610 2262 1928 2313 voluntate.
1966 2262 2053 2313 Ad

445 2334 584 2384 Cain
608 2348 743 2386 vero
769 2340 826 2385 et
852 2348 1092 2386 munera
1124 2336 1251 2399 ejus
1290 2347 1406 2386 non
1430 2334 1683 2398 respexit
1704 2332 1891 2396 (Ibid),
1919 2333 2053 2396 quia

444 2404 709 2455 videlicet
741 2402 914 2472 266
944 2407 1156 2457 bonam
1180 2407 1240 2457 in
1264 2419 1331 2457 eo
1358 2404 1715 2457 voluntatem
1740 2417 1859 2454 non
1885 2404 2046 2455 vidit.

446 2476 709 2538 Seipsum
737 2477 943 2527 obtulit
960 2478 1108 2527 Patri
1137 2476 1312 2527 Filius
1337 2476 1394 2526 in
1418 2476 1759 2527 sacrillcium
1779 2487 1879 2538 pro
1906 2478 2049 2522 nobis

443 2546 766 2599 voluntarie
791 2548 1043 2613 quidem,
1070 2548 1205 2611 quia
1227 2561 1346 2599 non
1371 2561 1441 2598 ex
1467 2548 1828 2608 necessitate,
1848 2546 1949 2595 sed
1974 2559 2047 2596 ex

442 2618 694 2669 caritate.
728 2622 851 2670 Non
878 2620 1031 2670 enim
1066 2624 1261 2670 coacta
1292 2620 1463 2681 dona,
1496 2625 1554 2670 et
1590 2624 1788 2669 coacta
1813 2618 2048 2668 servitia

440 2689 625 2751 diligit
647 2692 901 2742 Deus.Et
927 2691 1439 2753 conﬁtebornomini
1462 2696 1573 2751 tuo,
1600 2691 1759 2750 Deus,
1778 2689 2044 2753 quoniam

440 2760 640 2809 bonum
673 2768 764 2810 est.
800 2763 938 2813 Vere
976 2763 1190 2813 bonum
1238 2768 1344 2822 est,
1390 2765 1447 2814 et
1480 2763 1707 2813 salubre
1738 2761 2044 2812 animabus

439 2834 668 2891 nostris,
697 2838 999 2893 utcuncta,
1022 2847 1152 2897 quae
1176 2835 1404 2897 agimus
1429 2834 1501 2885 ad
1519 2833 1749 2885 laudem
1764 2834 2041 2892 etgloriam

438 2904 686 2955 nominis
705 2905 1091 2965 tuifaciamus,
1119 2910 1182 2956 ut
1199 2908 1315 2957 tota
1340 2905 1637 2957 voluntate
1652 2904 2040 2955 sacrilicemus

431 2976 567 3034 Deo,
619 2980 736 3027 toto
768 2976 935 3027 corde
985 2976 1360 3028 conﬁteamur
1398 2976 1618 3027 nomini
1650 2974 1891 3026 Domini.
1919 2973 2039 3023 Hoc

430 3046 739 3104 dulce,hoc
765 3048 998 3108 bonum,
1027 3048 1147 3099 hoc
1159 3061 1339 3100 suave
1363 3053 1470 3100 est.
1488 3047 1729 3111 Etponit
1752 3057 2037 3113 caussam,

430 3131 605 3181 quare
629 3118 738 3170 hoc
764 3120 1088 3172 faciendum
1112 3121 1202 3181 sit,
1236 3132 1368 3171 cum
1405 3120 1603 3171 subdit
1630 3133 1643 3169 :

2154 1852 2439 1903 cationem
2513 1865 2719 1915 meam,
2783 1853 2841 1904 id
2895 1858 3004 1914 est,
3066 1857 3301 1917 propter
3347 1853 3774 1903 humanitatem

2152 1927 2479 1973 assumtam
2519 1935 2591 1974 ne
2624 1923 2840 1974 habeas
2865 1923 3039 1975 vilem
3064 1924 3549 1985 deprecationem
3576 1936 3775 1983 meam.

2154 2006 2325 2056 quam
2371 1993 2516 2044 facio
2564 2007 2664 2057 pro
2695 1994 2985 2046 evitandis
3027 1994 3236 2045 malis:
3286 1994 3392 2045 sed
3446 1997 3649 2058 potius
3696 1995 3773 2043 in-

2155 2066 2326 2115 tende
2355 2064 2514 2128 mihi,
2538 2064 2595 2115 id
2640 2071 2748 2128 est,
2791 2066 2977 2129 ipsam
3021 2066 3453 2116 humanitatem
3492 2068 3583 2115 fac
3609 2067 3773 2115 inten-

2154 2148 2296 2193 sam,
2324 2135 2381 2187 id
2398 2140 2506 2198 est,
2522 2139 2984 2199 perseverantem
3009 2136 3071 2187 in
3094 2136 3372 2195 oratione,
3396 2136 3497 2187 vel
3520 2137 3585 2187 in
3611 2138 3774 2186 virtu-

2154 2208 2327 2269 tibus,
2347 2211 2405 2257 et
2421 2206 2481 2256 in
2492 2210 2803 2271 augmento
2818 2208 3100 2258 bonorum
3120 2208 3470 2271 operum.Et
3486 2208 3565 2256 sic
3578 2209 3773 2256 ωαιιάι

2151 2293 2253 2340 mc,
2294 2278 2532 2339 Quando
2564 2280 2624 2329 in
2659 2278 2856 2329 divina
2894 2278 3107 2342 pagina
3135 2279 3336 2342 oratio,
3361 2284 3423 2329 et.
3449 2278 3775 2343 deprecatio

2152 2349 2326 2401 simul
2351 2349 2600 2414 ponitur,
2635 2362 2669 2400 a
2703 2363 2763 2400 se
2789 2349 3037 2401 invicem
3085 2349 3393 2401 diﬁ‘erunt:
3426 2352 3573 2413 quia
3596 2352 3775 2401 oratio

2149 2426 2257 2484 est,
2298 2421 2529 2483 quando
2551 2420 2766 2483 aliquid
2799 2420 3113 2472 honestum
3142 2422 3416 2484 petimus,
3445 2421 3675 2473 scilicet
3706 2422 3773 2472 de

2148 2492 2257 2553 his,
2283 2504 2414 2553 qua:
2441 2490 2710 2543 volumus
2735 2492 2985 2553 assequi.
3019 2492 3355 2556 Deprecatio
3372 2506 3511 2543 vero
3537 2506 3645 2556 pro
3660 2495 3774 2543 evi-

2148 2563 2337 2613 tandis
2362 2562 2550 2626 malis,
2592 2562 2662 2613 de
2686 2562 2777 2613 his
2802 2564 3038 2619 scilicet,
3067 2576 3203 2626 qua:
3227 2575 3263 2613 a
3296 2563 3470 2614 nobis
3497 2563 3773 2614 volumus

2146 2634 2359 2697 repelli.
2378 2634 2685 2684 Sciendum
2711 2647 2942 2697 quoque
2968 2640 3076 2697 est,
3104 2635 3262 2697 quod
3282 2633 3611 2697 pterunque
3638 2648 3769 2698 quo-

2144 2706 2387 2756 rundam
2419 2705 3254 2769 deprecationemomnipotens
3276 2707 3429 2757 Deus
3456 2710 3516 2756 et
3533 2707 3772 2757 exaudit

2144 2782 2201 2827 et
2224 2776 2481 2839 despicit.
2522 2777 2669 2827 Hinc
2692 2780 2795 2838 est,
2828 2777 2981 2839 quod
3015 2776 3341 2828 Israeliticis
3366 2788 3599 2843 carnes,
3627 2791 3771 2841 quas

2141 2849 2290 2899 male
2308 2849 2615 2910 petierunt,
2640 2848 2822 2899 iratus
2841 2848 3040 2899 tribuit
3067 2848 3264 2911 (Exod.
3283 2848 3384 2909 16.)
3414 2848 3551 2898 :sed
3581 2862 3769 2912 quan-

2141 2923 2264 2970 tum
2289 2931 2487 2970 eorum
2534 2918 2843 2983 postulatio
2893 2919 3003 2970 sibi
3044 2915 3423 2983 displicuerit,
3452 2920 3633 2970 etiam
3663 2933 3764 2984 pu-

2140 2990 2352 3042 niendo
2384 2991 2745 3042 monstravit.
2764 2990 2927 3042 Unde
2944 2992 3227 3055 scriptum
3252 2996 3367 3041 est:
3395 2990 3612 3041 Adhuc
3638 3008 3760 3039 esca.-

2143 3074 2338 3113 eorum
2364 3067 2529 3113 erant
2544 3062 2602 3112 in
2615 3075 2710 3113 ore
2726 3062 3003 3125 ipsorum,
3020 3067 3081 3113 et
3097 3064 3182 3112 ira
3204 3062 3302 3113 Dei
3321 3062 3593 3113 ascendit
3610 3078 3758 3123 super

2143 3147 2242 3186 eos
2267 3134 2453 3195 (Num.
2498 3132 2559 3186 tl
2591 3150 2603 3189 ς
2632 3133 2773 3182 Ρειιι.
2822 3132 2947 3195 77.).
2977 3134 3069 3184 Sic
3092 3135 3287 3197 etiam,
3334 3133 3577 3196 quando
3604 3146 3759 3184 more

489 3190 539 3268 9,
572 3192 845 3268 ρειοηλίατη
864 3207 930 3268 ως
954 3180 1460 3268 antemnam
1483 3191 1732 3268 ενεριιίειε
1892 3189 2032 3268 ⁵ιάεο
2064 3180 2112 3253 c
2140 3180 2479 3256 astam
2498 3180 2776 3267 ganeum.
2802 3180 3757 3268 assint{assesasses

425 3261 544 3312 dixi
571 3262 675 3324 (Ex
696 3263 1039 3326 Augustino),
1059 3263 1196 3326 quia
1213 3264 1429 3313 bonum
1450 3276 1662 3314 nomen
1680 3267 1864 3313 tuum.
1892 3262 2033 3310 Nam

425 3332 474 3382 si
517 3332 626 3383 hoc
651 3346 885 3396 possem
906 3340 1039 3385 ante
1088 3334 1484 3385 tribulationes
1530 3346 1863 3397 agnoscere,
1890 3331 2033 3382 forte

423 3403 563 3453 mihi
587 3405 929 3455 necessarias
969 3418 1086 3455 non
1108 3404 1377 3455 fuissent.
1406 3404 1515 3454 Sed
1542 3405 1799 3455 adhibita
1823 3408 1913 3453 est
1934 3403 2033 3453 tri-

424 3474 640 3525 bulatio
684 3475 757 3525 ad
801 3476 1275 3537 admonitionem,
1322 3475 1641 3526 admonitio
1679 3475 1827 3527 facta
1850 3473 2032 3525 estad

430 3549 587 3595 tuam
629 3546 1037 3597 laudationem.
1066 3548 1191 3597 Non
1215 3548 1370 3598 enim
1395 3546 1791 3608 intelligerem,
1817 3547 1917 3597 ubi
1940 3559 2033 3597 es-

428 3628 567 3671 sem,
598 3616 709 3665 nisi
739 3616 809 3666 de
844 3616 1176 3667 inlirmitate
1200 3629 1329 3667 mea
1355 3617 1689 3669 admonitus
1714 3630 1920 3668 essem.
1949 3620 2032 3668 Ex

428 3686 699 3737 omnibus
722 3699 859 3749 ergo
888 3688 1349 3737 tribulationibus
1369 3690 1627 3750 eripuisti
1649 3701 1761 3740 me.
1782 3689 1852 3737 Et
1873 3705 2033 3751 super

428 3757 681 3805 inimicos
712 3772 853 3805 meos
884 3767 901 3785 ⁸
919 3758 1156 3820 despexit
1178 3757 1363 3807 oculus
1389 3773 1550 3808 meus.
1583 3761 1762 3822 Super
1786 3760 1913 3810 illos
1939 3760 2030 3809 Zi-

429 3828 630 3892 phtBOS
655 3828 919 3891 despexit
941 3827 1139 3880 oculus
1164 3841 1347 3880 meus.
1365 3828 1589 3880 Florem
1606 3830 1817 3893 quippe
1833 3842 2031 3881 eorum

432 3899 653 3961 transii,
686 3898 1052 3951 altitudinem
1082 3900 1270 3952 cordis
1292 3902 1364 3952 ad
1410 3905 1464 3951 te
1508 3900 1718 3962 levavi,
1744 3904 1802 3953 et
1827 3915 2029 3965 perve-

426 3970 593 4020 niens
618 3971 751 4022 inde
781 3971 1019 4035 despexi
1055 3985 1229 4035 super
1252 3972 1396 4025 illos.
1424 3975 1492 4025 Et
1520 3972 1653 4036 vidi,
1682 3975 1818 4036 quia
1841 3975 2030 4025 omnis

428 4054 560 4092 caro
585 4041 825 4097 fcenum.
852 4048 910 4094 et
946 4042 1173 4095 claritas
1200 4043 1466 4109 hominis,
1505 4049 1565 4095 ut
1597 4046 1701 4095 ﬁos
1724 4044 1858 4096 faeni
1887 4046 2028 4109 (Isai.

430 4113 560 4175 40.).
588 4115 709 4164 Hoc
752 4114 905 4177 agite
947 4127 1106 4178 ergo,
1156 4116 1378 4176 fratres,
1412 4129 1545 4166 cum
1567 4116 1777 4167 animis
1802 4118 2029 4169 vestris.

434 4183 646 4244 Erigite
675 4183 847 4235 corda
871 4190 1085 4236 vestra.
1105 4185 1365 4249 Expolite
1378 4186 1559 4237 aciem
1577 4187 1784 4237 mentis
1801 4190 2029 4240 vestras.

429 4254 640 4306 Discite
676 4256 855 4319 gratis
892 4256 1126 4320 diligere
1150 4259 1348 4307 Deum.
1379 4258 1589 4309 Discite
1614 4271 1871 4321 praesens
1894 4271 2034 4310 con-

429 4329 682 4378 temnere
698 4326 977 4379 seculum.
1009 4328 1218 4379 Discite
1244 4329 1563 4380 voluntarie
1586 4330 1906 4391 sacriﬁcare
1928 4330 2033 4382 ho-

427 4397 598 4447 stiam
612 4398 820 4449 laudis.
838 4400 1053 4451 Discite
1077 4400 1246 4450 etiam
1263 4412 1472 4451 nomen
1492 4400 1719 4451 Domini
1735 4403 2032 4450 admirabile

424 4481 492 4518 ac
517 4482 793 4533 magnum
819 4469 1052 4522 laudare
1068 4476 1126 4522 et
1154 4471 1439 4531 invocare,
1468 4475 1533 4522 ut
1559 4472 2033 4524 transcendentes

426 4541 632 4591 florum
668 4541 825 4602 fmni,
853 4542 1169 4604 respiciatis
1202 4556 1376 4606 super
1420 4543 1685 4595 inimicos
1720 4548 1965 4595 vestros.

757 4647 1115 4712 TITULUS
1168 4648 1492 4713 PSALMI
1538 4649 1707 4715 LIV.

487 4745 603 4795 1.1a
613 4746 861 4809 finem,in
875 4746 1211 4794 carminibus
1226 4748 1516 4796 intellectus
1528 4748 1720 4797 David:
1737 4751 2026 4801 Intellectus

427 4810 586 4866 hujus
601 4810 781 4873 psalmi
802 4811 1156 4873 attribuendns
1182 4818 1254 4873 est
1290 4813 1463 4868 David,
1488 4813 1539 4858 id
1564 4818 1654 4873 est,
1684 4813 1877 4859 Christo
1912 4828 2024 4872 per-

424 4873 673 4917 severanti
705 4872 759 4917 in
790 4872 962 4930 tinem,
996 4871 1046 4917 id
1070 4878 1158 4927 est,
1188 4872 1241 4919 in
1273 4871 1753 4921 consummationem
1781 4889 1885 4922 sua:
1915 4871 2028 4924 obe-

424 4934 649 4998 dienlitn.
680 4935 735 4998 Et
759 4934 850 4978 hoc
876 4933 937 4998 in
960 4932 1317 4998 carminibus,
1342 4936 1391 4981 id
1418 4941 1508 4998 est,
1549 4938 1732 4982 mentis
1756 4938 2024 4989 hilaritate.

424 4995 621 5041 Materia
640 4995 792 5051 hujus
812 4996 1078 5058 psaliniest
1105 4997 1331 5042 Christus
1356 4995 1504 5058 totus,
1537 4999 1724 5045 scilicet
1749 5004 2029 5051 secundum

425 5061 629 5122 caputet
646 5069 826 5122 f'tJl‘lltlS
860 5057 920 5100 ab
946 5057 1140 5122 iniquis
1159 5059 1415 5122 afﬂictum.
1433 5061 1522 5105 Sed
1544 5061 1827 5109 liberatum.
1844 5064 2027 5122 Propo-

426 5118 676 5182 nitautem
702 5118 845 5182 nobis
867 5119 1102 5165 membris
1124 5120 1234 5166 suis
1245 5122 1474 5167 Christus
1496 5122 1549 5168 in
1569 5123 1659 5169 hoc
1672 5118 2030 5182 psalmointel-

425 5180 706 5247 ligendnm,
722 5179 773 5224 id
794 5184 882 5247 est,
916 5193 1019 5227 non
1034 5182 1253 5247 segniter
1270 5184 1525 5247 memoriae
1550 5179 2027 5247 commendandum,

426 5242 721 5301 utexemplo
744 5243 1213 5307 suointeradversa
1235 5245 1402 5305 positi,
1437 5260 1465 5291 a
1508 5261 1594 5305 spe
1620 5261 1878 5307 nunquam
1904 5242 2026 5299 deti;

422 5307 647 5352 ciamus:
688 5305 773 5350 sed
800 5305 1101 5353 ﬁducialiter
1128 5311 1369 5355 tormenta
1394 5305 1760 5369 percurrentes,
1791 5316 2028 5361 aeternam

424 5382 453 5414 a
478 5369 571 5413 Deo
609 5380 870 5435 speremus
904 5370 1381 5435 remunerationem,
1419 5377 1465 5417 et
1494 5372 1874 5421 irrevocabilem
1914 5391 2025 5435 por-

424 5430 744 5496 sequenlium
770 5432 1143 5496 damnationem
1169 5430 1453 5483 credamus.
1480 5435 1579 5481 Hoc
1604 5440 1698 5487 est,
1734 5439 1866 5496 quod
1898 5430 2029 5484 circa

424 5492 575 5558 finem
600 5493 783 5551 psalmi
810 5495 1025 5541 breviter
1050 5496 1351 5553 continetur,
1382 5498 1468 5543 ubi
1485 5498 1671 5544 dicitur
1695 5492 1857 5547 :Jacla
1879 5514 2030 5558 super

424 5553 685 5601 dominum
710 5570 879 5603 curam
904 5562 1056 5607 luam.
1078 5558 1133 5604 Et
1163 5564 1272 5617 post
1305 5573 1488 5618 pauca:
1524 5561 1623 5620 Ego
1645 5566 1809 5608 autem
1835 5553 2031 5621 speravi

486 5693 914 5768 '_{\ugustinus,
932 5700 1186 5763 respexit,
1202 5712 1336 5751 cum
1353 5701 1609 5766 antiquis
1626 5701 1753 5752 aliis
1771 5703 2029 5755 Psalterii

425 5759 719 5836 codicibus
744 5763 897 5836 legit.
926 5759 1147 5827 Noster,
1176 5759 1268 5821 cui
1295 5759 1560 5833 Vulgata
1581 5773 1877 5835 versionis,
1896 5786 2030 5835 quas

425 5826 713 5880 Gallicana
740 5826 917 5898 audit,
944 5837 1109 5890 lectio
1139 5826 1371 5904 placuit,
1392 5826 1564 5894 etiam
1589 5843 1650 5894 in
1672 5826 2031 5895 enarratione

2134 3278 2248 3327 Deo
2274 3277 2559 3341 petierunt
2581 3295 2591 3324 :
2610 3276 2694 3327 eis
2722 3289 2916 3339 regem
2943 3277 3155 3327 habere
3180 3277 3445 3340 permisit
3477 3277 3717 3339 quidem
3741 3291 3753 3325 :

2134 3347 2234 3398 sed
2252 3354 2538 3411 quantum
2554 3360 2751 3398 eorum
2785 3347 2985 3411 petitio
3014 3348 3127 3398 sibi
3151 3348 3503 3411 displiceret,
3528 3352 3752 3396 Samueli

2132 3419 2477 3481 signiﬁcavit
2501 3418 2727 3469 dicens:
2756 3418 2907 3469 Audi
2932 3431 3139 3469 vocem
3162 3419 3433 3483 populiin
3459 3421 3755 3479 omnibus,

2130 3502 2264 3553 quas
2286 3489 2603 3552 loquuntur
2620 3490 2739 3540 tibi.
2764 3491 2884 3540 Non
2902 3490 3055 3540 enim
3074 3496 3130 3541 te
3151 3491 3504 3553 abjecerunt,
3526 3491 3633 3540 sed
3659 3508 3752 3547 me,

2129 3575 2203 3613 ne
2227 3574 2461 3624 regnem
2481 3573 2652 3624 super
2682 3573 2781 3611 eos
2807 3560 2875 3625 (1.
2910 3561 3035 3623 Reg.
3067 3561 3160 3623 8.).
3183 3562 3349 3623 Quod
3374 3562 3552 3612 etiam
3580 3567 3752 3613 testa-

2131 3638 2225 3684 tus
2250 3638 2341 3683 est
2364 3632 2593 3683 Samuel
2616 3632 2845 3682 dicens:
2865 3632 2979 3682 Vos
3003 3636 3201 3683 autem
3228 3634 3555 3698 projecistis
3583 3638 3747 3683 Domi-

2128 3717 2272 3755 num
2298 3704 2480 3754 Deum
2498 3706 2755 3753 vestrum
2770 3703 2868 3765 qui
2882 3706 3038 3753 solus
3058 3704 3311 3755 salvavit
3327 3717 3434 3754 vos
3448 3704 3527 3755 de
3543 3707 3750 3753 univer-

2130 3775 2209 3825 sis
2233 3774 2419 3836 malis,
2441 3779 2498 3825 et
2525 3773 2995 3824 tribulationibus
3023 3775 3234 3825 vestris
3256 3775 3321 3836 {1.
3348 3776 3474 3839 Reg.
3500 3776 3630 3837 10.).
3666 3778 3750 3827 Sic

2129 3859 2264 3910 ergo
2290 3858 2455 3896 suam
2479 3845 2797 3896 orationem
2820 3844 3082 3895 exaudiri
3108 3846 3388 3909 postulat,
3412 3853 3481 3898 ut
3499 3850 3634 3911 ejus
3657 3847 3751 3898 de-

2129 3917 2511 3981 precationem
2528 3918 2682 3968 Deus
2698 3929 2815 3967 non
2825 3915 3135 3979 despiciat:
3156 3918 3259 3968 sed
3271 3918 3569 3970 exauditio
3588 3923 3746 3980 ipsius

2128 3989 2373 4053 gratiam
2400 3987 2573 4038 simul
2604 3988 2913 4048 contineat,
2940 3993 2999 4039 et
3024 3987 3358 4040 utilitatem.
3385 3990 3491 4041 Cui
3517 3996 3746 4041 senten-

2137 4061 2231 4112 tite
2264 4061 2442 4111 verba
2473 4059 2742 4110 videntur
2764 4072 3104 4121 congruere,
3140 4073 3275 4123 quae
3309 4068 3660 4123 sequuntur.

2191 4130 2241 4185 3.
2270 4130 2486 4179 Intende
2510 4130 2670 4189 mihi,
2702 4136 2746 4178 et
2770 4131 2975 4178 exaudi
3002 4145 3101 4181 me.
3127 4131 3290 4181 Tunc
3315 4134 3478 4182 enim
3503 4132 3645 4183 mihi
3672 4134 3753 4183 in-

2132 4201 2317 4253 tendit
2341 4201 2643 4262 Dominus,
2659 4207 2715 4251 et
2739 4214 2858 4251 non
2872 4201 3059 4252 solum
3074 4203 3398 4253 orationem
3421 4216 3632 4263 meam,
3652 4203 3746 4254 sed

2133 4287 2226 4325 me
2251 4272 2514 4324 exaudit:
2542 4272 2844 4335 quandoid
2868 4273 3020 4336 quod
3033 4285 3142 4337 ego
3156 4276 3415 4337 postulo,
3447 4276 3524 4326 ad
3546 4277 3748 4326 utilita-

2131 4351 2252 4396 tem
2275 4346 2487 4396 animaa
2525 4356 2673 4395 mete
2696 4344 2910 4395 tribuit.
2934 4346 3004 4395 Et
3027 4345 3198 4407 quasi
3214 4349 3605 4407 quaereretur:
3632 4350 3747 4401 Quae

2136 4416 2238 4466 tibi
2262 4416 2596 4477 necessitas,
2614 4420 2680 4466 ut
2695 4415 2779 4465 sic
2792 4418 2847 4466 te
2861 4415 3122 4478 postules
3136 4416 3439 4467 exaudiri?
3456 4418 3746 4467 Contrista-

2135 4496 2219 4539 tus
2241 4505 2361 4539 sum
2385 4491 2609 4553 (inquit)
2656 4490 2715 4538 in
2740 4490 3124 4539 exercitatione
3148 4505 3291 4547 mea,
3332 4497 3379 4540 et
3404 4492 3746 4540 conturbatus

2132 4577 2254 4612 sum
2274 4562 2458 4626 [Vers
2477 4561 2549 4624 4.]
2573 4577 2608 4610 a
2628 4574 2750 4611 voce
2769 4561 3007 4621 inimici,
3024 4565 3073 4610 et
3094 4577 3129 4610 a
3147 4562 3505 4613 tribulatione
3517 4569 3747 4628 peccato-

2129 4634 2224 4682 ris.
2252 4633 2562 4685 Dominum
2586 4638 2852 4684 nostrum
2867 4634 3071 4684 Jesum
3101 4634 3405 4685 Christum
3426 4636 3487 4686 in
3509 4638 3744 4683 exemita-

2129 4706 2282 4757 tione
2308 4705 2596 4769 passionis
2633 4716 2755 4755 suaa
2779 4704 2998 4754 inimici
3023 4705 3215 4757 Judaei
3263 4706 3670 4757 maledicendo
3693 4710 3743 4755 et

2128 4775 2459 4827 tribulando
2478 4775 2982 4839 contristaverunt,
2997 4780 3053 4827 et
3066 4778 3595 4829 conturbaverunt.
3612 4780 3740 4825 Unde

2128 4847 2251 4911 ipse
2274 4840 2382 4898 ait:
2417 4846 2620 4897 Tristis
2665 4849 2754 4898 est
2795 4847 2994 4898 anima
3032 4861 3162 4899 mea
3185 4861 3377 4911 usque
3407 4849 3481 4899 ad
3506 4855 3741 4900 mortem

2130 4919 2338 4985 (Matth.
2380 4916 2509 4979 26.).
2559 4917 2765 4969 Adhuc
2793 4918 3066 4971 Ecclesiae
3108 4918 3328 4970 inimici
3368 4934 3483 4971 non
3515 4926 3740 4971 cessant

2130 4989 2423 5050 membris,
2468 4994 2568 5039 aut
2599 4990 2748 5040 mala
2778 4989 2977 5051 facere,
3015 4992 3064 5040 si
3110 4996 3379 5055 possunt,
3432 4998 3537 5043 aut
3560 4992 3604 5042 si
3631 5004 3740 5042 non

2131 5064 2400 5124 possunt.
2434 5061 2524 5110 vel
2569 5060 2870 5111 detrahere
2912 5065 2970 5110 et
3013 5060 3312 5125 derogare.
3360 5063 3514 5113 Hinc
3558 5062 3739 5113 inalio

2130 5132 2351 5196 psalmo
2376 5131 2601 5193 dicitur,
2623 5131 2730 5193 Qui
2755 5132 3079 5182 retribuunt
3103 5132 3257 5184 malo
3273 5147 3377 5197 pro
3394 5134 3562 5186 bonis
3574 5136 3735 5181 detra-

2134 5201 2500 5253 hebantmihi
2523 5202 2687 5263 (Psat.
2723 5201 2850 5264 37.).
2878 5203 2948 5252 Et
2969 5202 3135 5252 alibi:
3165 5205 3229 5253 In
3260 5204 3519 5269 idipsum
3543 5205 3733 5256 adver-

2131 5286 2263 5326 sum
2290 5286 2382 5325 me
2402 5274 2781 5324 susurrabant
2804 5286 3005 5323 omnes
3030 5274 3245 5325 inimici
3264 5277 3383 5327 mei
3403 5277 3727 5329 :adversum

2129 5357 2222 5395 me
2242 5344 2574 5408 cogitabant
2591 5343 2739 5394 mala
2765 5343 2926 5394 mihi.
2946 5345 3201 5395 Verbum
3225 5346 3501 5411 iniquum
3523 5347 3724 5399 consti-

2131 5420 2369 5467 tuerunt
2397 5415 2708 5466 adversum
2749 5428 2859 5475 me,
2901 5417 3011 5466 etc.
3053 5415 3216 5478 (Psat.
3256 5417 3381 5481 40.).
3427 5420 3507 5469 De
3531 5419 3726 5482 quibus

2135 5484 2504 5554 268adhuc
2532 5487 2825 5538 subditur:
2849 5486 3122 5545 Quoniam
3142 5488 3551 5538 declinaverunt
3576 5490 3627 5537 in
3652 5503 3722 5536 me

2131 5559 2461 5621 iniquitates.
2489 5558 2827 5609 Accusando
2844 5562 2901 5609 et
2925 5558 3307 5618 criminando,
3331 5561 3717 5621 sicutscriptum

2133 5702 2399 5752 subnexa
2413 5699 2897 5763 Augustinianam
2909 5699 3218 5753 lectionem
3233 5703 3287 5753 in
3305 5704 3544 5767 despexit
3556 5704 3712 5753 mutat

2131 5772 2271 5835 quin
2301 5776 2359 5822 ct
2385 5772 2585 5822 sensui
2607 5785 2713 5822 suo
2742 5776 2901 5834 aptat
2926 5773 2984 5823 in
3016 5777 3532 5839 consequentibus.

2193 5844 2214 5873 ιι
2237 5844 2502 5893 Fortasse
2526 5844 2749 5907 promit,
2774 5843 2942 5907 idest,
2973 5849 3194 5897 narrat.
