3880 6222
37 323 140 379 861

1055 322 1127 371 IN
1163 319 1483 373 PSALMOS
1516 318 1724 371 LXXV
1748 318 2337 371 COMMENTARIUS.

3241 313 3346 371 862

35 440 127 485 est
152 448 165 484 :
196 436 401 485 Nonne
425 434 571 483 bene
594 430 1025 504 dicimugquia
1046 431 1439 504 Samaritanus
1464 444 1546 489 es,
1578 435 1635 483 et
1655 435 1713 504 Î‘
1745 442 1881 504 nem
1900 436 2082 504 atque
2104 432 2163 482 in
2188 444 2381 504 amore
2404 433 2505 483 Dei
2527 433 2901 495 requiescere.
2928 435 2997 483 Et
3019 432 3345 494 frequenter

36 506 397 559 daemonium
419 504 599 555 habes
619 503 782 552 Joan.
814 500 920 564 8.)?
952 503 1020 551 Et
1042 504 1104 551 in
1138 503 1225 551 ira
1256 502 1456 552 molesti
1479 508 1634 551 erant

38 578 199 627 mihi.
214 574 616 643 -Verberando,
630 571 1041 636 colaphizando
1061 588 1073 623 :
1089 578 1144 624 et
1156 586 1273 623 non
1283 573 1457 635 juste,
1478 572 1579 623 sed
1593 574 1644 620 in

35 648 137 707 ira,
163 647 223 699 id
250 652 357 705 est,
385 649 615 709 propter
637 645 782 695 iram
816 656 999 695 suam.
1017 645 1606 707 Scriptumestquippe
1633 660 1644 694 :

36 718 137 769 Fili
167 717 453 769 accedens
485 716 557 767 ad
597 716 939 766 servitutem
982 716 1099 779 Dei,
1134 719 1223 766 sta
1246 716 1304 766 in
1338 715 1568 778 justitia
1591 719 1650 766 et

38 790 263 851 timore,
300 794 355 840 et
386 800 645 852 praepara
679 787 938 839 animam
975 791 1132 838 tuam
1165 787 1237 838 ad
1274 788 1649 839 tentationem

36 858 360 923 {Eccles.2.).
398 860 523 910 Non
566 859 647 911 ait
668 858 741 909 ad
768 858 1022 921 quietem
1044 863 1099 909 et
1128 859 1516 922 securitatem,
1548 857 1649 921 sed

37 933 109 984 ad
138 932 405 983 timorem
422 932 478 982 et
496 930 569 981 ad
596 929 1215 981 tentationem.0mnes
1237 930 1411 994 enim,
1436 929 1537 993 qui
1559 930 1649 992 pie

40 1003 246 1055 volunt.
281 1003 478 1055 vivere
511 1002 572 1053 in
595 1000 841 1064 Christo,
865 1001 1325 1065 persecutionem
1357 1002 1651 1064 patiuntur

40 1072 109 1137 (2.
151 1074 288 1124 Tim.
321 1072 415 1135 3.).
442 1074 525 1124 De
544 1072 723 1136 justis
748 1073 921 1124 etiam
944 1070 1080 1123 alibi
1104 1072 1187 1123 sic
1211 1072 1448 1136 Sapiens
1463 1071 1650 1135 loqui-

40 1145 132 1194 tur
161 1157 174 1193 :
214 1143 521 1194 Estimata
562 1148 653 1193 est
681 1142 931 1206 afflictio,
967 1142 1159 1193 exitus
1198 1141 1423 1193 illorum
1454 1158 1465 1193 :
1496 1147 1554 1193 et
1575 1142 1648 1193 ab

48 1214 253 1266 itinere
273 1215 437 1278 justo
464 1215 731 1273 abierunt
752 1214 811 1265 in
841 1214 1247 1265 exterminium
1274 1211 1541 1278 (Sap.3.).
1564 1213 1649 1265 Si-

51 1285 262 1337 militer
284 1291 342 1338 et
363 1286 675 1351 Apostolus
700 1300 712 1336 :
734 1286 992 1350 Lapidati
1016 1291 1171 1348 sunt,
1194 1285 1333 1337 secti
1358 1291 1512 1345 sunt,
1533 1290 1650 1337 ten-

53 1358 154 1408 tati
185 1362 345 1421 sunt,
364 1358 421 1408 in
446 1357 730 1408 occisione
744 1356 917 1421 gladii
934 1358 1147 1409 mortui
1173 1360 1650 1408 sunt.circuierunt

38 1428 95 1481 in
117 1428 371 1490 melotis,
396 1428 453 1479 in
472 1428 714 1493 pellibus
738 1428 1292 1493 caprinis,egentes,
1316 1427 1647 1492 angustiati,

38 1499 227 1551 amicti
267 1499 445 1560 (Hebr.
485 1500 611 1563 12.).
645 1502 905 1564 Insuper,
949 1504 1007 1549 et
1047 1498 1174 1564 ipse
1200 1499 1458 1551 Salvator
1491 1499 1560 1550 de
1587 1512 1647 1549 se

38 1571 160 1635 ipso
176 1571 424 1634 loquens
436 1572 543 1623 ait:
567 1573 768 1623 Nonne
785 1570 912 1623 haec
927 1570 1189 1635 oportuit
1203 1571 1319 1634 pati
1334 1570 1643 1633 Christum,

45 1647 99 1693 et
142 1643 220 1692 ita
262 1642 480 1694 intrare
516 1643 576 1693 in
610 1641 850 1707 gloriam
883 1655 1051 1692 suam
1080 1642 1231 1704 (Luc.
1259 1640 1405 1705 24.)?
1428 1640 1515 1692 Ad
1538 1639 1649 1692 hoc

50 1714 307 1778 pertinet,
335 1715 489 1777 quod
516 1715 892 1778 subjunctum
925 1715 1015 1764 est
1044 1728 1057 1763 :

104 1788 148 1835 5.
185 1785 289 1835 Cor
304 1800 487 1834 meum
510 1785 888 1835 conturbatum
908 1791 981 1834 est
1004 1785 1061 1833 in
1078 1799 1177 1844 me,
1203 1789 1250 1832 et
1260 1784 1495 1848 formido
1509 1798 1645 1832 mor-

60 1856 122 1904 tis
145 1856 331 1905 cecidit
357 1872 518 1921 super
540 1872 639 1907 me.
656 1857 802 1909 Hinc
829 1857 1107 1920 scriptum
1120 1861 1209 1907 est
1227 1856 1286 1906 in
1303 1855 1638 1920 Evangelio:

54 1927 232 1990 Coepit
254 1939 482 1991 pavere,
510 1927 718 1980 taedere
752 1932 809 1980 et
843 1928 1023 1979 tristis
1047 1940 1175 1979 esse
1198 1928 1227 1977 J
1236 1940 1392 1985 esus,
1412 1932 1650 1991 etange-

49 1996 137 2048 lus
166 1999 396 2050 Domini
428 2000 783 2050 confortabat
817 2013 953 2051 eum
998 2000 1141 2062 (Luc,
1164 1996 1291 2062 22.).
1319 2000 1430 2050 Nec
1454 2002 1647 2050 tamen

46 2070 206 2121 nobis
231 2071 584 2122 credendum
598 2076 707 2134 est,
727 2075 792 2123 ut
808 2071 1161 2135 Redemptor
1180 2075 1398 2134 noster,
1425 2070 1521 2133 qui
1547 2084 1647 2134 po-

50 2144 310 2194 testatem
328 2142 580 2195 habebat
596 2143 851 2207 ponendi
874 2142 1131 2194 animam
1158 2154 1341 2205 suam,
1368 2146 1425 2193 et
1444 2142 1651 2193 iterum

50 2213 310 2264 sumendi
360 2226 486 2265 eam
527 2214 704 2276 (Joan.
752 2214 880 2276 10.),
929 2216 1213 2276 quantum
1247 2212 1320 2263 ad
1345 2225 1650 2276 personam

50 2296 205 2335 suam
241 2283 420 2336 ullam
453 2285 654 2337 mortis
686 2285 988 2336 habuisset
1027 2283 1427 2335 formidinem.
1458 2285 1565 2335 Sed
1590 2298 1651 2336 se

48 2354 294 2406 cundum
320 2358 581 2408 membra
606 2369 714 2408 sua
735 2356 847 2408 hoc
882 2357 1103 2407 dictum
1132 2355 1447 2419 accipimus
1472 2370 1484 2405 :
1518 2368 1649 2419 quae

49 2427 307 2489 quamvis
342 2427 402 2477 in
436 2428 639 2492 spiritu
670 2428 833 2479 fortia
859 2427 993 2483 sint,
1017 2429 1217 2477 tamen
1246 2428 1381 2489 quia
1405 2438 1535 2478 caro
1559 2431 1651 2478 est

48 2496 265 2550 infirma
296 2498 510 2562 (Matth.
538 2497 665 2561 26.),
704 2500 1011 2550 turbantur
1046 2497 1360 2560 aliquando
1410 2499 1561 2549 inter
1587 2511 1648 2549 se

49 2571 264 2633 propter
312 2582 564 2633 poenam,
613 2572 671 2621 et
721 2569 921 2621 mortis
945 2568 1388 2621 amaritudinem
1415 2569 1640 2622 timent.

49 2639 271 2703 Propter
292 2640 405 2692 hoc
435 2640 631 2692 subdit
656 2656 667 2692 :

105 2708 152 2763 6.
187 2712 371 2761 Timor
410 2718 455 2761 et
489 2718 688 2761 tremor
733 2715 1177 2774 veneruntsuper
1208 2724 1313 2761 me.
1342 2711 1536 2780 Timor
1570 2711 1642 2761 ad

47 2782 315 2835 animam:
346 2788 560 2836 tremor
590 2784 665 2835 ad
700 2796 910 2847 corpus
936 2782 1129 2835 referri
1159 2782 1533 2845 potest.Hinc
1555 2785 1644 2833 est

50 2854 196 2915 quod
238 2856 367 2918 ipse
408 2856 525 2907 ait:
568 2856 643 2907 Mi
679 2857 858 2915 Pater,
887 2855 935 2905 si
959 2854 1232 2919 possibile
1265 2858 1370 2914 est,
1396 2854 1642 2905 transfer

50 2924 273 2977 calicem
294 2927 522 2978 istuma
536 2939 626 2978 me
646 2927 853 2988 (Matth.
869 2924 996 2990 26.).
1022 2928 1287 2989 Atqueut
1309 2938 1371 2977 se
1388 2926 1641 2976 maxime

63 2996 252 3049 timore
275 2998 561 3062 percitum
586 2997 764 3049 fuisse
798 2997 1140 3061 ostenderet,
1171 3009 1290 3048 non
1314 2997 1488 3047 semel
1514 3001 1641 3047 tan-

62 3073 194 3131 tum,
251 3068 357 3121 sed
398 3073 483 3120 ter
526 3069 729 3131 oravit,
783 3068 1031 3120 eundem
1086 3080 1410 3119 sermonem
1446 3068 1644 3119 dicens

62 3140 259 3201 (Matth.
295 3138 447 3202 26.):
491 3144 545 3191 et
586 3141 761 3192 etiam
808 3139 870 3190 in
917 3139 1123 3202 agonia
1158 3139 1346 3190 factus
1373 3139 1645 3203 prolixius

1744 502 1876 564 pius
1899 502 2179 552 Dominus
2203 502 2401 566 implet
2424 504 2774 555 desiderium
2790 517 3012 563 eorum,
3027 507 3091 553 ut
3108 506 3347 562 elongent

1746 570 2033 634 fugientes
2050 572 2333 624 tumultus
2350 574 2664 625 carnalium
2676 575 3111 640 cogitationum,
3127 582 3276 635 atque
3289 578 3343 622 in

1752 643 2063 695 solitudine
2087 646 2371 706 maneant,
2404 645 2572 707 idest,
2596 646 2655 697 in
2688 649 2880 709 quiete
2896 645 3106 697 mentis
3131 656 3255 696 sum
3271 645 3342 696 de

1746 713 2087 766 iectabiliter
2105 715 2485 779 requiescant.
2504 719 2574 767 Et
2598 718 2776 768 uthoc
2800 718 2941 768 mihi
2965 716 3341 779 contingeret,

1747 796 1864 837 non
1888 787 2247 837 confidebam
2272 787 2333 837 in
2356 787 2575 838 viribus
2595 788 2759 838 meis.

1809 854 1860 910 9.
1896 857 2437 920 Eacspectabameum,
2464 858 2560 922 qui
2580 857 2791 906 salvum
2814 873 2898 905 me
2917 859 3036 919 fecit
3060 874 3093 908 a
3116 856 3346 922 pusilla-

1748 927 1996 976 nimitate
2027 930 2269 992 spiritus,
2315 933 2361 978 et
2396 934 2714 993 tempestate,
2739 928 2796 979 id
2832 934 2937 991 est,
2966 942 3128 992 spem
3151 941 3343 980 meam

1745 1000 2030 1061 ponebam
2054 999 2114 1051 in
2137 1000 2399 1062 Domino,
2419 1000 2516 1064 qui
2535 999 2786 1051 salvavit
2800 1012 2911 1057 me,
2929 1013 3000 1049 ne
3018 1000 3213 1051 fierem
3238 1013 3341 1063 pu-

1749 1068 1874 1121 sillo
1899 1070 2111 1122 animo.
2138 1072 2203 1119 Et
2227 1088 2261 1119 a
2286 1077 2600 1135 tempestate.
2619 1070 2676 1121 id
2693 1075 2801 1132 est,
2826 1071 2897 1120 ab
2920 1069 3078 1120 omni
3101 1082 3347 1121 commo-

1748 1139 1921 1199 tione,
1938 1141 2473 1194 Pusillanimitatem
2489 1143 2723 1206 spiritus
2740 1142 2942 1193 habuit
2955 1142 3175 1201 Petrus,
3189 1156 3349 1200 quan-

1748 1209 1821 1262 do
1859 1217 2098 1264 ventum
2132 1214 2389 1265 validum
2426 1220 2484 1265 et
2516 1214 2690 1265 maris
2714 1214 3118 1277 tempestatem
3140 1211 3350 1263 videns

1747 1284 1998 1345 expavit.
2015 1287 2084 1335 Et
2106 1298 2238 1336 cum
2260 1286 2533 1349 coepisset
2547 1286 2751 1349 mergi,
2768 1284 3117 1348 adjutorium
3136 1282 3227 1333 sui
3239 1284 3352 1330 Salâ€”

1746 1355 1961 1405 vatoris
2009 1358 2405 1419 exspectabat.
2451 1357 2615 1408 Unde
2639 1362 2696 1407 et
2729 1357 3051 1407 clamabat:
3081 1353 3344 1416 Domine,

1747 1424 1971 1476 salvum
1996 1440 2089 1478 me
2114 1428 2219 1479 fac.
2245 1430 2313 1479 Et
2338 1428 2662 1479 extendens
2684 1430 2854 1479 Jesus
2880 1438 3117 1478 manum
3140 1436 3347 1489 appre-

1748 1495 1948 1547 hendit
1970 1511 2104 1549 eum
2128 1504 2345 1562 atquea
2362 1499 2828 1563 pusillanimitate
2853 1498 3090 1563 spiritus
3113 1502 3172 1548 et
3196 1502 3346 1548 tem-

1744 1570 1965 1630 pestate
1989 1570 2403 1622 salvaviteum.
2423 1573 2493 1621 Et
2513 1576 2705 1621 tamen
2720 1569 3091 1633 reprehendit
3110 1569 3345 1619 dicens:

1747 1639 1987 1692 Modicee
2022 1641 2156 1693 fidei
2200 1654 2376 1705 quare
2409 1642 2685 1693 dubitasti
2709 1642 2919 1703 (Matth.
2950 1641 3095 1703 14.)?
3119 1640 3209 1691 Sic
3231 1639 3347 1703 ple-

1746 1722 1988 1773 rumque
2002 1711 2163 1763 electi
2176 1726 2308 1763 cum
2328 1712 2548 1765 validas
2562 1714 2945 1765 tentationum
2957 1710 3343 1775 impulsiones

1753 1781 2383 1843 vident,exinflrmitate
2395 1785 2570 1836 animi
2584 1789 2990 1849 tempestatem
3001 1789 3051 1832 et
3063 1783 3344 1843 periculum

1754 1852 1956 1904 salutis
1980 1855 2200 1919 timent,
2219 1861 2277 1907 et
2301 1856 2575 1918 sicmergi
2591 1857 2901 1920 incipiunt:
2926 1854 3028 1906 sed
3041 1855 3346 1905 tamennon

1746 1927 2150 1990 pereunt,quia
2172 1932 2574 1991 exspectantes
2594 1933 2651 1979 et
2672 1932 2933 1992 petentes
2955 1924 3240 1977 auxilium
3263 1921 3344 1972 diâ€”

1747 1996 1968 2055 vinum,
2012 1998 2157 2050 salvi
2190 1999 2355 2050 fiunt.
2406 1999 2514 2050 Sed
2561 2000 2711 2052 sicut
2758 2000 2870 2064 ipsi
2908 1998 3221 2054 salvantur,
3264 1993 3345 2055 ita

1745 2069 2065 2120 econtrario
2090 2071 2312 2133 reprobi
2333 2070 2764 2135 demerguntur.
2782 2073 2861 2122 De
2878 2070 3089 2134 quibus
3106 2064 3346 2131 prophe-

1746 2140 1919 2190 tando
1943 2140 2221 2205 protinus,
2248 2144 2305 2193 et
2331 2143 2548 2194 orando
2573 2144 2877 2207 subjungit
2903 2158 2915 2193 :

1816 2209 1896 2264 10.
1943 2211 2248 2275 Prtecipita,
2288 2214 2537 2276 Domine,
2584 2219 2629 2263 et
2667 2215 2843 2263 divide
2879 2214 3095 2277 linguas
3134 2222 3342 2258 eorum.

1745 2282 1853 2343 Qui
1880 2295 1943 2332 se
1965 2283 2114 2334 male
2138 2284 2490 2337 extulerunt.
2509 2286 2753 2349 Expedit
2776 2286 2859 2337 eis
2883 2285 2989 2349 (Ea:
3018 2279 3338 2346 Augustino)

1748 2357 1809 2403 ut
1834 2354 2285 2418 praecipitentur:
2318 2357 2412 2419 qui
2435 2356 2583 2407 male
2605 2357 3097 2420 conspiraverunt,
3111 2350 3345 2413 expedit

1742 2428 1808 2474 ut
1828 2423 2044 2489 linguae
2061 2438 2262 2477 eorum
2280 2428 2628 2480 dividantur.
2652 2428 2893 2489 Quidam
2907 2440 3005 2492 per
3016 2422 3343 2492 superbiam

1743 2500 2198 2548 construxerunt
2220 2499 2397 2549 altam
2416 2500 2635 2557 turrim,
2653 2504 2711 2551 et
2734 2491 3016 2551 Dominus
3032 2494 3235 2548 divisit
3248 2491 3347 2542 lin-

1742 2578 1890 2628 guas
1914 2580 2112 2619 eorum
2139 2570 2284 2631 (Gen.
2306 2569 2431 2631 11.).
2460 2571 2622 2621 Tunc
2647 2584 2708 2622 se
2721 2574 3018 2634 cceperunt
3045 2580 3163 2619 non
3180 2562 3347 2615 intel-

1741 2636 1934 2699 ligere.
1986 2640 2133 2688 Hinc
2161 2639 2309 2689 facta
2344 2645 2433 2691 est
2475 2641 2634 2705 origo
2678 2641 2964 2705 liguarum
3008 2641 3340 2691 multarum.

1742 2708 1928 2759 Antea
1951 2711 2105 2759 enim
2123 2722 2239 2760 una
2262 2710 2461 2773 lingua
2484 2717 2623 2763 erat.
2652 2714 2761 2765 Sed
2774 2714 2969 2777 lingua
2981 2724 3098 2762 una
3115 2719 3132 2738 Î¹
3156 2706 3344 2759 cordi-

1741 2779 1851 2830 bus
1879 2779 2197 2830 humilibus
2223 2782 2509 2845 proderat.
2542 2785 2618 2834 At
2648 2784 2747 2834 ubi
2781 2783 2878 2834 illa
2900 2781 3155 2834 collectio
3190 2779 3341 2829 inter

1741 2851 2228 2913 conspirationem
2264 2854 2549 2917 superbim
2573 2856 2929 2919 praecipitata
2953 2860 3061 2915 est,
3088 2848 3341 2917 pepercit

1740 2921 1852 2972 illis
1880 2924 2050 2986 Deus,
2078 2927 2141 2974 ut
2173 2923 2454 2976 divideret
2490 2926 2719 2989 linguas
2746 2939 2966 2990 eorum,
2998 2938 3072 2977 ne
3100 2935 3226 2974 sese
3250 2921 3340 2971 in-

1741 2993 2068 3057 telligendo,
2100 2995 2476 3058 perniciosam
2506 2997 2758 3049 facerent
2781 2999 3083 3049 unitatem.
3120 2997 3222 3046 Per
3246 3006 3343 3043 su-

1746 3066 1952 3129 perbos
1980 3065 2244 3118 homines
2276 3066 2482 3121 divisae
2517 3074 2655 3121 sunt
2691 3069 2920 3133 linguae.
2970 3071 3073 3121 Per
3095 3065 3343 3119 humiles

1746 3135 2059 3199 Apostolus
2072 3142 2432 3202 congregatas
2451 3141 2829 3205 suntlinguze.
2840 3140 3081 3204 Spiritus
3092 3138 3344 3199 supeubiaa

59 3210 247 3292 orabat
270 3228 293 3293 Ï„â€™
321 3214 379 3261 et
419 3209 602 3293 factus
639 3209 929 3293 estsudor
952 3211 1096 3293 ejus,
1124 3210 1272 3293 sicut
1296 3212 1480 3293 guttae
1507 3222 1642 3293 san-
1672 3219 1720 3293 C
1752 3206 2315 3293 dispersitâ€˜lilngâ€˜uam.
2335 3211 2577 3293 Spiritus
2602 3216 2837 3293 sanctus
2851 3209 3223 3291 congregavit
3238 3208 3346 3293 lin:

57 3281 239 3343 guinis
261 3282 621 3333 decurrentis
645 3282 702 3333 in
735 3288 935 3333 terram
968 3282 1109 3345 (Luc.
1136 3280 1263 3343 22.).
1294 3282 1432 3332 Haec
1469 3282 1642 3333 etiam

58 3353 220 3403 verba
256 3353 391 3417 plus
429 3355 715 3417 pertinent
754 3353 828 3404 ad
860 3354 1137 3415 membra,
1162 3365 1338 3415 quam
1358 3353 1430 3403 ad
1456 3357 1646 3417 caput.

58 3423 119 3471 Et
140 3430 495 3473 contexerant
525 3440 607 3474 me
639 3424 873 3474 tenebrae.
910 3424 973 3475 Id
1013 3430 1119 3484 est,
1150 3424 1338 3475 Judaei
1366 3425 1649 3475 tenebrosi

56 3500 107 3544 et
138 3497 289 3547 caaci.
322 3496 441 3547 Nisi
476 3498 629 3548 enim
662 3496 801 3549 cseci
844 3495 1109 3553 fuissent,
1142 3500 1199 3547 et
1236 3495 1531 3547 diabolicis
1565 3501 1643 3547 te-

57 3565 239 3617 nebris
283 3567 630 3625 obumbrati,
678 3567 882 3618 saltem
927 3578 999 3619 ex
1048 3566 1221 3617 tantis
1253 3566 1567 3618 virtutibus
1592 3571 1650 3617 et

54 3637 338 3689 miraculis
384 3638 676 3690 Christum
722 3651 1068 3700 cognoscere
1113 3638 1440 3703 potuissent
1464 3638 1641 3698 (Joan.

58 3705 173 3768 10.).
230 3709 337 3760 Vel
397 3709 455 3760 in
507 3723 604 3770 eo,
665 3709 821 3772 quod
867 3708 973 3771 ait,
1025 3709 1131 3759 Cor
1176 3721 1369 3760 meum
1415 3713 1648 3760 contur-

56 3777 242 3830 batum
281 3783 375 3831 est
419 3780 571 3831 intra
614 3793 726 3841 me,
765 3785 956 3843 potest
993 3780 1075 3830 ira
1115 3780 1374 3845 intelligi,
1426 3780 1496 3831 de
1532 3793 1646 3844 qua

56 3848 252 3901 dicitur
291 3850 466 3901 alibi:
496 3852 784 3902 Turbatus
830 3856 918 3901 est
962 3864 1079 3914 pra:
1124 3850 1207 3903 ira
1239 3852 1440 3903 oculus
1476 3865 1644 3904 meus

56 3920 207 3979 (Psat.
228 3920 323 3982 6.).
346 3924 414 3972 Et
444 3921 491 3972 si
505 3922 706 3973 oculus
744 3923 1009 3973 turbatus
1046 3927 1152 3984 est,
1185 3923 1321 3986 quid
1348 3923 1645 3986 sequitur?

56 3991 118 4041 Et
138 3990 380 4044 formido
404 3993 608 4044 mortis
629 3993 831 4044 cecidit
849 4005 1021 4056 super
1044 4005 1136 4043 me
1160 4013 1170 4040 :
1202 3993 1317 4045 vita
1340 3999 1538 4045 nostra
1554 3993 1644 4043 di-

53 4060 228 4123 lectio,
255 4076 414 4115 mors
438 4064 633 4115 odium
671 4069 777 4115 est.
811 4066 955 4115 Cum
980 4065 1216 4127 coeperit
1240 4064 1412 4115 homo
1445 4065 1642 4115 timere

54 4144 122 4182 ne
144 4133 328 4186 oderit
360 4148 533 4197 quem
556 4134 847 4197 diligebat,
875 4138 1116 4185 mortem
1143 4135 1641 4194 timet,etacriorem

54 4209 287 4256 mortem
312 4210 370 4257 et
392 4206 736 4265 interiorem,
762 4218 878 4269 qua
894 4205 1172 4257 occiditur
1194 4206 1387 4255 anima
1399 4218 1518 4256 non
1529 4217 1644 4255 cor-

56 4286 176 4336 pus.
210 4276 351 4327 Inde
386 4277 570 4337 timor,
598 4279 654 4329 et
678 4280 889 4328 tremor
931 4281 1217 4328 venerunt
1242 4289 1415 4337 super
1440 4288 1549 4339 me,
1585 4280 1643 4326 et

53 4352 431 4399 contexerunt
453 4361 545 4399 me
567 4350 833 4400 tenebrae.
858 4347 1141 4410 Quoniam
1158 4347 1258 4410 qui
1275 4346 1392 4397 odit
1408 4348 1640 4397 fratrem

55 4429 239 4479 suum,
264 4419 325 4469 in
352 4420 603 4470 tenebris
628 4424 716 4471 est
740 4420 809 4481 (1.
843 4420 1008 4469 Joan.
1035 4417 1131 4482 2.).
1164 4420 1233 4469 Et
1256 4418 1393 4481 quid
1418 4417 1527 4469 sibi
1561 4419 1642 4469 ait

52 4487 107 4537 in
136 4488 227 4539 illa
251 4490 675 4551 exercitatione,
702 4495 758 4541 et
781 4490 1113 4541 infirmitate
1152 4489 1374 4553 positus
1392 4494 1415 4537 '2

111 4563 153 4609 '7.
200 4560 265 4608 Et
298 4560 439 4622 dixi,
471 4562 600 4619 Quis
625 4560 770 4610 dabit
794 4556 936 4610 milii
961 4576 1185 4624 pennas,
1211 4560 1347 4609 sicut
1370 4560 1637 4625 columbae,

49 4635 91 4676 et
106 4630 301 4692 volabo,
328 4636 374 4680 et
396 4633 759 4695 requiescam?
783 4634 847 4683 In
869 4632 979 4683 hac
1004 4630 1367 4683 tribulatione
1386 4645 1504 4683 non
1538 4632 1639 4684 de-

53 4702 291 4765 speravi,
328 4702 427 4753 sed
475 4703 615 4765 dixi,
641 4703 698 4754 id
722 4709 828 4766 est,
856 4703 935 4754 ita
959 4706 1179 4755 Patrem
1214 4716 1410 4754 meum
1440 4705 1637 4756 oravi:

50 4770 344 4825 Resuscita
354 4786 446 4824 me
460 4775 624 4826 Pater
634 4775 786 4838 apud
806 4775 1346 4838 temetipsum.Nam
1364 4775 1495 4838 quis
1511 4779 1643 4826 alius

52 4848 253 4904 praeter
278 4849 351 4907 te,
377 4846 519 4896 mihi
542 4846 817 4897 existenti
842 4846 991 4897 sicut
1018 4846 1321 4908 columbae,
1346 4847 1402 4897 id
1429 4852 1531 4911 est,
1558 4848 1641 4898 in-

51 4916 272 4966 nocenti
298 4921 357 4968 et
381 4917 506 4967 sine
531 4916 659 4968 felle
683 4917 1107 4980 amaritudinis,
1135 4917 1294 4970 dabit
1316 4930 1554 4982 pennas,
1582 4920 1637 4970 id

50 4991 153 5062 est2
174 4985 497 5062 agilitatem
535 4993 594 5062 et
614 4988 1103 5062 possibilitatem,
1122 4993 1178 5039 et
1202 4988 1427 5062 volabo,
1452 4989 1509 5040 id
1524 4993 1641 5062 est,

55 5053 221 5124 269
249 5058 505 5110 transibo
522 5058 592 5110 de
614 5058 722 5110 hoc
738 5059 955 5109 mundo
979 5059 1052 5110 ad
1081 5060 1305 5112 Patrem
1324 5060 1503 5121 (Joan.
1519 5053 1638 5124 13.):

50 5126 117 5177 de
140 5128 380 5180 Judaico
404 5129 615 5193 populo
638 5129 711 5181 ad
737 5130 1038 5194 Gentilem,
1062 5134 1121 5181 et
1146 5131 1224 5181 ibi
1247 5132 1644 5194 requiescam?

50 5198 115 5249 Et
134 5211 249 5251 non
273 5200 646 5252 frustrabitur
669 5202 846 5253 oratio
870 5214 1017 5253 mea.

106 5268 157 5322 8.
182 5272 325 5322 Nam
351 5272 480 5321 Ecce
495 5272 985 5336 etongavifugiens,
999 5278 1043 5322 et
1059 5274 1239 5322 mansi
1256 5273 1317 5321 in
1330 5273 1642 5323 solitudine.

47 5340 105 5389 In
121 5342 425 5395 manifesto
448 5348 557 5405 est,
584 5344 736 5406 quod
762 5357 870 5408 ego
896 5344 1141 5407 fugiens,
1166 5344 1585 5395 idestceleriter
1609 5358 1642 5396 a

46 5414 223 5464 morte
242 5426 568 5479 resurgens,
604 5414 870 5478 elongavi
902 5416 1188 5466 mundum
1218 5414 1308 5467 vel
1333 5416 1640 5467 Judaicum

45 5483 340 5547 populum,
361 5491 418 5536 et
439 5485 627 5535 mansi
653 5485 711 5535 in
740 5485 1065 5545 solitudine,
1091 5487 1258 5545 idest,
1286 5486 1343 5536 in
1369 5486 1529 5550 caelo,
1551 5487 1643 5539 vel

47 5553 102 5604 in
125 5556 472 5607 Gentilitate.
496 5555 837 5608 Desiderant
860 5558 1160 5609 sanctiviri
1174 5570 1390 5621 pennas
1407 5558 1643 5608 sicutco-

46 5622 279 5688 lumbm,
296 5627 465 5685 idest,
496 5626 819 5689 spirituales
845 5628 1108 5692 virtutes,
1131 5632 1195 5679 ut
1220 5634 1410 5679 mente
1427 5629 1640 5679 relictis

49 5697 286 5749 terrenis
312 5697 505 5751 volare
530 5698 754 5761 possint
764 5713 863 5763 per
886 5699 1178 5752 caelestem
1197 5702 1422 5751 contem
1427 5699 1631 5764 platio-

1752 3291 1898 3342 guas
1926 3280 2052 3341 (Act.
2080 3278 2172 3342 2.).
2198 3281 2305 3343 Qui
2322 3281 2519 3333 volunt
2542 3296 2715 3334 unam
2739 3283 3015 3347 linguam,
3034 3281 3271 3333 veniant
3283 3281 3345 3328 ad

1752 3349 2059 3401 Ecclesiam
2081 3366 2092 3401 :
2110 3352 2243 3414 quia
2260 3353 2317 3403 in
2328 3353 2659 3406 diversitate
2671 3354 3001 3417 linguarum
3026 3352 3346 3415 carnis,una

1749 3425 1838 3473 est
1870 3421 2070 3485 lingua
2103 3423 2165 3474 in
2209 3423 2322 3475 ï¬‚de
2355 3424 2563 3475 cordis.
2610 3426 2898 3489 Praecipua
2937 3430 2984 3473 et
3022 3424 3199 3472 divide
3242 3422 3352 3470 tin-

1748 3508 1884 3556 guas
1911 3508 2116 3544 eorum.
2157 3496 2382 3556 Quare?
2428 3496 2699 3554 Quoniam
2739 3497 2853 3546 vidi
2895 3496 3247 3558 iniquitatem
3304 3498 3349 3542 et

1748 3565 2227 3615 contradictionem
2272 3566 2333 3615 in
2384 3568 2629 3618 civitate:
2658 3568 3023 3631 Iniquitatem
3068 3567 3128 3617 in
3173 3568 3343 3617 aclu:

1748 3636 2254 3689 contradictionem
2289 3638 2350 3689 in
2396 3640 2605 3699 verbis,
2657 3640 2717 3690 in
2750 3640 2998 3697 civitate,
3049 3638 3108 3689 id
3146 3642 3252 3696 est,
3285 3637 3344 3689 in

1746 3708 2020 3760 societate
2046 3721 2357 3772 pravorum
2381 3710 2517 3762 vidi.
2553 3714 2654 3765 Est
2683 3710 2951 3774 quaedam
2976 3709 3181 3760 civitas
3225 3712 3344 3759 tur-

1748 3778 1997 3831 bulenta.
2047 3781 2177 3843 Ipsa
2226 3782 2348 3833 erat
2391 3793 2524 3844 quae
2556 3782 2761 3833 turrim
2786 3782 3187 3833 tediï¬caverat.
3212 3782 3344 3843 Ipsa

1744 3849 1986 3902 confusa
2052 3855 2170 3916 est,
2216 3856 2273 3903 et
2326 3852 2616 3917 appellata
2674 3858 2765 3904 est
2828 3853 3174 3915 Babylonia:
3217 3851 3342 3915 ipsa

1745 3934 1846 3984 per
1873 3922 2209 3974 innumeras
2233 3929 2439 3988 gentes
2462 3922 2721 3987 dispersa
2744 3924 2892 3985 (Gen.
2921 3923 3045 3986 11.).
3063 3922 3199 3974 Inde
3215 3935 3343 3973 con.

1743 3997 2017 4057 gregatur
2029 3993 2279 4045 Ecclesia
2296 3995 2355 4045 in
2372 3995 2668 4046 desertum
2682 3997 2851 4047 bonte
2862 3995 3132 4046 conscien
3139 3994 3347 4046 timNoâ€”

1742 4063 1830 4113 nit
1853 4064 2115 4114 Christus
2147 4079 2158 4113 :
2182 4065 2530 4116 contradixit
2559 4067 2610 4115 ei
2633 4066 2839 4117 civitas
2863 4066 3078 4128 iniqua.
3098 4068 3342 4113 Extende-

1743 4134 1841 4184 bat
1863 4135 1957 4185 ille
1982 4147 2190 4186 manus
2219 4133 2389 4201 270
2418 4135 2490 4186 ad
2512 4136 2788 4199 populum
2810 4148 2930 4186 non
2945 4136 3272 4187 credentem
3299 4144 3347 4183 et

1742 4205 2411 4265 contradicentem.Quod
2429 4219 2563 4268 ergo
2579 4207 2673 4258 hic
2696 4208 2793 4266 ait,
2809 4207 3177 4270 Iniquitatem,
3210 4214 3346 4269 per-

1742 4276 1879 4326 fidia
1900 4276 2128 4327 illorum
2152 4279 2345 4340 potest
2366 4277 2624 4340 intelligi.
2642 4278 2696 4329 Si
2732 4277 2885 4329 enim
2915 4279 3112 4340 justus
3137 4281 3225 4327 est
3250 4280 3341 4336 qui

1741 4360 1810 4398 ex
1838 4348 1951 4398 fide
1978 4349 2141 4410 vivit,
2160 4348 2393 4409 iniquus
2418 4352 2509 4399 est
2531 4349 2631 4412 qui
2655 4361 2771 4399 non
2784 4349 2957 4400 habet
2972 4348 3167 4399 fidem.
3186 4350 3344 4407 Igitur

1741 4418 2049 4470 infidelitas
2087 4424 2176 4469 est
2208 4419 2498 4481 iniquitas.
2537 4422 2654 4471 Nec
2688 4418 2846 4470 solus
2878 4419 3111 4482 iniquus
3133 4421 3223 4469 est
3244 4419 3341 4481 qui

1745 4503 1863 4540 non
1886 4491 2084 4551 credit,
2118 4490 2220 4541 sed
2246 4491 2421 4541 etiam
2443 4490 2510 4553 is,
2538 4491 2638 4553 qui
2668 4488 2813 4540 male
2837 4490 2999 4541 vivit.
3026 4492 3108 4540 De
3134 4489 3342 4540 talibus

1748 4562 1903 4611 enim
1926 4562 2179 4624 loquitur
2202 4562 2534 4625 Apostolus,
2573 4561 2678 4623 Qui
2710 4561 3054 4611 confitentur
3079 4573 3141 4611 se
3166 4572 3341 4611 nosse

1748 4634 1949 4693 Deum,
1977 4634 2143 4685 factis
2174 4638 2371 4685 autem
2397 4639 2613 4696 negant
2650 4634 2821 4691 (Rom.
2844 4632 2934 4695 1.).
2962 4631 3166 4683 Adhuc
3203 4644 3343 4685 sane

1743 4703 1898 4755 illius
1925 4704 2442 4768 civitatisreliquiee
2468 4705 2722 4757 saeviunt
2737 4709 2794 4756 et
2816 4703 3243 4755 contradicunt:
3273 4703 3344 4756 de

1746 4789 1860 4839 qua
1874 4777 2065 4827 adhuc
2090 4778 2217 4840 subj
2227 4777 2493 4839 ungitur:

1806 4847 1889 4901 11.
1939 4848 2037 4897 Die
2071 4865 2133 4897 ac
2172 4852 2335 4909 nocte,
2372 4848 2537 4908 idest,
2564 4847 2798 4899 assidue
2824 4846 3183 4896 circumdabit
3219 4861 3340 4895 eam

1739 4935 1899 4983 super
1942 4935 2146 4980 muros,
2193 4920 2363 4981 idest,
2419 4932 2595 4983 super
2630 4920 2878 4981 majores
2908 4919 3034 4980 ejus
3070 4917 3343 4981 iniquitas

1743 4992 2087 5055 Plerumque
2111 4991 2310 5042 dicunt
2332 4991 2623 5041 homines:
2649 4992 2829 5041 Nemo
2848 4992 3169 5041 remaneret
3194 5004 3346 5049 paga~

1739 5075 1870 5123 nus,
1898 5064 1947 5114 si
1970 5064 2047 5115 illi
2074 5064 2276 5115 fierent
2292 5062 2613 5113 Christiani.
2629 5062 2736 5123 Qui
2760 5075 2895 5125 ergo
2922 5061 3181 5112 nondum
3199 5060 3343 5110 fiunt

1742 5134 2068 5193 Christiani,
2113 5135 2279 5198 quasi
2313 5134 2461 5185 muri
2488 5138 2629 5185 sunt
2663 5133 2815 5185 illius
2839 5132 3109 5197 civitatis,
3144 5135 3201 5183 et
3225 5143 3343 5182 non

1741 5204 2029 5256 credentis
2054 5211 2110 5257 et
2132 5205 2601 5257 contradicentis.
2620 5205 2978 5273 Quicumque
2992 5204 3165 5254 alium
3178 5205 3342 5273 defen-

1741 5275 1829 5326 dit
1862 5276 1920 5324 in
1946 5282 2198 5340 peccato,
2228 5290 2431 5328 murus
2455 5282 2545 5328 est
2568 5272 2818 5328 civitatis
2842 5276 3078 5337 iniqua.
3108 5273 3174 5322 Et
3191 5272 3342 5321 labor

1742 5347 1799 5394 in
1836 5346 2011 5393 medio
2028 5348 2162 5410 ejus,
2187 5354 2230 5397 et
2252 5349 2543 5410 injustilia.
2573 5347 2705 5399 Ideo
2729 5347 2889 5398 labor
2910 5347 3007 5409 ibi,
3052 5344 3187 5407 quia
3235 5344 3343 5394 ini-

1741 5416 1933 5479 quitas
1949 5416 2045 5479 ibi,
2073 5419 2209 5480 quia
2229 5419 2513 5480 injustitia
2528 5419 2622 5469 ibi.
2643 5418 3002 5480 Ubicumque
3019 5415 3345 5468 viderisini-

1740 5487 2042 5550 quitatem,
2090 5489 2166 5538 ibi
2213 5490 2465 5551 intellige
2499 5489 2770 5539 laborem.
2806 5488 2912 5549 Qui
2959 5487 3195 5551 iniquus
3237 5490 3344 5547 est,

1740 5568 2059 5617 numquam
2082 5570 2280 5619 pacem
2302 5558 2552 5609 habebit.
2580 5560 2833 5619 Torquet
2861 5557 3014 5607 enim
3046 5568 3178 5607 eum
3208 5568 3340 5607 con-

1743 5626 1985 5678 scientia
2030 5638 2152 5687 sua,
2203 5633 2259 5679 et
2299 5629 2421 5690 ipse
2467 5631 2556 5679 est
2589 5628 2775 5680 hostis
2813 5639 2979 5677 suus.
3020 5628 3253 5689 Semper
3284 5626 3344 5676 in

1744 5697 2016 5762 superbia
2041 5696 2201 5749 labor
2226 5702 2334 5759 est,
2362 5698 2513 5749 sicut
2536 5700 2851 5751 econtrario
2863 5698 3025 5761 quies
3036 5697 3096 5748 in
3110 5696 3345 5747 humili-

105 5846 121 5863 '
155 5835 328 5900 Apud
353 5835 758 5901 Augustinum,
784 5854 899 5887 una
924 5838 1117 5903 lingua
1139 5838 1488 5889 concordibus
1509 5840 1781 5903 proderat,
1814 5850 1923 5885 una
1948 5834 2141 5897 lingua
2166 5831 2464 5884 humilibus
2483 5837 2761 5897 praderat.
