  <div class='ocr_page' id='page_1' title='image "/cluster/home/n/w/nwhite01/storage/ocr_20150623/20-21/uva.x000826555/1045.png"; bbox 0 0 3880 6222; ppageno 0'>
   <div class='ocr_carea' id='block_1_1' title="bbox 479 315 585 370">
    <p class='ocr_par' dir='ltr' id='par_1_1' title="bbox 479 315 585 370">
     <span class='ocr_line' id='line_1_1' title="bbox 479 315 585 370; baseline -0.009 0"><span class='ocrx_word' id='word_1_1' title='bbox 479 315 585 370; x_wconf 83' lang='grc'>863</span> 
     </span>
    </p>
   </div>
   <div class='ocr_carea' id='block_1_2' title="bbox 479 428 2079 484">
    <p class='ocr_par' dir='ltr' id='par_1_2' title="bbox 479 428 2079 484">
     <span class='ocr_line' id='line_1_2' title="bbox 479 428 2079 484; baseline 0.004 -7"><span class='ocrx_word' id='word_1_2' title='bbox 479 432 613 477; x_wconf 91' lang='lat' dir='ltr'>tate.</span> <span class='ocrx_word' id='word_1_3' title='bbox 640 428 789 479; x_wconf 81' lang='lat' dir='ltr'>Ilinc</span> <span class='ocrx_word' id='word_1_4' title='bbox 813 430 1074 481; x_wconf 85' lang='lat' dir='ltr'>Salvator</span> <span class='ocrx_word' id='word_1_5' title='bbox 1095 443 1204 481; x_wconf 92' lang='lat' dir='ltr'>nos</span> <span class='ocrx_word' id='word_1_6' title='bbox 1240 431 1516 484; x_wconf 91' lang='lat' dir='ltr'>admonet</span> <span class='ocrx_word' id='word_1_7' title='bbox 1545 433 1777 484; x_wconf 91' lang='lat' dir='ltr'>dicens:</span> <span class='ocrx_word' id='word_1_8' title='bbox 1806 433 2022 483; x_wconf 92' lang='lat' dir='ltr'>Discite</span> <span class='ocrx_word' id='word_1_9' title='bbox 2044 446 2079 484; x_wconf 88' lang='lat' dir='ltr'>a</span> 
     </span>
    </p>
   </div>
   <div class='ocr_carea' id='block_1_3' title="bbox 481 498 2079 565">
    <p class='ocr_par' dir='ltr' id='par_1_3' title="bbox 481 498 2079 565">
     <span class='ocr_line' id='line_1_3' title="bbox 481 498 2079 565; baseline 0.004 -18"><span class='ocrx_word' id='word_1_10' title='bbox 481 510 573 547; x_wconf 89' lang='lat' dir='ltr'>me</span> <span class='ocrx_word' id='word_1_11' title='bbox 603 498 738 560; x_wconf 83' lang='lat' dir='ltr'>quia</span> <span class='ocrx_word' id='word_1_12' title='bbox 763 501 917 550; x_wconf 89' lang='lat' dir='ltr'>mitis</span> <span class='ocrx_word' id='word_1_13' title='bbox 948 514 1076 551; x_wconf 91' lang='lat' dir='ltr'>sum</span> <span class='ocrx_word' id='word_1_14' title='bbox 1117 507 1173 552; x_wconf 92' lang='lat' dir='ltr'>et</span> <span class='ocrx_word' id='word_1_15' title='bbox 1197 502 1435 553; x_wconf 86' lang='lat' dir='ltr'>humilis</span> <span class='ocrx_word' id='word_1_16' title='bbox 1471 505 1658 565; x_wconf 90' lang='lat' dir='ltr'>corde,</span> <span class='ocrx_word' id='word_1_17' title='bbox 1696 508 1753 555; x_wconf 88' lang='lat' dir='ltr'>et</span> <span class='ocrx_word' id='word_1_18' title='bbox 1776 503 2079 555; x_wconf 84' lang='lat' dir='ltr'>invenietis</span> 
     </span>
    </p>
   </div>
   <div class='ocr_carea' id='block_1_4' title="bbox 479 570 2091 638">
    <p class='ocr_par' dir='ltr' id='par_1_4' title="bbox 479 570 2091 638">
     <span class='ocr_line' id='line_1_4' title="bbox 479 570 2091 638; baseline 0.004 -20"><span class='ocrx_word' id='word_1_19' title='bbox 479 570 735 631; x_wconf 78' lang='lat' dir='ltr'>requiem</span> <span class='ocrx_word' id='word_1_20' title='bbox 762 572 1067 623; x_wconf 87' lang='lat' dir='ltr'>animabus</span> <span class='ocrx_word' id='word_1_21' title='bbox 1105 575 1317 625; x_wconf 80' lang='lat' dir='ltr'>vestris</span> <span class='ocrx_word' id='word_1_22' title='bbox 1349 577 1560 638; x_wconf 86' lang='lat' dir='ltr'>(Matth.</span> <span class='ocrx_word' id='word_1_23' title='bbox 1589 576 1715 635; x_wconf 78' lang='lat'>‘11.).</span> <span class='ocrx_word' id='word_1_24' title='bbox 1743 575 1907 627; x_wconf 83' lang='lat' dir='ltr'>Unde</span> <span class='ocrx_word' id='word_1_25' title='bbox 1932 575 2091 625; x_wconf 91' lang='lat' dir='ltr'>enim</span> 
     </span>
    </p>
   </div>
   <div class='ocr_carea' id='block_1_5' title="bbox 479 638 2093 709">
    <p class='ocr_par' dir='ltr' id='par_1_5' title="bbox 479 638 2093 709">
     <span class='ocr_line' id='line_1_5' title="bbox 479 638 2093 709; baseline 0.005 -21"><span class='ocrx_word' id='word_1_26' title='bbox 479 638 561 688; x_wconf 86' lang='lat' dir='ltr'>illi</span> <span class='ocrx_word' id='word_1_27' title='bbox 598 639 880 704; x_wconf 83' lang='lat' dir='ltr'>laborant,</span> <span class='ocrx_word' id='word_1_28' title='bbox 921 644 1033 693; x_wconf 88' lang='lat' dir='ltr'>nisi</span> <span class='ocrx_word' id='word_1_29' title='bbox 1071 647 1207 709; x_wconf 86' lang='lat' dir='ltr'>quia</span> <span class='ocrx_word' id='word_1_30' title='bbox 1245 659 1361 698; x_wconf 92' lang='lat' dir='ltr'>non</span> <span class='ocrx_word' id='word_1_31' title='bbox 1390 652 1528 698; x_wconf 90' lang='lat' dir='ltr'>sunt</span> <span class='ocrx_word' id='word_1_32' title='bbox 1561 648 1729 698; x_wconf 87' lang='lat' dir='ltr'>mites</span> <span class='ocrx_word' id='word_1_33' title='bbox 1762 649 1819 696; x_wconf 89' lang='lat' dir='ltr'>et</span> <span class='ocrx_word' id='word_1_34' title='bbox 1838 646 2093 697; x_wconf 87' lang='lat' dir='ltr'>humiles</span> 
     </span>
    </p>
   </div>
   <div class='ocr_carea' id='block_1_6' title="bbox 481 710 706 761">
    <p class='ocr_par' dir='ltr' id='par_1_6' title="bbox 481 710 706 761">
     <span class='ocr_line' id='line_1_6' title="bbox 481 710 706 761; baseline 0.013 -3"><span class='ocrx_word' id='word_1_35' title='bbox 481 710 651 761; x_wconf 90' lang='lat' dir='ltr'>corde</span> <span class='ocrx_word' id='word_1_36' title='bbox 680 715 706 761; x_wconf 62' lang='grc' dir='ltr'><strong>γ</strong></span> 
     </span>
    </p>
   </div>
   <div class='ocr_carea' id='block_1_7' title="bbox 545 779 2089 856">
    <p class='ocr_par' dir='ltr' id='par_1_7' title="bbox 545 779 2089 856">
     <span class='ocr_line' id='line_1_7' title="bbox 545 779 2089 856; baseline -0.003 -15"><span class='ocrx_word' id='word_1_37' title='bbox 545 779 630 833; x_wconf 64' lang='lat'><strong>1‘2-</strong></span> <span class='ocrx_word' id='word_1_38' title='bbox 762 800 870 834; x_wconf 75' lang='grc' dir='ltr'><em>ηοη</em></span> <span class='ocrx_word' id='word_1_39' title='bbox 924 786 1107 847; x_wconf 80' lang='lat' dir='ltr'>defecit</span> <span class='ocrx_word' id='word_1_40' title='bbox 1133 788 1195 837; x_wconf 91' lang='lat' dir='ltr'>de</span> <span class='ocrx_word' id='word_1_41' title='bbox 1238 790 1433 853; x_wconf 88' lang='lat' dir='ltr'>plateis</span> <span class='ocrx_word' id='word_1_42' title='bbox 1475 792 1589 856; x_wconf 82' lang='lat' dir='ltr'>ejus</span> <span class='ocrx_word' id='word_1_43' title='bbox 1629 809 1804 842; x_wconf 82' lang='lat' dir='ltr'>usura</span> <span class='ocrx_word' id='word_1_44' title='bbox 1838 799 1882 841; x_wconf 89' lang='lat' dir='ltr'>et</span> <span class='ocrx_word' id='word_1_45' title='bbox 1920 789 2089 839; x_wconf 81' lang='lat' dir='ltr'>dolus.</span> 
     </span>
    </p>
   </div>
   <div class='ocr_carea' id='block_1_8' title="bbox 481 852 2091 927">
    <p class='ocr_par' dir='ltr' id='par_1_8' title="bbox 481 852 2091 927">
     <span class='ocr_line' id='line_1_8' title="bbox 481 852 2091 927; baseline 0.007 -28"><span class='ocrx_word' id='word_1_46' title='bbox 481 852 728 927; x_wconf 84' lang='lat' dir='ltr'>Attende</span> <span class='ocrx_word' id='word_1_47' title='bbox 746 857 1020 920; x_wconf 85' lang='lat' dir='ltr'>populum</span> <span class='ocrx_word' id='word_1_48' title='bbox 1047 861 1076 910; x_wconf 85' lang='lat' dir='ltr'><strong>J</strong></span> <span class='ocrx_word' id='word_1_49' title='bbox 1086 852 1411 922; x_wconf 71' lang='lat' dir='ltr'>udteorum,</span> <span class='ocrx_word' id='word_1_50' title='bbox 1430 852 1635 915; x_wconf 38' lang='lat' dir='ltr'>et&#39;vide</span> <span class='ocrx_word' id='word_1_51' title='bbox 1660 863 1952 927; x_wconf 89' lang='lat' dir='ltr'>quomodo</span> <span class='ocrx_word' id='word_1_52' title='bbox 1968 875 2091 909; x_wconf 82' lang='lat' dir='ltr'>sem-</span> 
     </span>
    </p>
   </div>
   <div class='ocr_carea' id='block_1_9' title="bbox 482 924 2093 999">
    <p class='ocr_par' dir='ltr' id='par_1_9' title="bbox 482 924 2093 999">
     <span class='ocr_line' id='line_1_9' title="bbox 482 924 2093 999; baseline 0.007 -29"><span class='ocrx_word' id='word_1_53' title='bbox 482 934 582 985; x_wconf 85' lang='lat' dir='ltr'>per</span> <span class='ocrx_word' id='word_1_54' title='bbox 604 924 664 974; x_wconf 88' lang='lat' dir='ltr'>in</span> <span class='ocrx_word' id='word_1_55' title='bbox 694 928 778 977; x_wconf 89' lang='lat' dir='ltr'>eis</span> <span class='ocrx_word' id='word_1_56' title='bbox 819 936 1063 994; x_wconf 86' lang='lat' dir='ltr'>regnent</span> <span class='ocrx_word' id='word_1_57' title='bbox 1101 932 1226 983; x_wconf 57' lang='lat' dir='ltr'>haec</span> <span class='ocrx_word' id='word_1_58' title='bbox 1251 933 1369 986; x_wconf 91' lang='lat' dir='ltr'>duo</span> <span class='ocrx_word' id='word_1_59' title='bbox 1414 936 1575 999; x_wconf 86' lang='lat' dir='ltr'>vitia,</span> <span class='ocrx_word' id='word_1_60' title='bbox 1602 924 1824 987; x_wconf 78' lang='lat' dir='ltr'>scilicet</span> <span class='ocrx_word' id='word_1_61' title='bbox 1844 935 2012 985; x_wconf 89' lang='lat' dir='ltr'>dolus</span> <span class='ocrx_word' id='word_1_62' title='bbox 2036 929 2093 981; x_wconf 76' lang='lat' dir='ltr'>et</span> 
     </span>
    </p>
   </div>
   <div class='ocr_carea' id='block_1_10' title="bbox 483 999 2089 1071">
    <p class='ocr_par' dir='ltr' id='par_1_10' title="bbox 483 999 2089 1071">
     <span class='ocr_line' id='line_1_10' title="bbox 483 999 2089 1071; baseline 0.005 -29"><span class='ocrx_word' id='word_1_63' title='bbox 483 1005 679 1071; x_wconf 67' lang='lat' dir='ltr'>usura.</span> <span class='ocrx_word' id='word_1_64' title='bbox 695 999 906 1053; x_wconf 65' lang='lat' dir='ltr'>Platone</span> <span class='ocrx_word' id='word_1_65' title='bbox 919 1002 1095 1065; x_wconf 88' lang='lat' dir='ltr'>hujus</span> <span class='ocrx_word' id='word_1_66' title='bbox 1114 1004 1367 1056; x_wconf 71' lang='lat' dir='ltr'>civitatis</span> <span class='ocrx_word' id='word_1_67' title='bbox 1389 1012 1529 1057; x_wconf 91' lang='lat' dir='ltr'>sunt</span> <span class='ocrx_word' id='word_1_68' title='bbox 1542 1010 1827 1071; x_wconf 83' lang='lat' dir='ltr'>superbia,</span> <span class='ocrx_word' id='word_1_69' title='bbox 1840 1002 2089 1067; x_wconf 87' lang='lat' dir='ltr'>luxuria,</span> 
     </span>
    </p>
   </div>
   <div class='ocr_carea' id='block_1_11' title="bbox 484 1067 2092 1135">
    <p class='ocr_par' dir='ltr' id='par_1_11' title="bbox 484 1067 2092 1135">
     <span class='ocr_line' id='line_1_11' title="bbox 484 1067 2092 1135; baseline 0.013 -22"><span class='ocrx_word' id='word_1_70' title='bbox 484 1067 789 1135; x_wconf 84' lang='lat' dir='ltr'>cupiditas,</span> <span class='ocrx_word' id='word_1_71' title='bbox 805 1074 1064 1135; x_wconf 89' lang='lat' dir='ltr'>avaritia,</span> <span class='ocrx_word' id='word_1_72' title='bbox 1092 1080 1372 1128; x_wconf 65' lang='lat' dir='ltr'>etcaatera</span> <span class='ocrx_word' id='word_1_73' title='bbox 1384 1078 1535 1128; x_wconf 86' lang='lat' dir='ltr'>talia.</span> <span class='ocrx_word' id='word_1_74' title='bbox 1552 1067 1659 1130; x_wconf 76' lang='lat' dir='ltr'>Via</span> <span class='ocrx_word' id='word_1_75' title='bbox 1674 1079 1924 1132; x_wconf 82' lang='lat' dir='ltr'>civitatis</span> <span class='ocrx_word' id='word_1_76' title='bbox 1939 1078 2092 1133; x_wconf 69' lang='lat' dir='ltr'>huius</span> 
     </span>
    </p>
   </div>
   <div class='ocr_carea' id='block_1_12' title="bbox 482 1139 2088 1213">
    <p class='ocr_par' dir='ltr' id='par_1_12' title="bbox 482 1139 2088 1213">
     <span class='ocr_line' id='line_1_12' title="bbox 482 1139 2088 1213; baseline 0.008 -23"><span class='ocrx_word' id='word_1_77' title='bbox 482 1139 600 1192; x_wconf 88' lang='lat' dir='ltr'>lata</span> <span class='ocrx_word' id='word_1_78' title='bbox 632 1147 690 1193; x_wconf 93' lang='lat' dir='ltr'>et</span> <span class='ocrx_word' id='word_1_79' title='bbox 707 1145 966 1207; x_wconf 90' lang='lat' dir='ltr'>spaciosa</span> <span class='ocrx_word' id='word_1_80' title='bbox 982 1152 1089 1206; x_wconf 89' lang='lat' dir='ltr'>est,</span> <span class='ocrx_word' id='word_1_81' title='bbox 1106 1160 1237 1210; x_wconf 62' lang='lat' dir='ltr'>qua}</span> <span class='ocrx_word' id='word_1_82' title='bbox 1250 1148 1411 1200; x_wconf 91' lang='lat' dir='ltr'>ducit</span> <span class='ocrx_word' id='word_1_83' title='bbox 1423 1149 1495 1200; x_wconf 91' lang='lat' dir='ltr'>ad</span> <span class='ocrx_word' id='word_1_84' title='bbox 1513 1155 1754 1201; x_wconf 89' lang='lat' dir='ltr'>mortem</span> <span class='ocrx_word' id='word_1_85' title='bbox 1767 1151 1982 1213; x_wconf 87' lang='lat' dir='ltr'>(Matth.</span> <span class='ocrx_word' id='word_1_86' title='bbox 1997 1147 2088 1208; x_wconf 82' lang='lat'>7.)-</span> 
     </span>
    </p>
   </div>
   <div class='ocr_carea' id='block_1_13' title="bbox 484 1215 2089 1284">
    <p class='ocr_par' dir='ltr' id='par_1_13' title="bbox 484 1215 2089 1284">
     <span class='ocr_line' id='line_1_13' title="bbox 484 1215 2089 1284; baseline 0.004 -20"><span class='ocrx_word' id='word_1_87' title='bbox 484 1215 672 1264; x_wconf 91' lang='lat' dir='ltr'>Usura</span> <span class='ocrx_word' id='word_1_88' title='bbox 698 1220 784 1265; x_wconf 82' lang='lat' dir='ltr'>est</span> <span class='ocrx_word' id='word_1_89' title='bbox 807 1216 1037 1277; x_wconf 83' lang='lat' dir='ltr'>quando</span> <span class='ocrx_word' id='word_1_90' title='bbox 1062 1218 1191 1281; x_wconf 90' lang='lat' dir='ltr'>plus</span> <span class='ocrx_word' id='word_1_91' title='bbox 1215 1220 1465 1281; x_wconf 72' lang='lat' dir='ltr'>exigitur</span> <span class='ocrx_word' id='word_1_92' title='bbox 1480 1234 1653 1284; x_wconf 90' lang='lat' dir='ltr'>quam</span> <span class='ocrx_word' id='word_1_93' title='bbox 1670 1221 2089 1272; x_wconf 85' lang='lat' dir='ltr'>commodatur.</span> 
     </span>
    </p>
   </div>
   <div class='ocr_carea' id='block_1_14' title="bbox 486 1284 2093 1355">
    <p class='ocr_par' dir='ltr' id='par_1_14' title="bbox 486 1284 2093 1355">
     <span class='ocr_line' id='line_1_14' title="bbox 486 1284 2093 1355; baseline 0.004 -20"><span class='ocrx_word' id='word_1_94' title='bbox 486 1286 585 1335; x_wconf 88' lang='lat' dir='ltr'>Est</span> <span class='ocrx_word' id='word_1_95' title='bbox 608 1284 718 1335; x_wconf 88' lang='lat' dir='ltr'>alia</span> <span class='ocrx_word' id='word_1_96' title='bbox 742 1288 900 1349; x_wconf 85' lang='lat' dir='ltr'>pejor</span> <span class='ocrx_word' id='word_1_97' title='bbox 923 1301 1118 1345; x_wconf 91' lang='lat' dir='ltr'>usura,</span> <span class='ocrx_word' id='word_1_98' title='bbox 1146 1291 1378 1352; x_wconf 84' lang='lat' dir='ltr'>quando</span> <span class='ocrx_word' id='word_1_99' title='bbox 1402 1304 1518 1342; x_wconf 92' lang='lat' dir='ltr'>non</span> <span class='ocrx_word' id='word_1_100' title='bbox 1544 1292 1791 1343; x_wconf 84' lang='lat' dir='ltr'>dimittis</span> <span class='ocrx_word' id='word_1_101' title='bbox 1815 1293 1971 1355; x_wconf 91' lang='lat' dir='ltr'>quod</span> <span class='ocrx_word' id='word_1_102' title='bbox 1989 1290 2093 1343; x_wconf 88' lang='lat' dir='ltr'>tibi</span> 
     </span>
    </p>
   </div>
   <div class='ocr_carea' id='block_1_15' title="bbox 484 1355 2088 1424">
    <p class='ocr_par' dir='ltr' id='par_1_15' title="bbox 484 1355 2088 1424">
     <span class='ocr_line' id='line_1_15' title="bbox 484 1355 2088 1424; baseline 0.006 -18"><span class='ocrx_word' id='word_1_103' title='bbox 484 1355 755 1406; x_wconf 80' lang='lat' dir='ltr'>debetur:</span> <span class='ocrx_word' id='word_1_104' title='bbox 783 1359 1061 1409; x_wconf 89' lang='lat' dir='ltr'>etoculus</span> <span class='ocrx_word' id='word_1_105' title='bbox 1097 1361 1285 1411; x_wconf 89' lang='lat' dir='ltr'>cordis</span> <span class='ocrx_word' id='word_1_106' title='bbox 1319 1362 1401 1413; x_wconf 91' lang='lat' dir='ltr'>tui</span> <span class='ocrx_word' id='word_1_107' title='bbox 1432 1364 1771 1415; x_wconf 88' lang='lat' dir='ltr'>turbaturin</span> <span class='ocrx_word' id='word_1_108' title='bbox 1801 1378 1866 1414; x_wconf 89' lang='lat' dir='ltr'>eo</span> <span class='ocrx_word' id='word_1_109' title='bbox 1895 1377 2088 1424; x_wconf 88' lang='lat' dir='ltr'>versu,</span> 
     </span>
    </p>
   </div>
   <div class='ocr_carea' id='block_1_16' title="bbox 486 1428 2089 1497">
    <p class='ocr_par' dir='ltr' id='par_1_16' title="bbox 486 1428 2089 1497">
     <span class='ocr_line' id='line_1_16' title="bbox 486 1428 2089 1497; baseline 0.003 -19"><span class='ocrx_word' id='word_1_110' title='bbox 486 1440 601 1488; x_wconf 87' lang='lat' dir='ltr'>quo</span> <span class='ocrx_word' id='word_1_111' title='bbox 613 1428 846 1478; x_wconf 87' lang='lat' dir='ltr'>dicitur:</span> <span class='ocrx_word' id='word_1_112' title='bbox 868 1430 1100 1481; x_wconf 91' lang='lat' dir='ltr'>Dimitte</span> <span class='ocrx_word' id='word_1_113' title='bbox 1117 1433 1285 1483; x_wconf 88' lang='lat' dir='ltr'>nobis</span> <span class='ocrx_word' id='word_1_114' title='bbox 1300 1433 1491 1485; x_wconf 89' lang='lat' dir='ltr'>debita</span> <span class='ocrx_word' id='word_1_115' title='bbox 1508 1440 1729 1497; x_wconf 89' lang='lat' dir='ltr'>nostra,</span> <span class='ocrx_word' id='word_1_116' title='bbox 1750 1440 1855 1486; x_wconf 90' lang='lat' dir='ltr'>etc.</span> <span class='ocrx_word' id='word_1_117' title='bbox 1880 1436 2089 1497; x_wconf 85' lang='lat' dir='ltr'>(Matth.</span> 
     </span>
    </p>
   </div>
   <div class='ocr_carea' id='block_1_17' title="bbox 481 1498 2080 1571">
    <p class='ocr_par' dir='ltr' id='par_1_17' title="bbox 481 1498 2080 1571">
     <span class='ocr_line' id='line_1_17' title="bbox 481 1498 2080 1571; baseline 0.005 -22"><span class='ocrx_word' id='word_1_118' title='bbox 481 1498 572 1571; x_wconf 65' lang='grc'>6.).</span> <span class='ocrx_word' id='word_1_119' title='bbox 609 1500 865 1551; x_wconf 87' lang='lat' dir='ltr'>Verbum</span> <span class='ocrx_word' id='word_1_120' title='bbox 901 1503 1380 1555; x_wconf 86' lang='lat' dir='ltr'>contumeliosum</span> <span class='ocrx_word' id='word_1_121' title='bbox 1416 1506 1679 1556; x_wconf 83' lang='lat' dir='ltr'>audisti?</span> <span class='ocrx_word' id='word_1_122' title='bbox 1724 1506 1825 1556; x_wconf 88' lang='lat' dir='ltr'>Vis</span> <span class='ocrx_word' id='word_1_123' title='bbox 1850 1507 2080 1571; x_wconf 81' lang='lat' dir='ltr'>exigere</span> 
     </span>
    </p>
   </div>
   <div class='ocr_carea' id='block_1_18' title="bbox 485 1570 2089 1641">
    <p class='ocr_par' dir='ltr' id='par_1_18' title="bbox 485 1570 2089 1641">
     <span class='ocr_line' id='line_1_18' title="bbox 485 1570 2089 1641; baseline 0.005 -21"><span class='ocrx_word' id='word_1_124' title='bbox 485 1570 873 1623; x_wconf 89' lang='lat' dir='ltr'>damnationis</span> <span class='ocrx_word' id='word_1_125' title='bbox 894 1574 1238 1638; x_wconf 86' lang='lat' dir='ltr'>supplicium</span> <span class='ocrx_word' id='word_1_126' title='bbox 1267 1595 1277 1623; x_wconf 86' lang='lat'><strong>:</strong></span> <span class='ocrx_word' id='word_1_127' title='bbox 1299 1576 1616 1628; x_wconf 77' lang='lat' dir='ltr'>faenerator</span> <span class='ocrx_word' id='word_1_128' title='bbox 1634 1570 1974 1641; x_wconf 85' lang='lat' dir='ltr'>injuriarum</span> <span class='ocrx_word' id='word_1_129' title='bbox 2007 1592 2089 1629; x_wconf 91' lang='lat' dir='ltr'>es.</span> 
     </span>
    </p>
   </div>
   <div class='ocr_carea' id='block_1_19' title="bbox 486 1646 2089 1714">
    <p class='ocr_par' dir='ltr' id='par_1_19' title="bbox 486 1646 2089 1714">
     <span class='ocr_line' id='line_1_19' title="bbox 486 1646 2089 1714; baseline 0.004 -20"><span class='ocrx_word' id='word_1_130' title='bbox 486 1646 686 1707; x_wconf 84' lang='lat' dir='ltr'>Pugno</span> <span class='ocrx_word' id='word_1_131' title='bbox 705 1657 1016 1708; x_wconf 86' lang='lat' dir='ltr'>percussus</span> <span class='ocrx_word' id='word_1_132' title='bbox 1033 1659 1094 1695; x_wconf 90' lang='lat' dir='ltr'>es</span> <span class='ocrx_word' id='word_1_133' title='bbox 1114 1650 1140 1696; x_wconf 62' lang='grc' dir='ltr'>φ</span> <span class='ocrx_word' id='word_1_134' title='bbox 1161 1648 1620 1699; x_wconf 88' lang='lat' dir='ltr'>Interfectionem</span> <span class='ocrx_word' id='word_1_135' title='bbox 1644 1650 1886 1714; x_wconf 64' lang='lat' dir='ltr'>quaeris:</span> <span class='ocrx_word' id='word_1_136' title='bbox 1912 1662 2089 1701; x_wconf 90' lang='lat' dir='ltr'>usura</span> 
     </span>
    </p>
   </div>
   <div class='ocr_carea' id='block_1_20' title="bbox 486 1716 2089 1773">
    <p class='ocr_par' dir='ltr' id='par_1_20' title="bbox 486 1716 2089 1773">
     <span class='ocr_line' id='line_1_20' title="bbox 486 1716 2089 1773; baseline 0.004 -8"><span class='ocrx_word' id='word_1_137' title='bbox 486 1716 639 1766; x_wconf 92' lang='lat' dir='ltr'>mala</span> <span class='ocrx_word' id='word_1_138' title='bbox 671 1722 776 1767; x_wconf 90' lang='lat' dir='ltr'>est.</span> <span class='ocrx_word' id='word_1_139' title='bbox 815 1717 981 1768; x_wconf 91' lang='lat' dir='ltr'>Tales</span> <span class='ocrx_word' id='word_1_140' title='bbox 998 1730 1194 1770; x_wconf 70' lang='lat' dir='ltr'>usurae</span> <span class='ocrx_word' id='word_1_141' title='bbox 1213 1720 1514 1771; x_wconf 89' lang='lat' dir='ltr'>abundant</span> <span class='ocrx_word' id='word_1_142' title='bbox 1530 1721 1588 1771; x_wconf 92' lang='lat' dir='ltr'>in</span> <span class='ocrx_word' id='word_1_143' title='bbox 1603 1720 1697 1772; x_wconf 90' lang='lat' dir='ltr'>illa</span> <span class='ocrx_word' id='word_1_144' title='bbox 1710 1721 1958 1773; x_wconf 85' lang='lat' dir='ltr'>civitate.</span> <span class='ocrx_word' id='word_1_145' title='bbox 1978 1722 2089 1772; x_wconf 94' lang='lat' dir='ltr'>Do-</span> 
     </span>
    </p>
   </div>
   <div class='ocr_carea' id='block_1_21' title="bbox 484 1785 2173 1877">
    <p class='ocr_par' dir='ltr' id='par_1_21' title="bbox 484 1785 2173 1877">
     <span class='ocr_line' id='line_1_21' title="bbox 484 1785 2173 1877; baseline 0.005 -41"><span class='ocrx_word' id='word_1_146' title='bbox 484 1785 575 1837; x_wconf 91' lang='lat' dir='ltr'>lus</span> <span class='ocrx_word' id='word_1_147' title='bbox 595 1792 705 1877; x_wconf 58' lang='lat' dir='ltr'>est,</span> <span class='ocrx_word' id='word_1_148' title='bbox 732 1789 962 1877; x_wconf 73' lang='lat' dir='ltr'>quando</span> <span class='ocrx_word' id='word_1_149' title='bbox 997 1789 1155 1877; x_wconf 77' lang='lat' dir='ltr'>aliud</span> <span class='ocrx_word' id='word_1_150' title='bbox 1194 1791 1364 1842; x_wconf 89' lang='lat' dir='ltr'>corde</span> <span class='ocrx_word' id='word_1_151' title='bbox 1398 1792 1622 1877; x_wconf 73' lang='lat' dir='ltr'>tegitur,</span> <span class='ocrx_word' id='word_1_152' title='bbox 1650 1792 1804 1877; x_wconf 81' lang='lat' dir='ltr'>aliud</span> <span class='ocrx_word' id='word_1_153' title='bbox 1825 1805 1938 1877; x_wconf 31' lang='lat' dir='ltr'>“ore</span> <span class='ocrx_word' id='word_1_154' title='bbox 1958 1805 2090 1877; x_wconf 49' lang='lat' dir='ltr'>pro:</span> <span class='ocrx_word' id='word_1_155' title='bbox 2120 1805 2173 1877; x_wconf 84' lang='lat' dir='ltr'><strong>B</strong></span> 
     </span>
    </p>
   </div>
   <div class='ocr_carea' id='block_1_22' title="bbox 487 1860 2088 1926">
    <p class='ocr_par' dir='ltr' id='par_1_22' title="bbox 487 1860 2088 1926">
     <span class='ocr_line' id='line_1_22' title="bbox 487 1860 2088 1926; baseline 0.002 -17"><span class='ocrx_word' id='word_1_156' title='bbox 487 1860 799 1909; x_wconf 86' lang='lat' dir='ltr'>nuntiatur.</span> <span class='ocrx_word' id='word_1_157' title='bbox 822 1860 1215 1923; x_wconf 90' lang='lat' dir='ltr'>Iniquiautem</span> <span class='ocrx_word' id='word_1_158' title='bbox 1240 1875 1469 1926; x_wconf 90' lang='lat' dir='ltr'>semper</span> <span class='ocrx_word' id='word_1_159' title='bbox 1482 1863 2088 1925; x_wconf 83' lang='lat' dir='ltr'>voluntoccultarequod</span> 
     </span>
    </p>
   </div>
   <div class='ocr_carea' id='block_1_23' title="bbox 486 1931 2097 1999">
    <p class='ocr_par' dir='ltr' id='par_1_23' title="bbox 486 1931 2097 1999">
     <span class='ocr_line' id='line_1_23' title="bbox 486 1931 2097 1999; baseline 0.003 -19"><span class='ocrx_word' id='word_1_160' title='bbox 486 1934 640 1985; x_wconf 83' lang='lat' dir='ltr'>sunt.</span> <span class='ocrx_word' id='word_1_161' title='bbox 661 1935 719 1981; x_wconf 91' lang='lat' dir='ltr'>et</span> <span class='ocrx_word' id='word_1_162' title='bbox 744 1931 1139 1984; x_wconf 89' lang='lat' dir='ltr'>demonstrare</span> <span class='ocrx_word' id='word_1_163' title='bbox 1174 1934 1330 1996; x_wconf 88' lang='lat' dir='ltr'>quod</span> <span class='ocrx_word' id='word_1_164' title='bbox 1350 1947 1468 1985; x_wconf 92' lang='lat' dir='ltr'>non</span> <span class='ocrx_word' id='word_1_165' title='bbox 1493 1940 1643 1985; x_wconf 88' lang='lat' dir='ltr'>sunt.</span> <span class='ocrx_word' id='word_1_166' title='bbox 1672 1935 1891 1987; x_wconf 87' lang='lat' dir='ltr'>Deinde</span> <span class='ocrx_word' id='word_1_167' title='bbox 1916 1949 2097 1999; x_wconf 90' lang='lat' dir='ltr'>popu-</span> 
     </span>
    </p>
   </div>
   <div class='ocr_carea' id='block_1_24' title="bbox 481 2000 2097 2071">
    <p class='ocr_par' dir='ltr' id='par_1_24' title="bbox 481 2000 2097 2071">
     <span class='ocr_line' id='line_1_24' title="bbox 481 2000 2097 2071; baseline 0.004 -19"><span class='ocrx_word' id='word_1_168' title='bbox 481 2000 604 2052; x_wconf 92' lang='lat' dir='ltr'>lum</span> <span class='ocrx_word' id='word_1_169' title='bbox 628 2001 787 2052; x_wconf 91' lang='lat' dir='ltr'>illum</span> <span class='ocrx_word' id='word_1_170' title='bbox 801 2003 1053 2054; x_wconf 86' lang='lat' dir='ltr'>ostendit</span> <span class='ocrx_word' id='word_1_171' title='bbox 1077 2004 1205 2056; x_wconf 90' lang='lat' dir='ltr'>ideo</span> <span class='ocrx_word' id='word_1_172' title='bbox 1221 2018 1350 2056; x_wconf 88' lang='lat' dir='ltr'>esse</span> <span class='ocrx_word' id='word_1_173' title='bbox 1364 2007 1567 2057; x_wconf 90' lang='lat' dir='ltr'>merito</span> <span class='ocrx_word' id='word_1_174' title='bbox 1580 2007 2097 2071; x_wconf 87' lang='lat' dir='ltr'>puniendum,quia</span> 
     </span>
    </p>
   </div>
   <div class='ocr_carea' id='block_1_25' title="bbox 484 2073 2096 2141">
    <p class='ocr_par' dir='ltr' id='par_1_25' title="bbox 484 2073 2096 2141">
     <span class='ocr_line' id='line_1_25' title="bbox 484 2073 2096 2141; baseline 0.004 -18"><span class='ocrx_word' id='word_1_175' title='bbox 484 2073 643 2136; x_wconf 90' lang='lat' dir='ltr'>prius</span> <span class='ocrx_word' id='word_1_176' title='bbox 676 2073 975 2125; x_wconf 81' lang='lat' dir='ltr'>familiaris</span> <span class='ocrx_word' id='word_1_177' title='bbox 990 2075 1195 2138; x_wconf 83' lang='lat' dir='ltr'>extitit,</span> <span class='ocrx_word' id='word_1_178' title='bbox 1229 2081 1287 2127; x_wconf 92' lang='lat' dir='ltr'>et</span> <span class='ocrx_word' id='word_1_179' title='bbox 1310 2078 1684 2141; x_wconf 90' lang='lat' dir='ltr'>postmodum</span> <span class='ocrx_word' id='word_1_180' title='bbox 1713 2078 1960 2129; x_wconf 90' lang='lat' dir='ltr'>Domino</span> <span class='ocrx_word' id='word_1_181' title='bbox 1989 2092 2096 2130; x_wconf 91' lang='lat' dir='ltr'>suo</span> 
     </span>
    </p>
   </div>
   <div class='ocr_carea' id='block_1_26' title="bbox 482 2144 2100 2265">
    <p class='ocr_par' dir='ltr' id='par_1_26' title="bbox 482 2144 2100 2265">
     <span class='ocr_line' id='line_1_26' title="bbox 482 2144 2100 2211; baseline 0.003 -16"><span class='ocrx_word' id='word_1_182' title='bbox 482 2144 796 2196; x_wconf 80' lang='lat' dir='ltr'>maledixit.</span> <span class='ocrx_word' id='word_1_183' title='bbox 825 2146 1102 2198; x_wconf 85' lang='lat' dir='ltr'>Graviora</span> <span class='ocrx_word' id='word_1_184' title='bbox 1116 2152 1309 2199; x_wconf 85' lang='lat' dir='ltr'>autem</span> <span class='ocrx_word' id='word_1_185' title='bbox 1334 2152 1472 2199; x_wconf 92' lang='lat' dir='ltr'>sunt</span> <span class='ocrx_word' id='word_1_186' title='bbox 1487 2149 1655 2211; x_wconf 91' lang='lat' dir='ltr'>mala,</span> <span class='ocrx_word' id='word_1_187' title='bbox 1684 2160 1817 2211; x_wconf 66' lang='lat' dir='ltr'>quae</span> <span class='ocrx_word' id='word_1_188' title='bbox 1841 2150 1913 2200; x_wconf 91' lang='lat' dir='ltr'>ab</span> <span class='ocrx_word' id='word_1_189' title='bbox 1946 2150 2100 2201; x_wconf 89' lang='lat' dir='ltr'>ami-</span> 
     </span>
     <span class='ocr_line' id='line_1_27' title="bbox 482 2216 929 2265; baseline -0.002 0"><span class='ocrx_word' id='word_1_190' title='bbox 482 2216 563 2265; x_wconf 87' lang='lat' dir='ltr'>cis</span> <span class='ocrx_word' id='word_1_191' title='bbox 589 2216 929 2265; x_wconf 87' lang='lat' dir='ltr'>inferuntur.</span> 
     </span>
    </p>
   </div>
   <div class='ocr_carea' id='block_1_27' title="bbox 481 2216 929 2266">
    <p class='ocr_par' dir='ltr' id='par_1_27' title="bbox 481 2216 929 2266">
     <span class='ocr_line' id='line_1_28' title="bbox 481 2216 929 2266; baseline -0.007 0"><span class='ocrx_word' id='word_1_192' title='bbox 481 2216 563 2266; x_wconf 90' lang='lat' dir='ltr'>cis</span> <span class='ocrx_word' id='word_1_193' title='bbox 589 2216 929 2266; x_wconf 87' lang='lat' dir='ltr'>inferuntur.</span> 
     </span>
    </p>
   </div>
   <div class='ocr_carea' id='block_1_28' title="bbox 547 2286 2099 2352">
    <p class='ocr_par' dir='ltr' id='par_1_28' title="bbox 547 2286 2099 2352">
     <span class='ocr_line' id='line_1_29' title="bbox 547 2286 2099 2352; baseline 0.006 -21"><span class='ocrx_word' id='word_1_194' title='bbox 547 2286 631 2339; x_wconf 84' lang='grc'>13.</span> <span class='ocrx_word' id='word_1_195' title='bbox 659 2287 931 2344; x_wconf 84' lang='lat' dir='ltr'>Quoniam</span> <span class='ocrx_word' id='word_1_196' title='bbox 950 2289 998 2336; x_wconf 92' lang='lat' dir='ltr'>si</span> <span class='ocrx_word' id='word_1_197' title='bbox 1019 2289 1284 2337; x_wconf 87' lang='lat' dir='ltr'>inimicus</span> <span class='ocrx_word' id='word_1_198' title='bbox 1307 2304 1475 2348; x_wconf 85' lang='lat' dir='ltr'>meus,</span> <span class='ocrx_word' id='word_1_199' title='bbox 1501 2289 1669 2348; x_wconf 83' lang='lat' dir='ltr'>idest,</span> <span class='ocrx_word' id='word_1_200' title='bbox 1688 2291 2099 2352; x_wconf 84' lang='lat' dir='ltr'>Genlilispopu-</span> 
     </span>
    </p>
   </div>
   <div class='ocr_carea' id='block_1_29' title="bbox 481 2357 2099 2418">
    <p class='ocr_par' dir='ltr' id='par_1_29' title="bbox 481 2357 2099 2418">
     <span class='ocr_line' id='line_1_30' title="bbox 481 2357 2099 2418; baseline 0.002 -11"><span class='ocrx_word' id='word_1_201' title='bbox 481 2357 573 2407; x_wconf 90' lang='lat' dir='ltr'>lus</span> <span class='ocrx_word' id='word_1_202' title='bbox 588 2357 951 2405; x_wconf 77' lang='lat' dir='ltr'>maledixisset</span> <span class='ocrx_word' id='word_1_203' title='bbox 970 2359 1133 2418; x_wconf 88' lang='lat' dir='ltr'>mihi,</span> <span class='ocrx_word' id='word_1_204' title='bbox 1151 2359 1340 2410; x_wconf 89' lang='lat' dir='ltr'>sicutJ</span> <span class='ocrx_word' id='word_1_205' title='bbox 1350 2360 1590 2411; x_wconf 89' lang='lat' dir='ltr'>udaicus</span> <span class='ocrx_word' id='word_1_206' title='bbox 1604 2361 1901 2413; x_wconf 82' lang='lat' dir='ltr'>maledixit</span> <span class='ocrx_word' id='word_1_207' title='bbox 1919 2375 1931 2411; x_wconf 89' lang='lat'><strong>:</strong></span> <span class='ocrx_word' id='word_1_208' title='bbox 1946 2363 2099 2411; x_wconf 86' lang='lat' dir='ltr'>susti-</span> 
     </span>
    </p>
   </div>
   <div class='ocr_carea' id='block_1_30' title="bbox 484 2429 2099 2495">
    <p class='ocr_par' dir='ltr' id='par_1_30' title="bbox 484 2429 2099 2495">
     <span class='ocr_line' id='line_1_31' title="bbox 484 2429 2099 2495; baseline 0.004 -19"><span class='ocrx_word' id='word_1_209' title='bbox 484 2429 719 2476; x_wconf 85' lang='lat' dir='ltr'>nuissem</span> <span class='ocrx_word' id='word_1_210' title='bbox 734 2429 959 2491; x_wconf 84' lang='lat' dir='ltr'>utique,,</span> <span class='ocrx_word' id='word_1_211' title='bbox 980 2429 1335 2481; x_wconf 87' lang='lat' dir='ltr'>tolerabilius</span> <span class='ocrx_word' id='word_1_212' title='bbox 1353 2433 1617 2482; x_wconf 87' lang='lat' dir='ltr'>etmilius</span> <span class='ocrx_word' id='word_1_213' title='bbox 1633 2433 2003 2495; x_wconf 78' lang='lat' dir='ltr'>judicassem.</span> <span class='ocrx_word' id='word_1_214' title='bbox 2024 2436 2099 2483; x_wconf 81' lang='lat' dir='ltr'>Et</span> 
     </span>
    </p>
   </div>
   <div class='ocr_carea' id='block_1_31' title="bbox 485 2500 2100 2567">
    <p class='ocr_par' dir='ltr' id='par_1_31' title="bbox 485 2500 2100 2567">
     <span class='ocr_line' id='line_1_32' title="bbox 485 2500 2100 2567; baseline 0.004 -20"><span class='ocrx_word' id='word_1_215' title='bbox 485 2502 529 2547; x_wconf 89' lang='lat' dir='ltr'>si</span> <span class='ocrx_word' id='word_1_216' title='bbox 556 2500 605 2547; x_wconf 85' lang='lat' dir='ltr'>is</span> <span class='ocrx_word' id='word_1_217' title='bbox 626 2500 724 2563; x_wconf 87' lang='lat' dir='ltr'>qui</span> <span class='ocrx_word' id='word_1_218' title='bbox 747 2500 932 2548; x_wconf 84' lang='lat' dir='ltr'>oderat</span> <span class='ocrx_word' id='word_1_219' title='bbox 956 2516 1052 2559; x_wconf 85' lang='lat' dir='ltr'>me,</span> <span class='ocrx_word' id='word_1_220' title='bbox 1081 2502 1315 2563; x_wconf 85' lang='lat' dir='ltr'>quando</span> <span class='ocrx_word' id='word_1_221' title='bbox 1342 2502 1493 2553; x_wconf 89' lang='lat' dir='ltr'>idola</span> <span class='ocrx_word' id='word_1_222' title='bbox 1513 2503 1809 2563; x_wconf 83' lang='lat' dir='ltr'>adorabat,</span> <span class='ocrx_word' id='word_1_223' title='bbox 1834 2520 1995 2567; x_wconf 80' lang='lat' dir='ltr'>super</span> <span class='ocrx_word' id='word_1_224' title='bbox 2018 2520 2100 2554; x_wconf 88' lang='lat' dir='ltr'>me</span> 
     </span>
    </p>
   </div>
   <div class='ocr_carea' id='block_1_32' title="bbox 486 2570 2101 2638">
    <p class='ocr_par' dir='ltr' id='par_1_32' title="bbox 486 2570 2101 2638">
     <span class='ocr_line' id='line_1_33' title="bbox 486 2570 2101 2638; baseline 0.004 -20"><span class='ocrx_word' id='word_1_225' title='bbox 486 2586 687 2633; x_wconf 89' lang='lat' dir='ltr'>magna</span> <span class='ocrx_word' id='word_1_226' title='bbox 708 2570 964 2634; x_wconf 80' lang='lat' dir='ltr'>loquutus</span> <span class='ocrx_word' id='word_1_227' title='bbox 987 2572 1376 2634; x_wconf 80' lang='lat' dir='ltr'>fuissel,idest,</span> <span class='ocrx_word' id='word_1_228' title='bbox 1399 2587 1497 2637; x_wconf 89' lang='lat' dir='ltr'>per</span> <span class='ocrx_word' id='word_1_229' title='bbox 1511 2575 1837 2638; x_wconf 85' lang='lat' dir='ltr'>superbiam</span> <span class='ocrx_word' id='word_1_230' title='bbox 1858 2578 2101 2624; x_wconf 85' lang='lat' dir='ltr'>insultas-</span> 
     </span>
    </p>
   </div>
   <div class='ocr_carea' id='block_1_33' title="bbox 484 2642 2097 2708">
    <p class='ocr_par' dir='ltr' id='par_1_33' title="bbox 484 2642 2097 2708">
     <span class='ocr_line' id='line_1_34' title="bbox 484 2642 2097 2708; baseline 0.003 -16"><span class='ocrx_word' id='word_1_231' title='bbox 484 2647 595 2692; x_wconf 86' lang='lat' dir='ltr'>set:</span> <span class='ocrx_word' id='word_1_232' title='bbox 615 2642 1010 2704; x_wconf 83' lang='lat' dir='ltr'>magnificaret</span> <span class='ocrx_word' id='word_1_233' title='bbox 1027 2657 1089 2695; x_wconf 88' lang='lat' dir='ltr'>se</span> <span class='ocrx_word' id='word_1_234' title='bbox 1120 2657 1295 2708; x_wconf 88' lang='lat' dir='ltr'>super</span> <span class='ocrx_word' id='word_1_235' title='bbox 1311 2658 1418 2705; x_wconf 84' lang='lat' dir='ltr'>me,</span> <span class='ocrx_word' id='word_1_236' title='bbox 1451 2650 1627 2708; x_wconf 86' lang='lat' dir='ltr'>atque</span> <span class='ocrx_word' id='word_1_237' title='bbox 1643 2647 2097 2698; x_wconf 85' lang='lat' dir='ltr'>minareturmihi</span> 
     </span>
    </p>
   </div>
   <div class='ocr_carea' id='block_1_34' title="bbox 484 2713 2099 2779">
    <p class='ocr_par' dir='ltr' id='par_1_34' title="bbox 484 2713 2099 2779">
     <span class='ocr_line' id='line_1_35' title="bbox 484 2713 2099 2779; baseline 0.004 -15"><span class='ocrx_word' id='word_1_238' title='bbox 484 2713 758 2776; x_wconf 90' lang='lat' dir='ltr'>quicquid</span> <span class='ocrx_word' id='word_1_239' title='bbox 774 2720 1007 2777; x_wconf 86' lang='lat' dir='ltr'>posset:</span> <span class='ocrx_word' id='word_1_240' title='bbox 1032 2716 1458 2779; x_wconf 83' lang='lat' dir='ltr'>Abscondissem,</span> <span class='ocrx_word' id='word_1_241' title='bbox 1485 2718 1654 2779; x_wconf 84' lang='lat' dir='ltr'>idest,</span> <span class='ocrx_word' id='word_1_242' title='bbox 1684 2720 2099 2771; x_wconf 85' lang='lat' dir='ltr'>subtraxissem</span> 
     </span>
    </p>
   </div>
   <div class='ocr_carea' id='block_1_35' title="bbox 483 2784 2104 2846">
    <p class='ocr_par' dir='ltr' id='par_1_35' title="bbox 483 2784 2104 2846">
     <span class='ocr_line' id='line_1_36' title="bbox 483 2784 2104 2846; baseline 0.006 -15"><span class='ocrx_word' id='word_1_243' title='bbox 483 2800 566 2832; x_wconf 86' lang='lat' dir='ltr'>me</span> <span class='ocrx_word' id='word_1_244' title='bbox 588 2784 821 2846; x_wconf 75' lang='lat' dir='ltr'>forsitan</span> <span class='ocrx_word' id='word_1_245' title='bbox 847 2786 913 2834; x_wconf 87' lang='lat' dir='ltr'>ab</span> <span class='ocrx_word' id='word_1_246' title='bbox 939 2802 1015 2836; x_wconf 85' lang='lat' dir='ltr'>eo.</span> <span class='ocrx_word' id='word_1_247' title='bbox 1036 2788 1175 2838; x_wconf 63' lang='lat' dir='ltr'>Haec</span> <span class='ocrx_word' id='word_1_248' title='bbox 1194 2793 1389 2839; x_wconf 89' lang='lat' dir='ltr'>autem</span> <span class='ocrx_word' id='word_1_249' title='bbox 1418 2790 1593 2839; x_wconf 83' lang='lat' dir='ltr'>verba</span> <span class='ocrx_word' id='word_1_250' title='bbox 1612 2789 1844 2841; x_wconf 86' lang='lat' dir='ltr'>deJuda</span> <span class='ocrx_word' id='word_1_251' title='bbox 1869 2790 2104 2841; x_wconf 82' lang='lat' dir='ltr'>tradito-</span> 
     </span>
    </p>
   </div>
   <div class='ocr_carea' id='block_1_36' title="bbox 484 2857 2103 2922">
    <p class='ocr_par' dir='ltr' id='par_1_36' title="bbox 484 2857 2103 2922">
     <span class='ocr_line' id='line_1_37' title="bbox 484 2857 2103 2922; baseline 0.005 -17"><span class='ocrx_word' id='word_1_252' title='bbox 484 2868 539 2905; x_wconf 94' lang='lat' dir='ltr'>re</span> <span class='ocrx_word' id='word_1_253' title='bbox 554 2857 860 2919; x_wconf 82' lang='lat' dir='ltr'>specialius</span> <span class='ocrx_word' id='word_1_254' title='bbox 888 2858 1129 2921; x_wconf 76' lang='lat' dir='ltr'>intelligi</span> <span class='ocrx_word' id='word_1_255' title='bbox 1156 2864 1422 2922; x_wconf 84' lang='lat' dir='ltr'>possunt,</span> <span class='ocrx_word' id='word_1_256' title='bbox 1442 2860 1580 2922; x_wconf 90' lang='lat' dir='ltr'>quia</span> <span class='ocrx_word' id='word_1_257' title='bbox 1606 2874 1638 2910; x_wconf 89' lang='lat' dir='ltr'>a</span> <span class='ocrx_word' id='word_1_258' title='bbox 1655 2862 1877 2913; x_wconf 71' lang='lat' dir='ltr'>Judteis</span> <span class='ocrx_word' id='word_1_259' title='bbox 1902 2874 1963 2912; x_wconf 87' lang='lat' dir='ltr'>se</span> <span class='ocrx_word' id='word_1_260' title='bbox 1978 2863 2103 2913; x_wconf 86' lang='lat' dir='ltr'>abs-</span> 
     </span>
    </p>
   </div>
   <div class='ocr_carea' id='block_1_37' title="bbox 483 2928 2097 2984">
    <p class='ocr_par' dir='ltr' id='par_1_37' title="bbox 483 2928 2097 2984">
     <span class='ocr_line' id='line_1_38' title="bbox 483 2928 2097 2984; baseline 0.004 -7"><span class='ocrx_word' id='word_1_261' title='bbox 483 2928 679 2978; x_wconf 87' lang='lat' dir='ltr'>condit</span> <span class='ocrx_word' id='word_1_262' title='bbox 713 2930 911 2979; x_wconf 87' lang='lat' dir='ltr'>Jesus:</span> <span class='ocrx_word' id='word_1_263' title='bbox 955 2941 989 2979; x_wconf 89' lang='lat' dir='ltr'>a</span> <span class='ocrx_word' id='word_1_264' title='bbox 1012 2929 1164 2980; x_wconf 83' lang='lat' dir='ltr'>Juda</span> <span class='ocrx_word' id='word_1_265' title='bbox 1199 2936 1390 2981; x_wconf 89' lang='lat' dir='ltr'>autem</span> <span class='ocrx_word' id='word_1_266' title='bbox 1422 2931 1661 2983; x_wconf 85' lang='lat' dir='ltr'>minime</span> <span class='ocrx_word' id='word_1_267' title='bbox 1693 2946 1753 2983; x_wconf 89' lang='lat' dir='ltr'>se</span> <span class='ocrx_word' id='word_1_268' title='bbox 1779 2934 2097 2984; x_wconf 85' lang='lat' dir='ltr'>abscondit-</span> 
     </span>
    </p>
   </div>
   <div class='ocr_carea' id='block_1_38' title="bbox 488 2999 2098 3067">
    <p class='ocr_par' dir='ltr' id='par_1_38' title="bbox 488 2999 2098 3067">
     <span class='ocr_line' id='line_1_39' title="bbox 488 2999 2098 3067; baseline 0.001 -17"><span class='ocrx_word' id='word_1_269' title='bbox 488 2999 597 3050; x_wconf 89' lang='lat' dir='ltr'>Sed</span> <span class='ocrx_word' id='word_1_270' title='bbox 626 2999 760 3061; x_wconf 91' lang='lat' dir='ltr'>quid</span> <span class='ocrx_word' id='word_1_271' title='bbox 776 3004 864 3051; x_wconf 91' lang='lat' dir='ltr'>est</span> <span class='ocrx_word' id='word_1_272' title='bbox 901 3000 1054 3064; x_wconf 90' lang='lat' dir='ltr'>quod</span> <span class='ocrx_word' id='word_1_273' title='bbox 1071 3000 1148 3051; x_wconf 91' lang='lat' dir='ltr'>ait</span> <span class='ocrx_word' id='word_1_274' title='bbox 1161 3003 1413 3050; x_wconf 78' lang='lat' dir='ltr'>Forsitan</span> <span class='ocrx_word' id='word_1_275' title='bbox 1429 3007 1452 3051; x_wconf 68' lang='grc' dir='ltr'><strong>ρ</strong></span> <span class='ocrx_word' id='word_1_276' title='bbox 1469 3004 1765 3065; x_wconf 86' lang='lat' dir='ltr'>Numquid</span> <span class='ocrx_word' id='word_1_277' title='bbox 1777 3004 1927 3067; x_wconf 90' lang='lat' dir='ltr'>apud</span> <span class='ocrx_word' id='word_1_278' title='bbox 1946 3009 2098 3052; x_wconf 90' lang='lat' dir='ltr'>Deum</span> 
     </span>
    </p>
   </div>
   <div class='ocr_carea' id='block_1_39' title="bbox 484 3069 2089 3139">
    <p class='ocr_par' dir='ltr' id='par_1_39' title="bbox 484 3069 2089 3139">
     <span class='ocr_line' id='line_1_40' title="bbox 484 3069 2089 3139; baseline 0.004 -19"><span class='ocrx_word' id='word_1_279' title='bbox 484 3069 700 3133; x_wconf 80' lang='lat' dir='ltr'>aliquid</span> <span class='ocrx_word' id='word_1_280' title='bbox 739 3084 867 3121; x_wconf 88' lang='lat' dir='ltr'>esse</span> <span class='ocrx_word' id='word_1_281' title='bbox 906 3072 1433 3135; x_wconf 82' lang='lat' dir='ltr'>potestincertum‘?</span> <span class='ocrx_word' id='word_1_282' title='bbox 1457 3073 1565 3125; x_wconf 89' lang='lat' dir='ltr'>Sed</span> <span class='ocrx_word' id='word_1_283' title='bbox 1588 3074 1712 3125; x_wconf 63' lang='lat' dir='ltr'>haec</span> <span class='ocrx_word' id='word_1_284' title='bbox 1737 3075 2089 3139; x_wconf 85' lang='lat' dir='ltr'>ambiguitas</span> 
     </span>
    </p>
   </div>
   <div class='ocr_carea' id='block_1_40' title="bbox 486 3143 2093 3207">
    <p class='ocr_par' dir='ltr' id='par_1_40' title="bbox 486 3143 2093 3207">
     <span class='ocr_line' id='line_1_41' title="bbox 486 3143 2093 3207; baseline 0.004 -16"><span class='ocrx_word' id='word_1_285' title='bbox 486 3143 768 3192; x_wconf 87' lang='lat' dir='ltr'>sermonis</span> <span class='ocrx_word' id='word_1_286' title='bbox 795 3143 1118 3194; x_wconf 89' lang='lat' dir='ltr'>secundum</span> <span class='ocrx_word' id='word_1_287' title='bbox 1141 3157 1312 3194; x_wconf 90' lang='lat' dir='ltr'>usum</span> <span class='ocrx_word' id='word_1_288' title='bbox 1332 3145 1517 3207; x_wconf 87' lang='lat' dir='ltr'>posita</span> <span class='ocrx_word' id='word_1_289' title='bbox 1541 3151 1629 3196; x_wconf 91' lang='lat' dir='ltr'>est</span> <span class='ocrx_word' id='word_1_290' title='bbox 1651 3146 1919 3198; x_wconf 63' lang='lat' dir='ltr'>humana:</span> <span class='ocrx_word' id='word_1_291' title='bbox 1938 3147 2093 3197; x_wconf 88' lang='lat' dir='ltr'>locu—</span> 
     </span>
    </p>
   </div>
   <div class='ocr_carea' id='block_1_41' title="bbox 488 3212 2082 3281">
    <p class='ocr_par' dir='ltr' id='par_1_41' title="bbox 488 3212 2082 3281">
     <span class='ocr_line' id='line_1_42' title="bbox 488 3212 2082 3281; baseline 0.004 -20"><span class='ocrx_word' id='word_1_292' title='bbox 488 3212 675 3263; x_wconf 89' lang='lat' dir='ltr'>tionis.</span> <span class='ocrx_word' id='word_1_293' title='bbox 700 3214 791 3264; x_wconf 92' lang='lat' dir='ltr'>Sic</span> <span class='ocrx_word' id='word_1_294' title='bbox 807 3214 960 3265; x_wconf 88' lang='lat' dir='ltr'>enim</span> <span class='ocrx_word' id='word_1_295' title='bbox 996 3212 1143 3281; x_wconf 79' lang='grc'><strong>271</strong></span> <span class='ocrx_word' id='word_1_296' title='bbox 1181 3214 1433 3265; x_wconf 90' lang='lat' dir='ltr'>solemus</span> <span class='ocrx_word' id='word_1_297' title='bbox 1459 3215 1925 3278; x_wconf 78' lang='lat' dir='ltr'>loquizForsitan</span> <span class='ocrx_word' id='word_1_298' title='bbox 1948 3218 2082 3268; x_wconf 91' lang='lat' dir='ltr'>illuc</span> 
     </span>
    </p>
   </div>
   <div class='ocr_carea' id='block_1_42' title="bbox 482 3282 2084 3351">
    <p class='ocr_par' dir='ltr' id='par_1_42' title="bbox 482 3282 2084 3351">
     <span class='ocr_line' id='line_1_43' title="bbox 482 3282 2084 3351; baseline 0.004 -18"><span class='ocrx_word' id='word_1_299' title='bbox 482 3282 597 3347; x_wconf 92' lang='lat' dir='ltr'>ibo,</span> <span class='ocrx_word' id='word_1_300' title='bbox 626 3285 861 3336; x_wconf 89' lang='lat' dir='ltr'>forsitan</span> <span class='ocrx_word' id='word_1_301' title='bbox 886 3286 995 3337; x_wconf 92' lang='lat' dir='ltr'>hoc</span> <span class='ocrx_word' id='word_1_302' title='bbox 1020 3286 1242 3336; x_wconf 82' lang='lat' dir='ltr'>faciam.</span> <span class='ocrx_word' id='word_1_303' title='bbox 1270 3288 1353 3337; x_wconf 93' lang='lat' dir='ltr'>De</span> <span class='ocrx_word' id='word_1_304' title='bbox 1370 3286 1636 3343; x_wconf 87' lang='lat' dir='ltr'>inimicis,</span> <span class='ocrx_word' id='word_1_305' title='bbox 1659 3287 1919 3351; x_wconf 89' lang='lat' dir='ltr'>inquam,</span> <span class='ocrx_word' id='word_1_306' title='bbox 1946 3288 2084 3339; x_wconf 91' lang='lat' dir='ltr'>tole-</span> 
     </span>
    </p>
   </div>
   <div class='ocr_carea' id='block_1_43' title="bbox 484 3356 1226 3420">
    <p class='ocr_par' dir='ltr' id='par_1_43' title="bbox 484 3356 1226 3420">
     <span class='ocr_line' id='line_1_44' title="bbox 484 3356 1226 3420; baseline 0 -15"><span class='ocrx_word' id='word_1_307' title='bbox 484 3356 719 3406; x_wconf 88' lang='lat' dir='ltr'>rabilius</span> <span class='ocrx_word' id='word_1_308' title='bbox 749 3357 1040 3420; x_wconf 87' lang='lat' dir='ltr'>agendum</span> <span class='ocrx_word' id='word_1_309' title='bbox 1056 3362 1226 3407; x_wconf 86' lang='lat' dir='ltr'>esset.</span> 
     </span>
    </p>
   </div>
   <div class='ocr_carea' id='block_1_44' title="bbox 548 3426 2089 3495">
    <p class='ocr_par' dir='ltr' id='par_1_44' title="bbox 548 3426 2089 3495">
     <span class='ocr_line' id='line_1_45' title="bbox 548 3426 2089 3495; baseline 0.001 -14"><span class='ocrx_word' id='word_1_310' title='bbox 548 3426 632 3480; x_wconf 79' lang='grc'>14.</span> <span class='ocrx_word' id='word_1_311' title='bbox 657 3428 733 3476; x_wconf 86' lang='lat' dir='ltr'>Tu</span> <span class='ocrx_word' id='word_1_312' title='bbox 760 3444 898 3488; x_wconf 78' lang='lat' dir='ltr'>vero,</span> <span class='ocrx_word' id='word_1_313' title='bbox 921 3442 954 3479; x_wconf 96' lang='lat' dir='ltr'>o</span> <span class='ocrx_word' id='word_1_314' title='bbox 970 3430 1001 3479; x_wconf 80' lang='grc' dir='ltr'>,Ι</span> <span class='ocrx_word' id='word_1_315' title='bbox 1009 3429 1139 3487; x_wconf 90' lang='lat' dir='ltr'>uda,</span> <span class='ocrx_word' id='word_1_316' title='bbox 1156 3429 1317 3477; x_wconf 91' lang='lat' dir='ltr'>homo</span> <span class='ocrx_word' id='word_1_317' title='bbox 1330 3429 1654 3480; x_wconf 87' lang='lat' dir='ltr'>secundum</span> <span class='ocrx_word' id='word_1_318' title='bbox 1673 3430 2089 3495; x_wconf 88' lang='lat' dir='ltr'>carnalitatem,</span> 
     </span>
    </p>
   </div>
   <div class='ocr_carea' id='block_1_45' title="bbox 433 3499 2092 3566">
    <p class='ocr_par' dir='ltr' id='par_1_45' title="bbox 433 3499 2092 3566">
     <span class='ocr_line' id='line_1_46' title="bbox 433 3499 2092 3566; baseline 0.004 -21"><span class='ocrx_word' id='word_1_319' title='bbox 433 3522 439 3527; x_wconf 89' lang='lat'><strong>-</strong></span> <span class='ocrx_word' id='word_1_320' title='bbox 483 3500 789 3561; x_wconf 78' lang='lat' dir='ltr'>unanimis,</span> <span class='ocrx_word' id='word_1_321' title='bbox 818 3512 917 3562; x_wconf 91' lang='lat' dir='ltr'>per</span> <span class='ocrx_word' id='word_1_322' title='bbox 939 3499 1388 3565; x_wconf 91' lang='lat' dir='ltr'>simulationem,</span> <span class='ocrx_word' id='word_1_323' title='bbox 1414 3500 1546 3548; x_wconf 70' lang='lat' dir='ltr'>Duas</span> <span class='ocrx_word' id='word_1_324' title='bbox 1569 3516 1736 3565; x_wconf 86' lang='lat' dir='ltr'>meus,</span> <span class='ocrx_word' id='word_1_325' title='bbox 1769 3514 1870 3565; x_wconf 91' lang='lat' dir='ltr'>per</span> <span class='ocrx_word' id='word_1_326' title='bbox 1893 3502 2092 3566; x_wconf 57' lang='lat' dir='ltr'>praedi-</span> 
     </span>
    </p>
   </div>
   <div class='ocr_carea' id='block_1_46' title="bbox 485 3570 2092 3633">
    <p class='ocr_par' dir='ltr' id='par_1_46' title="bbox 485 3570 2092 3633">
     <span class='ocr_line' id='line_1_47' title="bbox 485 3570 2092 3633; baseline 0.002 -14"><span class='ocrx_word' id='word_1_327' title='bbox 485 3572 843 3631; x_wconf 87' lang='lat' dir='ltr'>cationem,et</span> <span class='ocrx_word' id='word_1_328' title='bbox 868 3576 1043 3629; x_wconf 84' lang='lat' dir='ltr'>notus,</span> <span class='ocrx_word' id='word_1_329' title='bbox 1069 3582 1169 3632; x_wconf 91' lang='lat' dir='ltr'>per</span> <span class='ocrx_word' id='word_1_330' title='bbox 1186 3570 1358 3621; x_wconf 80' lang='lat' dir='ltr'>fidem</span> <span class='ocrx_word' id='word_1_331' title='bbox 1382 3588 1391 3618; x_wconf 93' lang='lat'><strong>:</strong></span> <span class='ocrx_word' id='word_1_332' title='bbox 1422 3586 1516 3633; x_wconf 76' lang='lat' dir='ltr'>qui</span> <span class='ocrx_word' id='word_1_333' title='bbox 1549 3573 1716 3621; x_wconf 84' lang='lat' dir='ltr'>simul</span> <span class='ocrx_word' id='word_1_334' title='bbox 1741 3586 2092 3624; x_wconf 83' lang='lat' dir='ltr'>conversans</span> 
     </span>
    </p>
   </div>
   <div class='ocr_carea' id='block_1_47' title="bbox 483 3640 2089 3707">
    <p class='ocr_par' dir='ltr' id='par_1_47' title="bbox 483 3640 2089 3707">
     <span class='ocr_line' id='line_1_48' title="bbox 483 3640 2089 3707; baseline 0.005 -19"><span class='ocrx_word' id='word_1_335' title='bbox 483 3655 709 3699; x_wconf 87' lang='lat' dir='ltr'>mecum,</span> <span class='ocrx_word' id='word_1_336' title='bbox 736 3640 909 3688; x_wconf 80' lang='lat' dir='ltr'>dulces</span> <span class='ocrx_word' id='word_1_337' title='bbox 937 3640 1181 3701; x_wconf 74' lang='lat' dir='ltr'>cupiebas</span> <span class='ocrx_word' id='word_1_338' title='bbox 1220 3642 1375 3700; x_wconf 72' lang='lat' dir='ltr'>cibos,</span> <span class='ocrx_word' id='word_1_339' title='bbox 1412 3645 1526 3691; x_wconf 90' lang='lat' dir='ltr'>tam</span> <span class='ocrx_word' id='word_1_340' title='bbox 1552 3644 1877 3707; x_wconf 80' lang='lat' dir='ltr'>corporales</span> <span class='ocrx_word' id='word_1_341' title='bbox 1917 3656 2089 3707; x_wconf 89' lang='lat' dir='ltr'>quam</span> 
     </span>
    </p>
   </div>
   <div class='ocr_carea' id='block_1_48' title="bbox 486 3709 2090 3778">
    <p class='ocr_par' dir='ltr' id='par_1_48' title="bbox 486 3709 2090 3778">
     <span class='ocr_line' id='line_1_49' title="bbox 486 3709 2090 3778; baseline 0.003 -17"><span class='ocrx_word' id='word_1_342' title='bbox 486 3709 828 3774; x_wconf 88' lang='lat' dir='ltr'>spirituales.</span> <span class='ocrx_word' id='word_1_343' title='bbox 862 3712 950 3761; x_wconf 90' lang='lat' dir='ltr'>&#39;I‘u</span> <span class='ocrx_word' id='word_1_344' title='bbox 973 3711 1231 3772; x_wconf 89' lang='lat' dir='ltr'>inquam,</span> <span class='ocrx_word' id='word_1_345' title='bbox 1250 3725 1283 3762; x_wconf 97' lang='lat' dir='ltr'>o</span> <span class='ocrx_word' id='word_1_346' title='bbox 1308 3714 1337 3761; x_wconf 86' lang='lat' dir='ltr'><strong>J</strong></span> <span class='ocrx_word' id='word_1_347' title='bbox 1347 3712 1473 3771; x_wconf 92' lang='lat' dir='ltr'>uda,</span> <span class='ocrx_word' id='word_1_348' title='bbox 1511 3726 1544 3763; x_wconf 97' lang='lat' dir='ltr'>o</span> <span class='ocrx_word' id='word_1_349' title='bbox 1568 3714 1775 3777; x_wconf 89' lang='lat' dir='ltr'>popule</span> <span class='ocrx_word' id='word_1_350' title='bbox 1801 3728 2090 3778; x_wconf 89' lang='lat' dir='ltr'>perverse,</span> 
     </span>
    </p>
   </div>
   <div class='ocr_carea' id='block_1_49' title="bbox 485 3780 2092 3846">
    <p class='ocr_par' dir='ltr' id='par_1_49' title="bbox 485 3780 2092 3846">
     <span class='ocr_line' id='line_1_50' title="bbox 485 3780 2092 3846; baseline 0.002 -13"><span class='ocrx_word' id='word_1_351' title='bbox 485 3795 619 3833; x_wconf 91' lang='lat' dir='ltr'>cum</span> <span class='ocrx_word' id='word_1_352' title='bbox 644 3781 700 3831; x_wconf 92' lang='lat' dir='ltr'>in</span> <span class='ocrx_word' id='word_1_353' title='bbox 724 3785 883 3832; x_wconf 65' lang='lat' dir='ltr'>tanto</span> <span class='ocrx_word' id='word_1_354' title='bbox 909 3780 1056 3830; x_wconf 91' lang='lat' dir='ltr'>malo</span> <span class='ocrx_word' id='word_1_355' title='bbox 1080 3793 1429 3843; x_wconf 88' lang='lat' dir='ltr'>perseveres,</span> <span class='ocrx_word' id='word_1_356' title='bbox 1448 3785 1732 3846; x_wconf 89' lang='lat' dir='ltr'>numquid</span> <span class='ocrx_word' id='word_1_357' title='bbox 1759 3786 2092 3837; x_wconf 76' lang='lat' dir='ltr'>tolerandas</span> 
     </span>
    </p>
   </div>
   <div class='ocr_carea' id='block_1_50' title="bbox 484 3852 2091 3915">
    <p class='ocr_par' dir='ltr' id='par_1_50' title="bbox 484 3852 2091 3915">
     <span class='ocr_line' id='line_1_51' title="bbox 484 3852 2091 3915; baseline 0.002 -10"><span class='ocrx_word' id='word_1_358' title='bbox 484 3852 779 3905; x_wconf 69' lang='lat' dir='ltr'>estJudas</span> <span class='ocrx_word' id='word_1_359' title='bbox 807 3857 863 3902; x_wconf 89' lang='lat' dir='ltr'>et</span> <span class='ocrx_word' id='word_1_360' title='bbox 886 3852 1134 3915; x_wconf 89' lang='lat' dir='ltr'>populus</span> <span class='ocrx_word' id='word_1_361' title='bbox 1160 3852 1287 3914; x_wconf 89' lang='lat' dir='ltr'>ejus</span> <span class='ocrx_word' id='word_1_362' title='bbox 1326 3852 1653 3914; x_wconf 83' lang='lat' dir='ltr'>significant</span> <span class='ocrx_word' id='word_1_363' title='bbox 1678 3855 1857 3906; x_wconf 90' lang='lat' dir='ltr'>falsos</span> <span class='ocrx_word' id='word_1_364' title='bbox 1888 3856 2091 3908; x_wconf 86' lang='lat' dir='ltr'>fratres</span> 
     </span>
    </p>
   </div>
   <div class='ocr_carea' id='block_1_51' title="bbox 483 3922 2091 3991">
    <p class='ocr_par' dir='ltr' id='par_1_51' title="bbox 483 3922 2091 3991">
     <span class='ocr_line' id='line_1_52' title="bbox 483 3922 2091 3991; baseline 0.003 -16"><span class='ocrx_word' id='word_1_365' title='bbox 483 3926 633 3976; x_wconf 89' lang='lat' dir='ltr'>intra</span> <span class='ocrx_word' id='word_1_366' title='bbox 669 3926 927 3975; x_wconf 89' lang='lat' dir='ltr'>sanctam</span> <span class='ocrx_word' id='word_1_367' title='bbox 947 3922 1282 3986; x_wconf 90' lang='lat' dir='ltr'>Ecclesiam,</span> <span class='ocrx_word' id='word_1_368' title='bbox 1301 3924 1399 3987; x_wconf 87' lang='lat' dir='ltr'>qui</span> <span class='ocrx_word' id='word_1_369' title='bbox 1417 3938 1548 3975; x_wconf 93' lang='lat' dir='ltr'>cum</span> <span class='ocrx_word' id='word_1_370' title='bbox 1577 3925 1845 3978; x_wconf 89' lang='lat' dir='ltr'>simulate</span> <span class='ocrx_word' id='word_1_371' title='bbox 1864 3928 2091 3991; x_wconf 89' lang='lat' dir='ltr'>vivunt,</span> 
     </span>
    </p>
   </div>
   <div class='ocr_carea' id='block_1_52' title="bbox 486 3995 2091 4060">
    <p class='ocr_par' dir='ltr' id='par_1_52' title="bbox 486 3995 2091 4060">
     <span class='ocr_line' id='line_1_53' title="bbox 486 3995 2091 4060; baseline 0.002 -12"><span class='ocrx_word' id='word_1_372' title='bbox 486 4001 645 4048; x_wconf 86' lang='lat' dir='ltr'>tanto</span> <span class='ocrx_word' id='word_1_373' title='bbox 670 3995 927 4059; x_wconf 82' lang='lat' dir='ltr'>gravius,</span> <span class='ocrx_word' id='word_1_374' title='bbox 948 3995 1421 4058; x_wconf 90' lang='lat' dir='ltr'>quantointerius</span> <span class='ocrx_word' id='word_1_375' title='bbox 1442 3998 1827 4057; x_wconf 87' lang='lat' dir='ltr'>sunt,electos</span> <span class='ocrx_word' id='word_1_376' title='bbox 1839 4008 2091 4060; x_wconf 83' lang='lat' dir='ltr'>premunt.</span> 
     </span>
    </p>
   </div>
   <div class='ocr_carea' id='block_1_53' title="bbox 484 4066 2093 4129">
    <p class='ocr_par' dir='ltr' id='par_1_53' title="bbox 484 4066 2093 4129">
     <span class='ocr_line' id='line_1_54' title="bbox 484 4066 2093 4129; baseline 0.002 -12"><span class='ocrx_word' id='word_1_377' title='bbox 484 4069 640 4128; x_wconf 90' lang='lat' dir='ltr'>Quos</span> <span class='ocrx_word' id='word_1_378' title='bbox 666 4070 858 4117; x_wconf 90' lang='lat' dir='ltr'>tamen</span> <span class='ocrx_word' id='word_1_379' title='bbox 886 4066 1153 4129; x_wconf 80' lang='lat' dir='ltr'>exemplo</span> <span class='ocrx_word' id='word_1_380' title='bbox 1167 4078 1273 4117; x_wconf 83' lang='lat' dir='ltr'>suo</span> <span class='ocrx_word' id='word_1_381' title='bbox 1286 4066 1567 4118; x_wconf 90' lang='lat' dir='ltr'>Dominus</span> <span class='ocrx_word' id='word_1_382' title='bbox 1581 4070 1867 4121; x_wconf 90' lang='lat' dir='ltr'>sustinere</span> <span class='ocrx_word' id='word_1_383' title='bbox 1890 4070 2093 4123; x_wconf 86' lang='lat' dir='ltr'>docet:</span> 
     </span>
    </p>
   </div>
   <div class='ocr_carea' id='block_1_54' title="bbox 487 4137 2091 4202">
    <p class='ocr_par' dir='ltr' id='par_1_54' title="bbox 487 4137 2091 4202">
     <span class='ocr_line' id='line_1_55' title="bbox 487 4137 2091 4202; baseline 0.002 -12"><span class='ocrx_word' id='word_1_384' title='bbox 487 4138 592 4202; x_wconf 18' lang='lat' dir='ltr'>sed,</span> <span class='ocrx_word' id='word_1_385' title='bbox 614 4137 722 4202; x_wconf 92' lang='lat' dir='ltr'>ipsi</span> <span class='ocrx_word' id='word_1_386' title='bbox 744 4149 979 4202; x_wconf 70' lang='lat' dir='ltr'>pmnam</span> <span class='ocrx_word' id='word_1_387' title='bbox 1027 4141 1303 4189; x_wconf 72' lang='lat' dir='ltr'>aeternam</span> <span class='ocrx_word' id='word_1_388' title='bbox 1341 4151 1459 4189; x_wconf 92' lang='lat' dir='ltr'>non</span> <span class='ocrx_word' id='word_1_389' title='bbox 1506 4140 1772 4192; x_wconf 88' lang='lat' dir='ltr'>evadent.</span> <span class='ocrx_word' id='word_1_390' title='bbox 1818 4142 1924 4202; x_wconf 89' lang='lat' dir='ltr'>Qui</span> <span class='ocrx_word' id='word_1_391' title='bbox 1950 4142 2091 4193; x_wconf 89' lang='lat' dir='ltr'>tales</span> 
     </span>
    </p>
   </div>
   <div class='ocr_carea' id='block_1_55' title="bbox 490 4200 2025 4272">
    <p class='ocr_par' dir='ltr' id='par_1_55' title="bbox 490 4200 2025 4272">
     <span class='ocr_line' id='line_1_56' title="bbox 490 4200 2025 4272; baseline 0 -10"><span class='ocrx_word' id='word_1_392' title='bbox 490 4200 651 4269; x_wconf 68' lang='lat' dir='ltr'>sunt,</span> <span class='ocrx_word' id='word_1_393' title='bbox 672 4200 913 4260; x_wconf 79' lang='lat' dir='ltr'>audiant</span> <span class='ocrx_word' id='word_1_394' title='bbox 942 4208 1146 4259; x_wconf 88' lang='lat' dir='ltr'>mortis</span> <span class='ocrx_word' id='word_1_395' title='bbox 1182 4210 1546 4271; x_wconf 86' lang='lat' dir='ltr'>sententiam,</span> <span class='ocrx_word' id='word_1_396' title='bbox 1583 4224 1695 4272; x_wconf 89' lang='lat' dir='ltr'>qua</span> <span class='ocrx_word' id='word_1_397' title='bbox 1720 4200 2025 4264; x_wconf 79' lang='lat' dir='ltr'>subditur:</span> 
     </span>
    </p>
   </div>
   <div class='ocr_carea' id='block_1_56' title="bbox 549 4280 2091 4347">
    <p class='ocr_par' dir='ltr' id='par_1_56' title="bbox 549 4280 2091 4347">
     <span class='ocr_line' id='line_1_57' title="bbox 549 4280 2091 4347; baseline 0.001 -17"><span class='ocrx_word' id='word_1_398' title='bbox 549 4280 635 4335; x_wconf 83' lang='grc'>15.</span> <span class='ocrx_word' id='word_1_399' title='bbox 657 4280 846 4329; x_wconf 85' lang='lat' dir='ltr'>Veniat</span> <span class='ocrx_word' id='word_1_400' title='bbox 880 4294 1026 4328; x_wconf 84' lang='lat' dir='ltr'>mors</span> <span class='ocrx_word' id='word_1_401' title='bbox 1048 4294 1212 4344; x_wconf 82' lang='lat' dir='ltr'>super</span> <span class='ocrx_word' id='word_1_402' title='bbox 1245 4280 1380 4343; x_wconf 83' lang='lat' dir='ltr'>illos,</span> <span class='ocrx_word' id='word_1_403' title='bbox 1411 4287 1457 4329; x_wconf 86' lang='lat' dir='ltr'>et</span> <span class='ocrx_word' id='word_1_404' title='bbox 1487 4281 1809 4331; x_wconf 71' lang='lat' dir='ltr'>descendant</span> <span class='ocrx_word' id='word_1_405' title='bbox 1832 4284 1891 4331; x_wconf 88' lang='lat' dir='ltr'>in</span> <span class='ocrx_word' id='word_1_406' title='bbox 1918 4284 2091 4347; x_wconf 82' lang='lat' dir='ltr'>infer-</span> 
     </span>
    </p>
   </div>
   <div class='ocr_carea' id='block_1_57' title="bbox 486 4350 2089 4416">
    <p class='ocr_par' dir='ltr' id='par_1_57' title="bbox 486 4350 2089 4416">
     <span class='ocr_line' id='line_1_58' title="bbox 486 4350 2089 4416; baseline 0.003 -14"><span class='ocrx_word' id='word_1_407' title='bbox 486 4368 621 4402; x_wconf 86' lang='lat' dir='ltr'>num</span> <span class='ocrx_word' id='word_1_408' title='bbox 647 4352 891 4401; x_wconf 75' lang='lat' dir='ltr'>viventes.</span> <span class='ocrx_word' id='word_1_409' title='bbox 935 4353 1086 4403; x_wconf 86' lang='lat' dir='ltr'>Mors</span> <span class='ocrx_word' id='word_1_410' title='bbox 1113 4363 1289 4412; x_wconf 90' lang='lat' dir='ltr'>super</span> <span class='ocrx_word' id='word_1_411' title='bbox 1325 4350 1453 4403; x_wconf 89' lang='lat' dir='ltr'>illos</span> <span class='ocrx_word' id='word_1_412' title='bbox 1495 4352 1706 4415; x_wconf 91' lang='lat' dir='ltr'>veniet,</span> <span class='ocrx_word' id='word_1_413' title='bbox 1733 4355 1965 4416; x_wconf 91' lang='lat' dir='ltr'>quando</span> <span class='ocrx_word' id='word_1_414' title='bbox 1989 4368 2089 4407; x_wconf 92' lang='lat' dir='ltr'>eos</span> 
     </span>
    </p>
   </div>
   <div class='ocr_carea' id='block_1_58' title="bbox 484 4422 2087 4488">
    <p class='ocr_par' dir='ltr' id='par_1_58' title="bbox 484 4422 2087 4488">
     <span class='ocr_line' id='line_1_59' title="bbox 484 4422 2087 4488; baseline -0.001 -12"><span class='ocrx_word' id='word_1_415' title='bbox 484 4425 783 4476; x_wconf 90' lang='lat' dir='ltr'>damnatio</span> <span class='ocrx_word' id='word_1_416' title='bbox 801 4423 1259 4486; x_wconf 66' lang='lat' dir='ltr'>aeternaoperiet.</span> <span class='ocrx_word' id='word_1_417' title='bbox 1278 4422 1554 4475; x_wconf 89' lang='lat' dir='ltr'>Viventes</span> <span class='ocrx_word' id='word_1_418' title='bbox 1575 4425 2016 4488; x_wconf 77' lang='lat' dir='ltr'>(EacAugustino)</span> <span class='ocrx_word' id='word_1_419' title='bbox 2036 4429 2087 4474; x_wconf 91' lang='lat' dir='ltr'>in</span> 
     </span>
    </p>
   </div>
   <div class='ocr_carea' id='block_1_59' title="bbox 484 4494 2089 4560">
    <p class='ocr_par' dir='ltr' id='par_1_59' title="bbox 484 4494 2089 4560">
     <span class='ocr_line' id='line_1_60' title="bbox 484 4494 2089 4560; baseline 0.001 -14"><span class='ocrx_word' id='word_1_420' title='bbox 484 4496 773 4547; x_wconf 90' lang='lat' dir='ltr'>infernum</span> <span class='ocrx_word' id='word_1_421' title='bbox 801 4494 1181 4547; x_wconf 85' lang='lat' dir='ltr'>descendunt.</span> <span class='ocrx_word' id='word_1_422' title='bbox 1218 4494 1315 4557; x_wconf 92' lang='lat' dir='ltr'>qui</span> <span class='ocrx_word' id='word_1_423' title='bbox 1352 4494 1566 4546; x_wconf 90' lang='lat' dir='ltr'>malum</span> <span class='ocrx_word' id='word_1_424' title='bbox 1605 4508 1732 4546; x_wconf 90' lang='lat' dir='ltr'>esse</span> <span class='ocrx_word' id='word_1_425' title='bbox 1762 4495 2089 4560; x_wconf 84' lang='lat' dir='ltr'>intelligunt</span> 
     </span>
    </p>
   </div>
   <div class='ocr_carea' id='block_1_60' title="bbox 485 4565 2088 4630">
    <p class='ocr_par' dir='ltr' id='par_1_60' title="bbox 485 4565 2088 4630">
     <span class='ocr_line' id='line_1_61' title="bbox 485 4565 2088 4630; baseline 0.002 -15"><span class='ocrx_word' id='word_1_426' title='bbox 485 4567 638 4629; x_wconf 88' lang='lat' dir='ltr'>quod</span> <span class='ocrx_word' id='word_1_427' title='bbox 660 4566 893 4621; x_wconf 82' lang='lat' dir='ltr'>faciunt.</span> <span class='ocrx_word' id='word_1_428' title='bbox 918 4578 1024 4616; x_wconf 93' lang='lat' dir='ltr'>nec</span> <span class='ocrx_word' id='word_1_429' title='bbox 1050 4567 1244 4616; x_wconf 87' lang='lat' dir='ltr'>tamen</span> <span class='ocrx_word' id='word_1_430' title='bbox 1267 4566 1340 4616; x_wconf 91' lang='lat' dir='ltr'>ab</span> <span class='ocrx_word' id='word_1_431' title='bbox 1356 4565 1480 4630; x_wconf 91' lang='lat' dir='ltr'>ipso</span> <span class='ocrx_word' id='word_1_432' title='bbox 1504 4566 1807 4617; x_wconf 90' lang='lat' dir='ltr'>desistunt.</span> <span class='ocrx_word' id='word_1_433' title='bbox 1836 4568 1978 4629; x_wconf 85' lang='lat' dir='ltr'>Quid</span> <span class='ocrx_word' id='word_1_434' title='bbox 2001 4572 2088 4618; x_wconf 90' lang='lat' dir='ltr'>est</span> 
     </span>
    </p>
   </div>
   <div class='ocr_carea' id='block_1_61' title="bbox 485 4636 2088 4699">
    <p class='ocr_par' dir='ltr' id='par_1_61' title="bbox 485 4636 2088 4699">
     <span class='ocr_line' id='line_1_62' title="bbox 485 4636 2088 4699; baseline -0.002 -10"><span class='ocrx_word' id='word_1_435' title='bbox 485 4638 752 4689; x_wconf 89' lang='lat' dir='ltr'>viventes</span> <span class='ocrx_word' id='word_1_436' title='bbox 765 4640 792 4687; x_wconf 82' lang='lat' dir='ltr'>‘t</span> <span class='ocrx_word' id='word_1_437' title='bbox 811 4638 1067 4695; x_wconf 86' lang='lat' dir='ltr'>Scientes</span> <span class='ocrx_word' id='word_1_438' title='bbox 1093 4636 1230 4699; x_wconf 91' lang='lat' dir='ltr'>quia</span> <span class='ocrx_word' id='word_1_439' title='bbox 1246 4643 1507 4698; x_wconf 90' lang='lat' dir='ltr'>pereunt.</span> <span class='ocrx_word' id='word_1_440' title='bbox 1524 4639 1757 4689; x_wconf 89' lang='lat' dir='ltr'>Talibus</span> <span class='ocrx_word' id='word_1_441' title='bbox 1774 4638 1960 4689; x_wconf 90' lang='lat' dir='ltr'>multo</span> <span class='ocrx_word' id='word_1_442' title='bbox 1976 4654 2088 4699; x_wconf 84' lang='lat' dir='ltr'>gra-</span> 
     </span>
    </p>
   </div>
   <div class='ocr_carea' id='block_1_62' title="bbox 486 4708 2081 4771">
    <p class='ocr_par' dir='ltr' id='par_1_62' title="bbox 486 4708 2081 4771">
     <span class='ocr_line' id='line_1_63' title="bbox 486 4708 2081 4771; baseline -0.001 -11"><span class='ocrx_word' id='word_1_443' title='bbox 486 4709 609 4761; x_wconf 88' lang='lat' dir='ltr'>vior</span> <span class='ocrx_word' id='word_1_444' title='bbox 624 4709 920 4760; x_wconf 90' lang='lat' dir='ltr'>damnatio</span> <span class='ocrx_word' id='word_1_445' title='bbox 934 4720 1106 4770; x_wconf 90' lang='lat' dir='ltr'>quam</span> <span class='ocrx_word' id='word_1_446' title='bbox 1125 4708 1351 4759; x_wconf 55' lang='lat' dir='ltr'>caeteris</span> <span class='ocrx_word' id='word_1_447' title='bbox 1369 4709 1671 4771; x_wconf 88' lang='lat' dir='ltr'>incumbit,</span> <span class='ocrx_word' id='word_1_448' title='bbox 1687 4713 1816 4758; x_wconf 87' lang='lat' dir='ltr'>sicut</span> <span class='ocrx_word' id='word_1_449' title='bbox 1840 4712 2081 4770; x_wconf 82' lang='lat' dir='ltr'>scriptum</span> 
     </span>
    </p>
   </div>
   <div class='ocr_carea' id='block_1_63' title="bbox 486 4779 2085 4845">
    <p class='ocr_par' dir='ltr' id='par_1_63' title="bbox 486 4779 2085 4845">
     <span class='ocr_line' id='line_1_64' title="bbox 486 4779 2085 4845; baseline 0.001 -14"><span class='ocrx_word' id='word_1_450' title='bbox 486 4786 574 4831; x_wconf 88' lang='lat' dir='ltr'>est</span> <span class='ocrx_word' id='word_1_451' title='bbox 601 4796 611 4827; x_wconf 91' lang='lat'>:</span> <span class='ocrx_word' id='word_1_452' title='bbox 640 4781 851 4829; x_wconf 90' lang='lat' dir='ltr'>Servus</span> <span class='ocrx_word' id='word_1_453' title='bbox 885 4779 986 4841; x_wconf 90' lang='lat' dir='ltr'>qui</span> <span class='ocrx_word' id='word_1_454' title='bbox 1019 4779 1126 4828; x_wconf 89' lang='lat' dir='ltr'>scit</span> <span class='ocrx_word' id='word_1_455' title='bbox 1145 4779 1500 4831; x_wconf 77' lang='lat' dir='ltr'>voluntatem</span> <span class='ocrx_word' id='word_1_456' title='bbox 1515 4781 1732 4833; x_wconf 90' lang='lat' dir='ltr'>domini</span> <span class='ocrx_word' id='word_1_457' title='bbox 1759 4781 1867 4845; x_wconf 91' lang='lat' dir='ltr'>sui,</span> <span class='ocrx_word' id='word_1_458' title='bbox 1892 4785 1948 4832; x_wconf 91' lang='lat' dir='ltr'>et</span> <span class='ocrx_word' id='word_1_459' title='bbox 1969 4794 2085 4833; x_wconf 91' lang='lat' dir='ltr'>non</span> 
     </span>
    </p>
   </div>
   <div class='ocr_carea' id='block_1_64' title="bbox 484 4848 2086 4913">
    <p class='ocr_par' dir='ltr' id='par_1_64' title="bbox 484 4848 2086 4913">
     <span class='ocr_line' id='line_1_65' title="bbox 484 4848 2086 4913; baseline 0.001 -12"><span class='ocrx_word' id='word_1_460' title='bbox 484 4850 637 4909; x_wconf 87' lang='lat' dir='ltr'>facit,</span> <span class='ocrx_word' id='word_1_461' title='bbox 661 4849 844 4910; x_wconf 79' lang='lat' dir='ltr'>plagis</span> <span class='ocrx_word' id='word_1_462' title='bbox 861 4848 1153 4912; x_wconf 83' lang='lat' dir='ltr'>vapulabit</span> <span class='ocrx_word' id='word_1_463' title='bbox 1168 4850 1368 4901; x_wconf 91' lang='lat' dir='ltr'>multis</span> <span class='ocrx_word' id='word_1_464' title='bbox 1388 4852 1529 4913; x_wconf 87' lang='lat' dir='ltr'>(Luc.</span> <span class='ocrx_word' id='word_1_465' title='bbox 1546 4851 1674 4912; x_wconf 68' lang='lat'>‘12.).</span> <span class='ocrx_word' id='word_1_466' title='bbox 1698 4853 1961 4904; x_wconf 85' lang='lat' dir='ltr'>Timeant</span> <span class='ocrx_word' id='word_1_467' title='bbox 1971 4869 2086 4913; x_wconf 82' lang='lat' dir='ltr'>ergo</span> 
     </span>
    </p>
   </div>
   <div class='ocr_carea' id='block_1_65' title="bbox 485 4919 2084 4988">
    <p class='ocr_par' dir='ltr' id='par_1_65' title="bbox 485 4919 2084 4988">
     <span class='ocr_line' id='line_1_66' title="bbox 485 4919 2084 4988; baseline 0.003 -18"><span class='ocrx_word' id='word_1_468' title='bbox 485 4920 613 4972; x_wconf 83' lang='lat' dir='ltr'>falsi</span> <span class='ocrx_word' id='word_1_469' title='bbox 651 4919 874 4979; x_wconf 86' lang='lat' dir='ltr'>fratres,</span> <span class='ocrx_word' id='word_1_470' title='bbox 912 4919 1297 4983; x_wconf 89' lang='lat' dir='ltr'>simulatores,</span> <span class='ocrx_word' id='word_1_471' title='bbox 1337 4920 1709 4984; x_wconf 87' lang='lat' dir='ltr'>detractores,</span> <span class='ocrx_word' id='word_1_472' title='bbox 1752 4924 2084 4988; x_wconf 87' lang='lat' dir='ltr'>religionem</span> 
     </span>
    </p>
   </div>
   <div class='ocr_carea' id='block_1_66' title="bbox 485 4990 2083 5055">
    <p class='ocr_par' dir='ltr' id='par_1_66' title="bbox 485 4990 2083 5055">
     <span class='ocr_line' id='line_1_67' title="bbox 485 4990 2083 5055; baseline 0.003 -12"><span class='ocrx_word' id='word_1_473' title='bbox 485 4991 687 5043; x_wconf 88' lang='lat' dir='ltr'>habitu</span> <span class='ocrx_word' id='word_1_474' title='bbox 701 4993 1082 5053; x_wconf 87' lang='lat' dir='ltr'>ostentantes,</span> <span class='ocrx_word' id='word_1_475' title='bbox 1103 4990 1162 5042; x_wconf 91' lang='lat' dir='ltr'>in</span> <span class='ocrx_word' id='word_1_476' title='bbox 1174 4991 1447 5055; x_wconf 86' lang='lat' dir='ltr'>religione</span> <span class='ocrx_word' id='word_1_477' title='bbox 1465 4999 1656 5045; x_wconf 87' lang='lat' dir='ltr'>tamen</span> <span class='ocrx_word' id='word_1_478' title='bbox 1673 5007 1789 5046; x_wconf 91' lang='lat' dir='ltr'>non</span> <span class='ocrx_word' id='word_1_479' title='bbox 1799 4996 2083 5047; x_wconf 88' lang='lat' dir='ltr'>viventes.</span> 
     </span>
    </p>
   </div>
   <div class='ocr_carea' id='block_1_67' title="bbox 485 5061 2079 5128">
    <p class='ocr_par' dir='ltr' id='par_1_67' title="bbox 485 5061 2079 5128">
     <span class='ocr_line' id='line_1_68' title="bbox 485 5061 2079 5128; baseline 0.001 -14"><span class='ocrx_word' id='word_1_480' title='bbox 485 5061 575 5114; x_wconf 83' lang='lat' dir='ltr'>Ad</span> <span class='ocrx_word' id='word_1_481' title='bbox 597 5061 724 5112; x_wconf 88' lang='lat' dir='ltr'>illos</span> <span class='ocrx_word' id='word_1_482' title='bbox 755 5062 909 5113; x_wconf 91' lang='lat' dir='ltr'>enim</span> <span class='ocrx_word' id='word_1_483' title='bbox 943 5062 1188 5127; x_wconf 86' lang='lat' dir='ltr'>pertinet</span> <span class='ocrx_word' id='word_1_484' title='bbox 1209 5062 1337 5115; x_wconf 56' lang='lat' dir='ltr'>haec</span> <span class='ocrx_word' id='word_1_485' title='bbox 1362 5065 1668 5125; x_wconf 85' lang='lat' dir='ltr'>sententia,</span> <span class='ocrx_word' id='word_1_486' title='bbox 1700 5078 1815 5128; x_wconf 89' lang='lat' dir='ltr'>qua</span> <span class='ocrx_word' id='word_1_487' title='bbox 1835 5066 2042 5118; x_wconf 90' lang='lat' dir='ltr'>dicitur</span> <span class='ocrx_word' id='word_1_488' title='bbox 2069 5084 2079 5115; x_wconf 90' lang='lat'><strong>:</strong></span> 
     </span>
    </p>
   </div>
   <div class='ocr_carea' id='block_1_68' title="bbox 494 5134 2082 5200">
    <p class='ocr_par' dir='ltr' id='par_1_68' title="bbox 494 5134 2082 5200">
     <span class='ocr_line' id='line_1_69' title="bbox 494 5134 2082 5200; baseline 0.001 -15"><span class='ocrx_word' id='word_1_489' title='bbox 494 5134 681 5185; x_wconf 81' lang='lat' dir='ltr'>Veniat</span> <span class='ocrx_word' id='word_1_490' title='bbox 715 5148 860 5182; x_wconf 84' lang='lat' dir='ltr'>mors</span> <span class='ocrx_word' id='word_1_491' title='bbox 902 5149 1062 5199; x_wconf 85' lang='lat' dir='ltr'>super</span> <span class='ocrx_word' id='word_1_492' title='bbox 1097 5134 1214 5183; x_wconf 85' lang='lat' dir='ltr'>illos</span> <span class='ocrx_word' id='word_1_493' title='bbox 1260 5139 1305 5183; x_wconf 80' lang='lat' dir='ltr'>et</span> <span class='ocrx_word' id='word_1_494' title='bbox 1350 5135 1667 5185; x_wconf 83' lang='lat' dir='ltr'>descendant</span> <span class='ocrx_word' id='word_1_495' title='bbox 1697 5137 1759 5185; x_wconf 87' lang='lat' dir='ltr'>in</span> <span class='ocrx_word' id='word_1_496' title='bbox 1798 5137 2082 5200; x_wconf 78' lang='lat' dir='ltr'>infernum</span> 
     </span>
    </p>
   </div>
   <div class='ocr_carea' id='block_1_69' title="bbox 485 5206 990 5266">
    <p class='ocr_par' dir='ltr' id='par_1_69' title="bbox 485 5206 990 5266">
     <span class='ocr_line' id='line_1_70' title="bbox 485 5206 990 5266; baseline 0.002 -10"><span class='ocrx_word' id='word_1_497' title='bbox 485 5206 727 5256; x_wconf 83' lang='lat' dir='ltr'>viventes.</span> <span class='ocrx_word' id='word_1_498' title='bbox 767 5206 949 5266; x_wconf 83' lang='lat' dir='ltr'>Quare</span> <span class='ocrx_word' id='word_1_499' title='bbox 964 5210 990 5257; x_wconf 60' lang='grc' dir='ltr'><em>Ἰ</em></span> 
     </span>
    </p>
   </div>
   <div class='ocr_carea' id='block_1_70' title="bbox 544 5276 2085 5341">
    <p class='ocr_par' dir='ltr' id='par_1_70' title="bbox 544 5276 2085 5341">
     <span class='ocr_line' id='line_1_71' title="bbox 544 5276 2085 5341; baseline -0.001 -13"><span class='ocrx_word' id='word_1_500' title='bbox 544 5277 923 5337; x_wconf 76' lang='grc' dir='ltr'>16.Οιιοηίανη</span> <span class='ocrx_word' id='word_1_501' title='bbox 946 5278 1197 5341; x_wconf 70' lang='lat' dir='ltr'>nequitiae</span> <span class='ocrx_word' id='word_1_502' title='bbox 1211 5279 1270 5327; x_wconf 89' lang='lat' dir='ltr'>in</span> <span class='ocrx_word' id='word_1_503' title='bbox 1297 5276 1620 5328; x_wconf 85' lang='lat' dir='ltr'>habitaculis</span> <span class='ocrx_word' id='word_1_504' title='bbox 1640 5292 1844 5331; x_wconf 83' lang='lat' dir='ltr'>eorum.</span> <span class='ocrx_word' id='word_1_505' title='bbox 1872 5282 1941 5331; x_wconf 88' lang='lat' dir='ltr'>Et</span> <span class='ocrx_word' id='word_1_506' title='bbox 1965 5293 2085 5332; x_wconf 85' lang='lat' dir='ltr'>non</span> 
     </span>
    </p>
   </div>
   <div class='ocr_carea' id='block_1_71' title="bbox 479 5348 2081 5411">
    <p class='ocr_par' dir='ltr' id='par_1_71' title="bbox 479 5348 2081 5411">
     <span class='ocr_line' id='line_1_72' title="bbox 479 5348 2081 5411; baseline 0.001 -11"><span class='ocrx_word' id='word_1_507' title='bbox 479 5348 667 5400; x_wconf 89' lang='lat' dir='ltr'>solum</span> <span class='ocrx_word' id='word_1_508' title='bbox 690 5349 749 5400; x_wconf 92' lang='lat' dir='ltr'>in</span> <span class='ocrx_word' id='word_1_509' title='bbox 773 5348 1026 5411; x_wconf 83' lang='lat' dir='ltr'>angulis,</span> <span class='ocrx_word' id='word_1_510' title='bbox 1055 5349 1155 5399; x_wconf 88' lang='lat' dir='ltr'>sed</span> <span class='ocrx_word' id='word_1_511' title='bbox 1181 5349 1352 5400; x_wconf 89' lang='lat' dir='ltr'>etiam</span> <span class='ocrx_word' id='word_1_512' title='bbox 1390 5349 1451 5397; x_wconf 89' lang='lat' dir='ltr'>in</span> <span class='ocrx_word' id='word_1_513' title='bbox 1475 5348 1650 5398; x_wconf 87' lang='lat' dir='ltr'>medio</span> <span class='ocrx_word' id='word_1_514' title='bbox 1685 5364 1887 5399; x_wconf 85' lang='lat' dir='ltr'>eorum.</span> <span class='ocrx_word' id='word_1_515' title='bbox 1922 5354 2005 5402; x_wconf 83' lang='lat' dir='ltr'>Ac</span> <span class='ocrx_word' id='word_1_516' title='bbox 2033 5353 2081 5402; x_wconf 93' lang='lat' dir='ltr'>si</span> 
     </span>
    </p>
   </div>
   <div class='ocr_carea' id='block_1_72' title="bbox 480 5420 2081 5484">
    <p class='ocr_par' dir='ltr' id='par_1_72' title="bbox 480 5420 2081 5484">
     <span class='ocr_line' id='line_1_73' title="bbox 480 5420 2081 5484; baseline 0 -13"><span class='ocrx_word' id='word_1_517' title='bbox 480 5420 668 5471; x_wconf 89' lang='lat' dir='ltr'>dicat:</span> <span class='ocrx_word' id='word_1_518' title='bbox 724 5421 1155 5483; x_wconf 88' lang='lat' dir='ltr'>Usquequaque</span> <span class='ocrx_word' id='word_1_519' title='bbox 1202 5420 1352 5484; x_wconf 89' lang='lat' dir='ltr'>pleni</span> <span class='ocrx_word' id='word_1_520' title='bbox 1406 5424 1542 5471; x_wconf 91' lang='lat' dir='ltr'>sunt</span> <span class='ocrx_word' id='word_1_521' title='bbox 1579 5421 1866 5484; x_wconf 89' lang='lat' dir='ltr'>nequitia:</span> <span class='ocrx_word' id='word_1_522' title='bbox 1907 5423 1999 5474; x_wconf 89' lang='lat' dir='ltr'>vel</span> <span class='ocrx_word' id='word_1_523' title='bbox 2024 5439 2081 5471; x_wconf 76' lang='lat' dir='ltr'>in</span> 
     </span>
    </p>
   </div>
   <div class='ocr_carea' id='block_1_73' title="bbox 480 5490 2081 5556">
    <p class='ocr_par' dir='ltr' id='par_1_73' title="bbox 480 5490 2081 5556">
     <span class='ocr_line' id='line_1_74' title="bbox 480 5490 2081 5556; baseline 0.004 -17"><span class='ocrx_word' id='word_1_524' title='bbox 480 5491 821 5554; x_wconf 78' lang='lat' dir='ltr'>habitaculis,</span> <span class='ocrx_word' id='word_1_525' title='bbox 848 5490 1019 5554; x_wconf 87' lang='lat' dir='ltr'>idest,</span> <span class='ocrx_word' id='word_1_526' title='bbox 1047 5494 1105 5542; x_wconf 91' lang='lat' dir='ltr'>in</span> <span class='ocrx_word' id='word_1_527' title='bbox 1152 5491 1483 5555; x_wconf 88' lang='lat' dir='ltr'>corporibus</span> <span class='ocrx_word' id='word_1_528' title='bbox 1533 5507 1739 5552; x_wconf 87' lang='lat' dir='ltr'>eorum,</span> <span class='ocrx_word' id='word_1_529' title='bbox 1776 5494 1835 5544; x_wconf 92' lang='lat' dir='ltr'>in</span> <span class='ocrx_word' id='word_1_530' title='bbox 1865 5494 2081 5556; x_wconf 88' lang='lat' dir='ltr'>quibus</span> 
     </span>
    </p>
   </div>
   <div class='ocr_carea' id='block_1_74' title="bbox 485 5562 2082 5626">
    <p class='ocr_par' dir='ltr' id='par_1_74' title="bbox 485 5562 2082 5626">
     <span class='ocr_line' id='line_1_75' title="bbox 485 5562 2082 5626; baseline 0.003 -16"><span class='ocrx_word' id='word_1_531' title='bbox 485 5562 874 5622; x_wconf 85' lang='lat' dir='ltr'>temporaliter</span> <span class='ocrx_word' id='word_1_532' title='bbox 910 5562 1345 5625; x_wconf 83' lang='lat' dir='ltr'>peregrinantur</span> <span class='ocrx_word' id='word_1_533' title='bbox 1370 5568 1425 5613; x_wconf 88' lang='lat' dir='ltr'>et</span> <span class='ocrx_word' id='word_1_534' title='bbox 1457 5562 1710 5615; x_wconf 83' lang='lat' dir='ltr'>militant</span> <span class='ocrx_word' id='word_1_535' title='bbox 1739 5562 1808 5623; x_wconf 68' lang='grc'>(2.</span> <span class='ocrx_word' id='word_1_536' title='bbox 1842 5565 1960 5615; x_wconf 86' lang='lat' dir='ltr'>Cor.</span> <span class='ocrx_word' id='word_1_537' title='bbox 1989 5563 2082 5626; x_wconf 83' lang='lat'>5.),</span> 
     </span>
    </p>
   </div>
   <div class='ocr_carea' id='block_1_75' title="bbox 481 5632 2078 5694">
    <p class='ocr_par' dir='ltr' id='par_1_75' title="bbox 481 5632 2078 5694">
     <span class='ocr_line' id='line_1_76' title="bbox 481 5632 2078 5694; baseline 0.003 -14"><span class='ocrx_word' id='word_1_538' title='bbox 481 5633 617 5681; x_wconf 88' lang='lat' dir='ltr'>sunt</span> <span class='ocrx_word' id='word_1_539' title='bbox 635 5632 937 5694; x_wconf 59' lang='lat' dir='ltr'>nequitias.</span> <span class='ocrx_word' id='word_1_540' title='bbox 968 5633 1035 5680; x_wconf 82' lang='lat' dir='ltr'>Et</span> <span class='ocrx_word' id='word_1_541' title='bbox 1080 5634 1138 5681; x_wconf 88' lang='lat' dir='ltr'>in</span> <span class='ocrx_word' id='word_1_542' title='bbox 1162 5633 1336 5683; x_wconf 83' lang='lat' dir='ltr'>medio</span> <span class='ocrx_word' id='word_1_543' title='bbox 1358 5649 1563 5694; x_wconf 87' lang='lat' dir='ltr'>eorum,</span> <span class='ocrx_word' id='word_1_544' title='bbox 1610 5634 1779 5693; x_wconf 87' lang='lat' dir='ltr'>idest,</span> <span class='ocrx_word' id='word_1_545' title='bbox 1806 5634 1863 5685; x_wconf 92' lang='lat' dir='ltr'>in</span> <span class='ocrx_word' id='word_1_546' title='bbox 1891 5634 2078 5694; x_wconf 87' lang='lat' dir='ltr'>corde,</span> 
     </span>
    </p>
   </div>
   <div class='ocr_carea' id='block_1_76' title="bbox 477 5701 2084 5769">
    <p class='ocr_par' dir='ltr' id='par_1_76' title="bbox 477 5701 2084 5769">
     <span class='ocr_line' id='line_1_77' title="bbox 477 5701 2084 5769; baseline 0.004 -21"><span class='ocrx_word' id='word_1_547' title='bbox 477 5701 762 5769; x_wconf 78' lang='lat' dir='ltr'>nequitias</span> <span class='ocrx_word' id='word_1_548' title='bbox 776 5714 921 5765; x_wconf 89' lang='lat' dir='ltr'>quas</span> <span class='ocrx_word' id='word_1_549' title='bbox 946 5702 1180 5764; x_wconf 89' lang='lat' dir='ltr'>faciunt,</span> <span class='ocrx_word' id='word_1_550' title='bbox 1197 5718 1268 5756; x_wconf 88' lang='lat' dir='ltr'>ex</span> <span class='ocrx_word' id='word_1_551' title='bbox 1296 5707 1414 5757; x_wconf 89' lang='lat' dir='ltr'>toto</span> <span class='ocrx_word' id='word_1_552' title='bbox 1432 5705 1603 5757; x_wconf 90' lang='lat' dir='ltr'>corde</span> <span class='ocrx_word' id='word_1_553' title='bbox 1620 5705 1850 5757; x_wconf 91' lang='lat' dir='ltr'>faciunt.</span> <span class='ocrx_word' id='word_1_554' title='bbox 1872 5706 1956 5759; x_wconf 90' lang='lat' dir='ltr'>Illi</span> <span class='ocrx_word' id='word_1_555' title='bbox 1982 5704 2084 5769; x_wconf 89' lang='lat' dir='ltr'>qui</span> 
     </span>
    </p>
   </div>
   <div class='ocr_carea' id='block_1_77' title="bbox 484 5767 2081 5838">
    <p class='ocr_par' dir='ltr' id='par_1_77' title="bbox 484 5767 2081 5838">
     <span class='ocr_line' id='line_1_78' title="bbox 484 5767 2081 5838; baseline 0.005 -19"><span class='ocrx_word' id='word_1_556' title='bbox 484 5767 627 5838; x_wconf 83' lang='lat' dir='ltr'>tales</span> <span class='ocrx_word' id='word_1_557' title='bbox 651 5773 805 5833; x_wconf 84' lang='lat' dir='ltr'>sunt,</span> <span class='ocrx_word' id='word_1_558' title='bbox 822 5778 1081 5835; x_wconf 88' lang='lat' dir='ltr'>pereunt.</span> <span class='ocrx_word' id='word_1_559' title='bbox 1098 5775 1212 5838; x_wconf 84' lang='lat' dir='ltr'>Ego</span> <span class='ocrx_word' id='word_1_560' title='bbox 1228 5782 1409 5825; x_wconf 85' lang='lat' dir='ltr'>autem</span> <span class='ocrx_word' id='word_1_561' title='bbox 1425 5777 1497 5825; x_wconf 87' lang='lat' dir='ltr'>ad</span> <span class='ocrx_word' id='word_1_562' title='bbox 1512 5777 1806 5826; x_wconf 87' lang='lat' dir='ltr'>Dominum</span> <span class='ocrx_word' id='word_1_563' title='bbox 1828 5767 2081 5829; x_wconf 67' lang='lat' dir='ltr'>clamavi,</span> 
     </span>
    </p>
   </div>
   <div class='ocr_carea' id='block_1_78' title="bbox 484 5837 2089 5913">
    <p class='ocr_par' dir='ltr' id='par_1_78' title="bbox 484 5837 2089 5913">
     <span class='ocr_line' id='line_1_79' title="bbox 484 5837 2089 5913; baseline 0.011 -28"><span class='ocrx_word' id='word_1_564' title='bbox 484 5841 529 5885; x_wconf 89' lang='lat' dir='ltr'>et</span> <span class='ocrx_word' id='word_1_565' title='bbox 551 5837 817 5889; x_wconf 84' lang='lat' dir='ltr'>Dominus</span> <span class='ocrx_word' id='word_1_566' title='bbox 831 5843 1060 5894; x_wconf 82' lang='lat' dir='ltr'>salvavit</span> <span class='ocrx_word' id='word_1_567' title='bbox 1077 5837 1173 5896; x_wconf 81' lang='lat' dir='ltr'>me.</span> <span class='ocrx_word' id='word_1_568' title='bbox 1195 5847 1250 5898; x_wconf 90' lang='lat' dir='ltr'>Si</span> <span class='ocrx_word' id='word_1_569' title='bbox 1282 5851 1341 5899; x_wconf 83' lang='lat' dir='ltr'>te</span> <span class='ocrx_word' id='word_1_570' title='bbox 1375 5847 1642 5901; x_wconf 80' lang='lat' dir='ltr'>amixerit</span> <span class='ocrx_word' id='word_1_571' title='bbox 1660 5848 1948 5913; x_wconf 79' lang='lat' dir='ltr'>inimicus,</span> <span class='ocrx_word' id='word_1_572' title='bbox 1966 5848 2089 5902; x_wconf 88' lang='lat' dir='ltr'>cla-</span> 
     </span>
    </p>
   </div>
   <div class='ocr_carea' id='block_1_79' title="bbox 1544 319 2724 373">
    <p class='ocr_par' dir='ltr' id='par_1_79' title="bbox 1544 319 2724 373">
     <span class='ocr_line' id='line_1_80' title="bbox 1544 319 2724 373; baseline -0.001 -1"><span class='ocrx_word' id='word_1_573' title='bbox 1544 321 1809 373; x_wconf 83' lang='lat' dir='ltr'>RUFINO</span> <span class='ocrx_word' id='word_1_574' title='bbox 1846 319 2307 373; x_wconf 84' lang='lat' dir='ltr'>PRESBYTERO</span> <span class='ocrx_word' id='word_1_575' title='bbox 2341 320 2724 373; x_wconf 75' lang='lat' dir='ltr'>ASCRIP’I’US</span> 
     </span>
    </p>
   </div>
   <div class='ocr_carea' id='block_1_80' title="bbox 2109 424 3817 507">
    <p class='ocr_par' dir='ltr' id='par_1_80' title="bbox 2109 424 3817 507">
     <span class='ocr_line' id='line_1_81' title="bbox 2109 424 3817 507; baseline -0.006 -23"><span class='ocrx_word' id='word_1_576' title='bbox 2109 442 2160 507; x_wconf 71' lang='grc' dir='ltr'><strong>Α</strong></span> <span class='ocrx_word' id='word_1_577' title='bbox 2178 445 2273 507; x_wconf 84' lang='lat' dir='ltr'>ma</span> <span class='ocrx_word' id='word_1_578' title='bbox 2295 432 2366 482; x_wconf 91' lang='lat' dir='ltr'>ad</span> <span class='ocrx_word' id='word_1_579' title='bbox 2392 434 2577 483; x_wconf 90' lang='lat' dir='ltr'>Deum</span> <span class='ocrx_word' id='word_1_580' title='bbox 2603 445 2616 482; x_wconf 89' lang='lat'><strong>:</strong></span> <span class='ocrx_word' id='word_1_581' title='bbox 2641 436 2698 483; x_wconf 89' lang='lat' dir='ltr'>et</span> <span class='ocrx_word' id='word_1_582' title='bbox 2716 428 2990 507; x_wconf 26' lang='lat' dir='ltr'>Asalvabit</span> <span class='ocrx_word' id='word_1_583' title='bbox 3022 433 3101 507; x_wconf 80' lang='lat' dir='ltr'>_t_e.</span> <span class='ocrx_word' id='word_1_584' title='bbox 3129 427 3407 507; x_wconf 81' lang='lat' dir='ltr'>_in</span> <span class='ocrx_word' id='word_1_585' title='bbox 3454 425 3574 507; x_wconf 81' lang='lat' dir='ltr'>alio</span> <span class='ocrx_word' id='word_1_586' title='bbox 3612 424 3817 490; x_wconf 65' lang='grc' dir='ltr'>ρελὶῑῐι</span> 
     </span>
    </p>
   </div>
   <div class='ocr_carea' id='block_1_81' title="bbox 2111 4594 2167 4666">
    <p class='ocr_par' dir='ltr' id='par_1_81' title="bbox 2111 4594 2167 4666">
     <span class='ocr_line' id='line_1_82' title="bbox 2111 4594 2167 4666; baseline 0 0"><span class='ocrx_word' id='word_1_587' title='bbox 2111 4594 2167 4666; x_wconf 94' lang='lat' dir='ltr'>D</span> 
     </span>
    </p>
   </div>
   <div class='ocr_carea' id='block_1_82' title="bbox 3750 282 3855 365">
    <p class='ocr_par' dir='ltr' id='par_1_82' title="bbox 3750 282 3855 365">
     <span class='ocr_line' id='line_1_83' title="bbox 3750 282 3855 365; baseline 0 -62"><span class='ocrx_word' id='word_1_588' title='bbox 3750 282 3855 365; x_wconf 41' lang='lat' dir='ltr'>Ni)</span> 
     </span>
    </p>
   </div>
   <div class='ocr_carea' id='block_1_83' title="bbox 2190 498 3831 560">
    <p class='ocr_par' dir='ltr' id='par_1_83' title="bbox 2190 498 3831 560">
     <span class='ocr_line' id='line_1_84' title="bbox 2190 498 3831 560; baseline -0.005 -6"><span class='ocrx_word' id='word_1_589' title='bbox 2190 504 2269 554; x_wconf 89' lang='lat' dir='ltr'>ait</span> <span class='ocrx_word' id='word_1_590' title='bbox 2302 521 2311 551; x_wconf 92' lang='lat'>:</span> <span class='ocrx_word' id='word_1_591' title='bbox 2342 507 2556 555; x_wconf 88' lang='lat' dir='ltr'>Invoca</span> <span class='ocrx_word' id='word_1_592' title='bbox 2578 514 2669 554; x_wconf 90' lang='lat' dir='ltr'>me</span> <span class='ocrx_word' id='word_1_593' title='bbox 2714 502 2772 552; x_wconf 90' lang='lat' dir='ltr'>in</span> <span class='ocrx_word' id='word_1_594' title='bbox 2822 500 2914 551; x_wconf 92' lang='lat' dir='ltr'>die</span> <span class='ocrx_word' id='word_1_595' title='bbox 2963 498 3400 560; x_wconf 86' lang='lat' dir='ltr'>tribulationis,</span> <span class='ocrx_word' id='word_1_596' title='bbox 3452 503 3517 548; x_wconf 89' lang='lat' dir='ltr'>et</span> <span class='ocrx_word' id='word_1_597' title='bbox 3555 509 3769 548; x_wconf 77' lang='lat' dir='ltr'>eruam</span> <span class='ocrx_word' id='word_1_598' title='bbox 3796 506 3831 545; x_wconf 62' lang='lat' dir='ltr'>te</span> 
     </span>
    </p>
   </div>
   <div class='ocr_carea' id='block_1_84' title="bbox 2214 573 2511 626">
    <p class='ocr_par' dir='ltr' id='par_1_84' title="bbox 2214 573 2511 626">
     <span class='ocr_line' id='line_1_85' title="bbox 2214 573 2511 626; baseline 0.003 -5"><span class='ocrx_word' id='word_1_599' title='bbox 2214 574 2356 624; x_wconf 84' lang='lat' dir='ltr'>Psal.</span> <span class='ocrx_word' id='word_1_600' title='bbox 2383 573 2511 626; x_wconf 86' lang='lat'>80.).</span> 
     </span>
    </p>
   </div>
   <div class='ocr_carea' id='block_1_85' title="bbox 2194 576 3831 709">
    <p class='ocr_par' dir='ltr' id='par_1_85' title="bbox 2194 576 3831 709">
     <span class='ocr_line' id='line_1_86' title="bbox 2194 576 3831 709; baseline -0.008 -10"><span class='ocrx_word' id='word_1_601' title='bbox 2194 576 2589 709; x_wconf 44' lang='lat' dir='ltr'>(Pigl..l§2s;)dere</span> <span class='ocrx_word' id='word_1_602' title='bbox 2620 648 2665 692; x_wconf 87' lang='lat' dir='ltr'>et</span> <span class='ocrx_word' id='word_1_603' title='bbox 2692 658 2869 704; x_wconf 87' lang='lat' dir='ltr'>mane,</span> <span class='ocrx_word' id='word_1_604' title='bbox 2901 647 2947 692; x_wconf 82' lang='lat' dir='ltr'>et</span> <span class='ocrx_word' id='word_1_605' title='bbox 2981 641 3212 690; x_wconf 83' lang='lat' dir='ltr'>meridie</span> <span class='ocrx_word' id='word_1_606' title='bbox 3240 637 3507 688; x_wconf 82' lang='lat' dir='ltr'>narrabo</span> <span class='ocrx_word' id='word_1_607' title='bbox 3540 644 3593 687; x_wconf 84' lang='lat' dir='ltr'>et</span> <span class='ocrx_word' id='word_1_608' title='bbox 3613 655 3831 687; x_wconf 53' lang='lat' dir='ltr'>annum</span> 
     </span>
    </p>
   </div>
   <div class='ocr_carea' id='block_1_86' title="bbox 2192 710 3814 779">
    <p class='ocr_par' dir='ltr' id='par_1_86' title="bbox 2192 710 3814 779">
     <span class='ocr_line' id='line_1_87' title="bbox 2192 710 3814 779; baseline -0.002 -16"><span class='ocrx_word' id='word_1_609' title='bbox 2192 715 2410 779; x_wconf 89' lang='lat' dir='ltr'>tiabo,el</span> <span class='ocrx_word' id='word_1_610' title='bbox 2432 716 2685 764; x_wconf 69' lang='lat' dir='ltr'>exaudiet</span> <span class='ocrx_word' id='word_1_611' title='bbox 2717 730 2895 765; x_wconf 85' lang='lat' dir='ltr'>vocem</span> <span class='ocrx_word' id='word_1_612' title='bbox 2925 713 3411 775; x_wconf 82' lang='lat' dir='ltr'>meam.Vespere</span> <span class='ocrx_word' id='word_1_613' title='bbox 3448 710 3561 772; x_wconf 69' lang='lat' dir='ltr'>(Ea:</span> <span class='ocrx_word' id='word_1_614' title='bbox 3582 712 3814 772; x_wconf 61' lang='lat' dir='ltr'>August.</span> 
     </span>
    </p>
   </div>
   <div class='ocr_carea' id='block_1_87' title="bbox 2190 782 3829 857">
    <p class='ocr_par' dir='ltr' id='par_1_87' title="bbox 2190 782 3829 857">
     <span class='ocr_line' id='line_1_88' title="bbox 2190 782 3829 857; baseline -0.005 -19"><span class='ocrx_word' id='word_1_615' title='bbox 2190 788 2473 838; x_wconf 90' lang='lat' dir='ltr'>Dominus</span> <span class='ocrx_word' id='word_1_616' title='bbox 2503 787 2564 837; x_wconf 91' lang='lat' dir='ltr'>in</span> <span class='ocrx_word' id='word_1_617' title='bbox 2588 791 2796 838; x_wconf 90' lang='lat' dir='ltr'>morte:</span> <span class='ocrx_word' id='word_1_618' title='bbox 2816 797 2988 837; x_wconf 90' lang='lat' dir='ltr'>mane</span> <span class='ocrx_word' id='word_1_619' title='bbox 3002 786 3064 835; x_wconf 91' lang='lat' dir='ltr'>in</span> <span class='ocrx_word' id='word_1_620' title='bbox 3089 782 3570 857; x_wconf 70' lang='lat' dir='ltr'>resurrectione:</span> <span class='ocrx_word' id='word_1_621' title='bbox 3599 782 3829 857; x_wconf 56' lang='lat' dir='ltr'>met-ide</span> 
     </span>
    </p>
   </div>
   <div class='ocr_carea' id='block_1_88' title="bbox 2191 853 3827 919">
    <p class='ocr_par' dir='ltr' id='par_1_88' title="bbox 2191 853 3827 919">
     <span class='ocr_line' id='line_1_89' title="bbox 2191 853 3827 919; baseline -0.007 -10"><span class='ocrx_word' id='word_1_622' title='bbox 2191 860 2250 909; x_wconf 91' lang='lat' dir='ltr'>in</span> <span class='ocrx_word' id='word_1_623' title='bbox 2273 859 2631 911; x_wconf 88' lang='lat' dir='ltr'>ascensione.</span> <span class='ocrx_word' id='word_1_624' title='bbox 2659 858 2910 910; x_wconf 88' lang='lat' dir='ltr'>Narrabo</span> <span class='ocrx_word' id='word_1_625' title='bbox 2932 868 3176 919; x_wconf 85' lang='lat' dir='ltr'>vespere</span> <span class='ocrx_word' id='word_1_626' title='bbox 3217 853 3585 918; x_wconf 85' lang='lat' dir='ltr'>patientiam</span> <span class='ocrx_word' id='word_1_627' title='bbox 3609 854 3827 903; x_wconf 74' lang='lat' dir='ltr'>mortis.</span> 
     </span>
    </p>
   </div>
   <div class='ocr_carea' id='block_1_89' title="bbox 2194 924 3827 990">
    <p class='ocr_par' dir='ltr' id='par_1_89' title="bbox 2194 924 3827 990">
     <span class='ocr_line' id='line_1_90' title="bbox 2194 924 3827 990; baseline -0.006 -9"><span class='ocrx_word' id='word_1_628' title='bbox 2194 935 2229 981; x_wconf 83' lang='lat' dir='ltr'><strong>A</strong></span> <span class='ocrx_word' id='word_1_629' title='bbox 2242 931 2559 981; x_wconf 91' lang='lat' dir='ltr'>nnuntiabo</span> <span class='ocrx_word' id='word_1_630' title='bbox 2575 943 2743 981; x_wconf 89' lang='lat' dir='ltr'>mane</span> <span class='ocrx_word' id='word_1_631' title='bbox 2755 930 2933 982; x_wconf 87' lang='lat' dir='ltr'>vitam</span> <span class='ocrx_word' id='word_1_632' title='bbox 2952 926 3347 990; x_wconf 87' lang='lat' dir='ltr'>resurgentis.</span> <span class='ocrx_word' id='word_1_633' title='bbox 3366 924 3491 975; x_wconf 89' lang='lat' dir='ltr'>Ora</span> <span class='ocrx_word' id='word_1_634' title='bbox 3500 925 3578 974; x_wconf 90' lang='lat' dir='ltr'>bo</span> <span class='ocrx_word' id='word_1_635' title='bbox 3594 929 3827 973; x_wconf 13' lang='lat' dir='ltr'>utens,</span> 
     </span>
    </p>
   </div>
   <div class='ocr_carea' id='block_1_90' title="bbox 2192 995 3827 1065">
    <p class='ocr_par' dir='ltr' id='par_1_90' title="bbox 2192 995 3827 1065">
     <span class='ocr_line' id='line_1_91' title="bbox 2192 995 3827 1065; baseline -0.005 -14"><span class='ocrx_word' id='word_1_636' title='bbox 2192 1002 2312 1053; x_wconf 90' lang='lat' dir='ltr'>diat</span> <span class='ocrx_word' id='word_1_637' title='bbox 2350 1002 2607 1065; x_wconf 89' lang='lat' dir='ltr'>meridie,</span> <span class='ocrx_word' id='word_1_638' title='bbox 2637 1002 2710 1053; x_wconf 91' lang='lat' dir='ltr'>ad</span> <span class='ocrx_word' id='word_1_639' title='bbox 2745 1001 3012 1051; x_wconf 77' lang='lat' dir='ltr'>dextram</span> <span class='ocrx_word' id='word_1_640' title='bbox 3036 999 3249 1048; x_wconf 88' lang='lat' dir='ltr'>Patris.</span> <span class='ocrx_word' id='word_1_641' title='bbox 3278 995 3590 1047; x_wconf 84' lang='lat' dir='ltr'>Exaudiet</span> <span class='ocrx_word' id='word_1_642' title='bbox 3617 1008 3715 1045; x_wconf 89' lang='lat' dir='ltr'>me</span> <span class='ocrx_word' id='word_1_643' title='bbox 3741 1008 3827 1057; x_wconf 61' lang='lat' dir='ltr'>qu</span> 
     </span>
    </p>
   </div>
   <div class='ocr_carea' id='block_1_91' title="bbox 2191 1066 3830 1138">
    <p class='ocr_par' dir='ltr' id='par_1_91' title="bbox 2191 1066 3830 1138">
     <span class='ocr_line' id='line_1_92' title="bbox 2191 1066 3830 1138; baseline -0.006 -15"><span class='ocrx_word' id='word_1_644' title='bbox 2191 1073 2513 1136; x_wconf 88' lang='lat' dir='ltr'>interpellat</span> <span class='ocrx_word' id='word_1_645' title='bbox 2534 1085 2636 1138; x_wconf 92' lang='lat' dir='ltr'>pro</span> <span class='ocrx_word' id='word_1_646' title='bbox 2653 1073 2842 1123; x_wconf 82' lang='lat' dir='ltr'>nobis.</span> <span class='ocrx_word' id='word_1_647' title='bbox 2870 1074 3075 1133; x_wconf 90' lang='lat' dir='ltr'>Itaque</span> <span class='ocrx_word' id='word_1_648' title='bbox 3100 1068 3312 1119; x_wconf 87' lang='lat' dir='ltr'>fratres</span> <span class='ocrx_word' id='word_1_649' title='bbox 3328 1079 3496 1130; x_wconf 88' lang='lat' dir='ltr'>quos</span> <span class='ocrx_word' id='word_1_650' title='bbox 3512 1066 3714 1138; x_wconf 79' lang='lat' dir='ltr'>inipsa</span> <span class='ocrx_word' id='word_1_651' title='bbox 3726 1082 3830 1113; x_wconf 60' lang='lat'><strong>6-33-</strong></span> 
     </span>
    </p>
   </div>
   <div class='ocr_carea' id='block_1_92' title="bbox 2192 1135 3826 1209">
    <p class='ocr_par' dir='ltr' id='par_1_92' title="bbox 2192 1135 3826 1209">
     <span class='ocr_line' id='line_1_93' title="bbox 2192 1135 3826 1209; baseline -0.006 -14"><span class='ocrx_word' id='word_1_652' title='bbox 2192 1135 2845 1209; x_wconf 49' lang='lat' dir='ltr'>gregatione&#39;parietum</span> <span class='ocrx_word' id='word_1_653' title='bbox 2890 1142 3103 1194; x_wconf 85' lang='lat' dir='ltr'>horum</span> <span class='ocrx_word' id='word_1_654' title='bbox 3151 1139 3373 1191; x_wconf 84' lang='lat' dir='ltr'>videtis</span> <span class='ocrx_word' id='word_1_655' title='bbox 3432 1135 3826 1195; x_wconf 70' lang='lat' dir='ltr'>turbulente-5,</span> 
     </span>
    </p>
   </div>
   <div class='ocr_carea' id='block_1_93' title="bbox 2191 1210 3819 1281">
    <p class='ocr_par' dir='ltr' id='par_1_93' title="bbox 2191 1210 3819 1281">
     <span class='ocr_line' id='line_1_94' title="bbox 2191 1210 3819 1281; baseline -0.008 -13"><span class='ocrx_word' id='word_1_656' title='bbox 2191 1217 2389 1277; x_wconf 87' lang='lat' dir='ltr'>elatos,</span> <span class='ocrx_word' id='word_1_657' title='bbox 2407 1229 2738 1281; x_wconf 89' lang='lat' dir='ltr'>perversos:</span> <span class='ocrx_word' id='word_1_658' title='bbox 2757 1216 2883 1280; x_wconf 90' lang='lat' dir='ltr'>ipsa</span> <span class='ocrx_word' id='word_1_659' title='bbox 2896 1219 2987 1265; x_wconf 89' lang='lat' dir='ltr'>est</span> <span class='ocrx_word' id='word_1_660' title='bbox 2998 1211 3168 1277; x_wconf 86' lang='lat' dir='ltr'>palea</span> <span class='ocrx_word' id='word_1_661' title='bbox 3179 1210 3510 1261; x_wconf 69' lang='lat' dir='ltr'>dominicae</span> <span class='ocrx_word' id='word_1_662' title='bbox 3526 1220 3702 1281; x_wconf 63' lang='lat' dir='ltr'>areae.</span> <span class='ocrx_word' id='word_1_663' title='bbox 3715 1212 3819 1256; x_wconf 74' lang='lat' dir='ltr'>Cc:</span> 
     </span>
    </p>
   </div>
   <div class='ocr_carea' id='block_1_94' title="bbox 2191 1280 3789 1349">
    <p class='ocr_par' dir='ltr' id='par_1_94' title="bbox 2191 1280 3789 1349">
     <span class='ocr_line' id='line_1_95' title="bbox 2191 1280 3789 1349; baseline -0.008 -11"><span class='ocrx_word' id='word_1_664' title='bbox 2191 1288 2283 1339; x_wconf 91' lang='lat' dir='ltr'>ille</span> <span class='ocrx_word' id='word_1_665' title='bbox 2302 1289 2362 1339; x_wconf 91' lang='lat' dir='ltr'>in</span> <span class='ocrx_word' id='word_1_666' title='bbox 2380 1280 2578 1339; x_wconf 91' lang='lat' dir='ltr'>ultimo</span> <span class='ocrx_word' id='word_1_667' title='bbox 2597 1287 2914 1349; x_wconf 88' lang='lat' dir='ltr'>ventilabit,</span> <span class='ocrx_word' id='word_1_668' title='bbox 2936 1289 3058 1336; x_wconf 90' lang='lat' dir='ltr'>tota</span> <span class='ocrx_word' id='word_1_669' title='bbox 3071 1283 3238 1347; x_wconf 90' lang='lat' dir='ltr'>palea</span> <span class='ocrx_word' id='word_1_670' title='bbox 3254 1281 3490 1332; x_wconf 87' lang='lat' dir='ltr'>volabit</span> <span class='ocrx_word' id='word_1_671' title='bbox 3502 1280 3789 1339; x_wconf 70' lang='lat' dir='ltr'>(Matth.3.</span> 
     </span>
    </p>
   </div>
   <div class='ocr_carea' id='block_1_95' title="bbox 2193 1357 3817 1423">
    <p class='ocr_par' dir='ltr' id='par_1_95' title="bbox 2193 1357 3817 1423">
     <span class='ocr_line' id='line_1_96' title="bbox 2193 1357 3817 1423; baseline -0.006 -13"><span class='ocrx_word' id='word_1_672' title='bbox 2193 1360 2422 1410; x_wconf 89' lang='lat' dir='ltr'>Sednos</span> <span class='ocrx_word' id='word_1_673' title='bbox 2440 1359 2597 1423; x_wconf 90' lang='lat' dir='ltr'>quid,</span> <span class='ocrx_word' id='word_1_674' title='bbox 2637 1359 2747 1409; x_wconf 89' lang='lat' dir='ltr'>nisi</span> <span class='ocrx_word' id='word_1_675' title='bbox 2782 1371 2913 1409; x_wconf 92' lang='lat' dir='ltr'>cum</span> <span class='ocrx_word' id='word_1_676' title='bbox 2952 1357 3070 1407; x_wconf 90' lang='lat' dir='ltr'>isto</span> <span class='ocrx_word' id='word_1_677' title='bbox 3115 1358 3458 1423; x_wconf 84' lang='lat' dir='ltr'>cantemus,</span> <span class='ocrx_word' id='word_1_678' title='bbox 3487 1357 3551 1402; x_wconf 89' lang='lat' dir='ltr'>et</span> <span class='ocrx_word' id='word_1_679' title='bbox 3576 1363 3817 1402; x_wconf 75' lang='lat' dir='ltr'>oremus.</span> 
     </span>
    </p>
   </div>
   <div class='ocr_carea' id='block_1_96' title="bbox 2190 1422 3819 1500">
    <p class='ocr_par' dir='ltr' id='par_1_96' title="bbox 2190 1422 3819 1500">
     <span class='ocr_line' id='line_1_97' title="bbox 2190 1422 3819 1500; baseline -0.007 -19"><span class='ocrx_word' id='word_1_680' title='bbox 2190 1436 2249 1480; x_wconf 85' lang='lat' dir='ltr'>et</span> <span class='ocrx_word' id='word_1_681' title='bbox 2273 1431 2611 1494; x_wconf 86' lang='lat' dir='ltr'>plangamus</span> <span class='ocrx_word' id='word_1_682' title='bbox 2641 1430 2700 1480; x_wconf 91' lang='lat' dir='ltr'>in</span> <span class='ocrx_word' id='word_1_683' title='bbox 2725 1427 2947 1492; x_wconf 86' lang='lat' dir='ltr'>psalmo</span> <span class='ocrx_word' id='word_1_684' title='bbox 2970 1429 2997 1476; x_wconf 81' lang='lat' dir='ltr'>‘t</span> <span class='ocrx_word' id='word_1_685' title='bbox 3016 1429 3077 1500; x_wconf 82' lang='lat' dir='ltr'>et</span> <span class='ocrx_word' id='word_1_686' title='bbox 3103 1430 3301 1476; x_wconf 87' lang='lat' dir='ltr'>tamen</span> <span class='ocrx_word' id='word_1_687' title='bbox 3324 1422 3619 1473; x_wconf 87' lang='lat' dir='ltr'>dicamus</span> <span class='ocrx_word' id='word_1_688' title='bbox 3648 1434 3819 1500; x_wconf 55' lang='lat' dir='ltr'>securi</span> 
     </span>
    </p>
   </div>
   <div class='ocr_carea' id='block_1_97' title="bbox 2191 1498 3765 1569">
    <p class='ocr_par' dir='ltr' id='par_1_97' title="bbox 2191 1498 3765 1569">
     <span class='ocr_line' id='line_1_98' title="bbox 2191 1498 3765 1569; baseline -0.008 -18"><span class='ocrx_word' id='word_1_689' title='bbox 2191 1501 2343 1564; x_wconf 92' lang='lat' dir='ltr'>quod</span> <span class='ocrx_word' id='word_1_690' title='bbox 2370 1503 2649 1564; x_wconf 87' lang='lat' dir='ltr'>sequitur,</span> <span class='ocrx_word' id='word_1_691' title='bbox 2682 1502 2827 1551; x_wconf 87' lang='lat' dir='ltr'>Vere</span> <span class='ocrx_word' id='word_1_692' title='bbox 2856 1498 3113 1547; x_wconf 73' lang='lat' dir='ltr'>exaudiet</span> <span class='ocrx_word' id='word_1_693' title='bbox 3129 1510 3308 1543; x_wconf 84' lang='lat' dir='ltr'>vocem</span> <span class='ocrx_word' id='word_1_694' title='bbox 3322 1508 3551 1569; x_wconf 74' lang='lat' dir='ltr'>meam:</span> <span class='ocrx_word' id='word_1_695' title='bbox 3581 1498 3765 1569; x_wconf 34' lang='lat' dir='ltr'>quia,</span> 
     </span>
    </p>
   </div>
   <div class='ocr_carea' id='block_1_98' title="bbox 2252 1566 3816 1642">
    <p class='ocr_par' dir='ltr' id='par_1_98' title="bbox 2252 1566 3816 1642">
     <span class='ocr_line' id='line_1_99' title="bbox 2252 1566 3816 1642; baseline -0.01 -15"><span class='ocrx_word' id='word_1_696' title='bbox 2252 1572 2337 1626; x_wconf 83' lang='grc'>19.</span> <span class='ocrx_word' id='word_1_697' title='bbox 2364 1573 2598 1621; x_wconf 85' lang='lat' dir='ltr'>Redimet</span> <span class='ocrx_word' id='word_1_698' title='bbox 2623 1572 2685 1620; x_wconf 89' lang='lat' dir='ltr'>in</span> <span class='ocrx_word' id='word_1_699' title='bbox 2716 1586 2843 1635; x_wconf 84' lang='lat' dir='ltr'>pace</span> <span class='ocrx_word' id='word_1_700' title='bbox 2864 1570 3123 1642; x_wconf 67' lang='lat' dir='ltr'>animant</span> <span class='ocrx_word' id='word_1_701' title='bbox 3156 1580 3357 1642; x_wconf 53' lang='lat' dir='ltr'>imam.</span> <span class='ocrx_word' id='word_1_702' title='bbox 3388 1566 3530 1642; x_wconf 71' lang='lat' dir='ltr'>Ipse</span> <span class='ocrx_word' id='word_1_703' title='bbox 3555 1568 3653 1642; x_wconf 61' lang='lat' dir='ltr'>est</span> <span class='ocrx_word' id='word_1_704' title='bbox 3676 1566 3816 1642; x_wconf 65' lang='lat' dir='ltr'>enim</span> 
     </span>
    </p>
   </div>
   <div class='ocr_carea' id='block_1_99' title="bbox 2190 1634 3815 1713">
    <p class='ocr_par' dir='ltr' id='par_1_99' title="bbox 2190 1634 3815 1713">
     <span class='ocr_line' id='line_1_100' title="bbox 2190 1634 3815 1713; baseline -0.007 -18"><span class='ocrx_word' id='word_1_705' title='bbox 2190 1656 2301 1707; x_wconf 84' lang='lat' dir='ltr'>pax</span> <span class='ocrx_word' id='word_1_706' title='bbox 2327 1656 2478 1695; x_wconf 89' lang='lat' dir='ltr'>vera.</span> <span class='ocrx_word' id='word_1_707' title='bbox 2507 1646 2570 1694; x_wconf 90' lang='lat' dir='ltr'>In</span> <span class='ocrx_word' id='word_1_708' title='bbox 2593 1634 2731 1707; x_wconf 87' lang='lat' dir='ltr'>pace</span> <span class='ocrx_word' id='word_1_709' title='bbox 2747 1642 2941 1694; x_wconf 88' lang='lat' dir='ltr'>anima</span> <span class='ocrx_word' id='word_1_710' title='bbox 2962 1639 3299 1713; x_wconf 63' lang='lat' dir='ltr'>redimituri</span> <span class='ocrx_word' id='word_1_711' title='bbox 3319 1635 3575 1713; x_wconf 89' lang='lat' dir='ltr'>quando</span> <span class='ocrx_word' id='word_1_712' title='bbox 3601 1634 3673 1685; x_wconf 89' lang='lat' dir='ltr'>de</span> <span class='ocrx_word' id='word_1_713' title='bbox 3694 1634 3815 1713; x_wconf 69' lang='lat' dir='ltr'>vitis</span> 
     </span>
    </p>
   </div>
   <div class='ocr_carea' id='block_1_100' title="bbox 2188 1709 3814 1786">
    <p class='ocr_par' dir='ltr' id='par_1_100' title="bbox 2188 1709 3814 1786">
     <span class='ocr_line' id='line_1_101' title="bbox 2188 1709 3814 1786; baseline -0.007 -20"><span class='ocrx_word' id='word_1_714' title='bbox 2188 1716 2260 1766; x_wconf 90' lang='lat' dir='ltr'>ad</span> <span class='ocrx_word' id='word_1_715' title='bbox 2286 1716 2548 1777; x_wconf 85' lang='lat' dir='ltr'>virtutes,</span> <span class='ocrx_word' id='word_1_716' title='bbox 2564 1715 2687 1766; x_wconf 88' lang='lat' dir='ltr'>sive</span> <span class='ocrx_word' id='word_1_717' title='bbox 2700 1714 2769 1765; x_wconf 94' lang='lat' dir='ltr'>de</span> <span class='ocrx_word' id='word_1_718' title='bbox 2787 1714 2893 1765; x_wconf 89' lang='lat' dir='ltr'>hoc</span> <span class='ocrx_word' id='word_1_719' title='bbox 2914 1710 3139 1786; x_wconf 77' lang='lat' dir='ltr'>mundo</span> <span class='ocrx_word' id='word_1_720' title='bbox 3163 1709 3239 1786; x_wconf 89' lang='lat' dir='ltr'>ad</span> <span class='ocrx_word' id='word_1_721' title='bbox 3266 1710 3505 1786; x_wconf 67' lang='lat' dir='ltr'>Patrem</span> <span class='ocrx_word' id='word_1_722' title='bbox 3534 1709 3814 1786; x_wconf 50' lang='lat' dir='ltr'>pertimui}</span> 
     </span>
    </p>
   </div>
   <div class='ocr_carea' id='block_1_101' title="bbox 2192 1777 3814 1857">
    <p class='ocr_par' dir='ltr' id='par_1_101' title="bbox 2192 1777 3814 1857">
     <span class='ocr_line' id='line_1_102' title="bbox 2192 1777 3814 1857; baseline -0.007 -20"><span class='ocrx_word' id='word_1_723' title='bbox 2192 1787 2442 1850; x_wconf 89' lang='lat' dir='ltr'>potentis</span> <span class='ocrx_word' id='word_1_724' title='bbox 2461 1786 2819 1849; x_wconf 87' lang='lat' dir='ltr'>Deigratiam</span> <span class='ocrx_word' id='word_1_725' title='bbox 2832 1782 3261 1857; x_wconf 40' lang='lat' dir='ltr'>transferturﬁk</span> <span class='ocrx_word' id='word_1_726' title='bbox 3288 1779 3519 1857; x_wconf 77' lang='lat' dir='ltr'>quibus</span> <span class='ocrx_word' id='word_1_727' title='bbox 3541 1777 3814 1857; x_wconf 48' lang='lat' dir='ltr'>redimetr</span> 
     </span>
    </p>
   </div>
   <div class='ocr_carea' id='block_1_102' title="bbox 2194 1850 3809 1923">
    <p class='ocr_par' dir='ltr' id='par_1_102' title="bbox 2194 1850 3809 1923">
     <span class='ocr_line' id='line_1_103' title="bbox 2194 1850 3809 1923; baseline -0.008 -17"><span class='ocrx_word' id='word_1_728' title='bbox 2194 1857 2273 1907; x_wconf 81' lang='lat' dir='ltr'><strong><em>Ab</em></strong></span> <span class='ocrx_word' id='word_1_729' title='bbox 2301 1859 2390 1907; x_wconf 88' lang='lat' dir='ltr'>his</span> <span class='ocrx_word' id='word_1_730' title='bbox 2412 1859 2508 1923; x_wconf 85' lang='lat' dir='ltr'>qui</span> <span class='ocrx_word' id='word_1_731' title='bbox 2525 1858 2977 1922; x_wconf 84' lang='lat' dir='ltr'>appropinquant</span> <span class='ocrx_word' id='word_1_732' title='bbox 2993 1852 3158 1902; x_wconf 84' lang='lat' dir='ltr'>mihi.</span> <span class='ocrx_word' id='word_1_733' title='bbox 3185 1852 3331 1902; x_wconf 85' lang='lat' dir='ltr'>Nam</span> <span class='ocrx_word' id='word_1_734' title='bbox 3352 1852 3433 1900; x_wconf 85' lang='lat' dir='ltr'>ab</span> <span class='ocrx_word' id='word_1_735' title='bbox 3451 1850 3553 1923; x_wconf 50' lang='lat' dir='ltr'>llis</span> <span class='ocrx_word' id='word_1_736' title='bbox 3572 1850 3671 1923; x_wconf 85' lang='lat' dir='ltr'>qui</span> <span class='ocrx_word' id='word_1_737' title='bbox 3688 1852 3809 1907; x_wconf 62' lang='grc' dir='ltr'>ἰυεξτ</span> 
     </span>
    </p>
   </div>
   <div class='ocr_carea' id='block_1_103' title="bbox 2199 1920 3795 1999">
    <p class='ocr_par' dir='ltr' id='par_1_103' title="bbox 2199 1920 3795 1999">
     <span class='ocr_line' id='line_1_104' title="bbox 2199 1920 3795 1999; baseline -0.01 -19"><span class='ocrx_word' id='word_1_738' title='bbox 2199 1934 2336 1980; x_wconf 89' lang='lat' dir='ltr'>sunt</span> <span class='ocrx_word' id='word_1_739' title='bbox 2358 1942 2391 1979; x_wconf 90' lang='lat' dir='ltr'>a</span> <span class='ocrx_word' id='word_1_740' title='bbox 2414 1920 2522 1991; x_wconf 80' lang='lat' dir='ltr'>me,</span> <span class='ocrx_word' id='word_1_741' title='bbox 2558 1920 2736 1979; x_wconf 84' lang='lat' dir='ltr'>facilis</span> <span class='ocrx_word' id='word_1_742' title='bbox 2761 1920 2971 1999; x_wconf 87' lang='lat' dir='ltr'>caussa</span> <span class='ocrx_word' id='word_1_743' title='bbox 2988 1923 3399 1999; x_wconf 84' lang='lat' dir='ltr'>_e_st._N_o_n_me</span> <span class='ocrx_word' id='word_1_744' title='bbox 3427 1920 3546 1999; x_wconf 56' lang='lat' dir='ltr'>(Ea:</span> <span class='ocrx_word' id='word_1_745' title='bbox 3578 1922 3795 1999; x_wconf 52' lang='lat' dir='ltr'>August.</span> 
     </span>
    </p>
   </div>
   <div class='ocr_carea' id='block_1_104' title="bbox 2198 1991 3812 2070">
    <p class='ocr_par' dir='ltr' id='par_1_104' title="bbox 2198 1991 3812 2070">
     <span class='ocr_line' id='line_1_105' title="bbox 2198 1991 3812 2070; baseline -0.009 -19"><span class='ocrx_word' id='word_1_746' title='bbox 2198 2005 2317 2051; x_wconf 86' lang='lat' dir='ltr'>tam</span> <span class='ocrx_word' id='word_1_747' title='bbox 2343 2000 2454 2051; x_wconf 90' lang='lat' dir='ltr'>cito</span> <span class='ocrx_word' id='word_1_748' title='bbox 2478 2000 2631 2059; x_wconf 88' lang='lat' dir='ltr'>fallit,</span> <span class='ocrx_word' id='word_1_749' title='bbox 2651 2000 2749 2062; x_wconf 91' lang='lat' dir='ltr'>qui</span> <span class='ocrx_word' id='word_1_750' title='bbox 2779 1998 2924 2070; x_wconf 84' lang='lat' dir='ltr'>dicit</span> <span class='ocrx_word' id='word_1_751' title='bbox 2948 2013 2960 2046; x_wconf 89' lang='lat'><strong>:</strong></span> <span class='ocrx_word' id='word_1_752' title='bbox 2987 1994 3158 2056; x_wconf 89' lang='lat' dir='ltr'>Veni,</span> <span class='ocrx_word' id='word_1_753' title='bbox 3184 1992 3408 2070; x_wconf 83' lang='lat' dir='ltr'>idolum</span> <span class='ocrx_word' id='word_1_754' title='bbox 3430 1991 3663 2070; x_wconf 46' lang='lat' dir='ltr'>fdera,</span> <span class='ocrx_word' id='word_1_755' title='bbox 3684 1991 3812 2067; x_wconf 52' lang='lat' dir='ltr'>Mn}.</span> 
     </span>
    </p>
   </div>
   <div class='ocr_carea' id='block_1_105' title="bbox 2200 2063 3810 2135">
    <p class='ocr_par' dir='ltr' id='par_1_105' title="bbox 2200 2063 3810 2135">
     <span class='ocr_line' id='line_1_106' title="bbox 2200 2063 3810 2135; baseline -0.009 -13"><span class='ocrx_word' id='word_1_756' title='bbox 2200 2075 2322 2122; x_wconf 90' lang='lat' dir='ltr'>tum</span> <span class='ocrx_word' id='word_1_757' title='bbox 2338 2072 2505 2135; x_wconf 90' lang='lat' dir='ltr'>longe</span> <span class='ocrx_word' id='word_1_758' title='bbox 2521 2076 2612 2123; x_wconf 90' lang='lat' dir='ltr'>est</span> <span class='ocrx_word' id='word_1_759' title='bbox 2632 2083 2666 2122; x_wconf 89' lang='lat' dir='ltr'>a</span> <span class='ocrx_word' id='word_1_760' title='bbox 2689 2083 2798 2131; x_wconf 91' lang='lat' dir='ltr'>me,</span> <span class='ocrx_word' id='word_1_761' title='bbox 2833 2068 2968 2132; x_wconf 73' lang='lat' dir='ltr'>quia</span> <span class='ocrx_word' id='word_1_762' title='bbox 2990 2077 3261 2131; x_wconf 87' lang='lat' dir='ltr'>paganus</span> <span class='ocrx_word' id='word_1_763' title='bbox 3284 2068 3397 2135; x_wconf 84' lang='lat' dir='ltr'>est.</span> <span class='ocrx_word' id='word_1_764' title='bbox 3428 2063 3810 2135; x_wconf 72' lang='lat' dir='ltr'>Periculosius</span> 
     </span>
    </p>
   </div>
   <div class='ocr_carea' id='block_1_106' title="bbox 2198 2132 3811 2202">
    <p class='ocr_par' dir='ltr' id='par_1_106' title="bbox 2198 2132 3811 2202">
     <span class='ocr_line' id='line_1_107' title="bbox 2198 2132 3811 2202; baseline -0.011 -7"><span class='ocrx_word' id='word_1_765' title='bbox 2198 2148 2286 2195; x_wconf 82' lang='lat' dir='ltr'>est</span> <span class='ocrx_word' id='word_1_766' title='bbox 2306 2132 2541 2194; x_wconf 49' lang='lat' dir='ltr'>milii—de</span> <span class='ocrx_word' id='word_1_767' title='bbox 2564 2142 2905 2202; x_wconf 88' lang='lat' dir='ltr'>Christiano,</span> <span class='ocrx_word' id='word_1_768' title='bbox 2920 2139 3017 2202; x_wconf 91' lang='lat' dir='ltr'>qui</span> <span class='ocrx_word' id='word_1_769' title='bbox 3035 2148 3267 2188; x_wconf 90' lang='lat' dir='ltr'>mecum</span> <span class='ocrx_word' id='word_1_770' title='bbox 3281 2133 3517 2185; x_wconf 85' lang='lat' dir='ltr'>habitat</span> <span class='ocrx_word' id='word_1_771' title='bbox 3533 2134 3602 2202; x_wconf 86' lang='lat' dir='ltr'>in</span> <span class='ocrx_word' id='word_1_772' title='bbox 3623 2132 3811 2181; x_wconf 74' lang='lat' dir='ltr'>domo:</span> 
     </span>
    </p>
   </div>
   <div class='ocr_carea' id='block_1_107' title="bbox 2198 2201 3813 2284">
    <p class='ocr_par' dir='ltr' id='par_1_107' title="bbox 2198 2201 3813 2284">
     <span class='ocr_line' id='line_1_108' title="bbox 2198 2201 3813 2284; baseline -0.012 -19"><span class='ocrx_word' id='word_1_773' title='bbox 2198 2219 2256 2264; x_wconf 94' lang='lat' dir='ltr'>et</span> <span class='ocrx_word' id='word_1_774' title='bbox 2280 2215 2389 2264; x_wconf 90' lang='lat' dir='ltr'>sub</span> <span class='ocrx_word' id='word_1_775' title='bbox 2409 2213 2657 2276; x_wconf 88' lang='lat' dir='ltr'>imagine</span> <span class='ocrx_word' id='word_1_776' title='bbox 2676 2201 2974 2284; x_wconf 81' lang='lat' dir='ltr'>religionis</span> <span class='ocrx_word' id='word_1_777' title='bbox 3000 2208 3277 2284; x_wconf 76' lang='lat' dir='ltr'>laqueum</span> <span class='ocrx_word' id='word_1_778' title='bbox 3303 2204 3453 2284; x_wconf 82' lang='lat' dir='ltr'>mihi</span> <span class='ocrx_word' id='word_1_779' title='bbox 3496 2201 3813 2284; x_wconf 39' lang='lat'>27293-13:</span> 
     </span>
    </p>
   </div>
   <div class='ocr_carea' id='block_1_108' title="bbox 2199 2276 3813 2349">
    <p class='ocr_par' dir='ltr' id='par_1_108' title="bbox 2199 2276 3813 2349">
     <span class='ocr_line' id='line_1_109' title="bbox 2199 2276 3813 2349; baseline -0.011 -13"><span class='ocrx_word' id='word_1_780' title='bbox 2199 2285 2567 2349; x_wconf 90' lang='lat' dir='ltr'>deceptionis.</span> <span class='ocrx_word' id='word_1_781' title='bbox 2616 2286 2768 2334; x_wconf 89' lang='lat' dir='ltr'>Bene</span> <span class='ocrx_word' id='word_1_782' title='bbox 2809 2282 2959 2345; x_wconf 91' lang='lat' dir='ltr'>dico,</span> <span class='ocrx_word' id='word_1_783' title='bbox 3010 2280 3117 2338; x_wconf 84' lang='lat' dir='ltr'>Qui</span> <span class='ocrx_word' id='word_1_784' title='bbox 3138 2276 3616 2349; x_wconf 73' lang='lat' dir='ltr'>appropinquant</span> <span class='ocrx_word' id='word_1_785' title='bbox 3648 2276 3813 2349; x_wconf 62' lang='lat' dir='ltr'>mihi:</span> 
     </span>
    </p>
   </div>
   <div class='ocr_carea' id='block_1_109' title="bbox 2201 2344 3814 2426">
    <p class='ocr_par' dir='ltr' id='par_1_109' title="bbox 2201 2344 3814 2426">
     <span class='ocr_line' id='line_1_110' title="bbox 2201 2344 3814 2426; baseline -0.009 -19"><span class='ocrx_word' id='word_1_786' title='bbox 2201 2344 2469 2417; x_wconf 65' lang='lat' dir='ltr'>Quoniam</span> <span class='ocrx_word' id='word_1_787' title='bbox 2496 2358 2635 2404; x_wconf 80' lang='lat' dir='ltr'>inter</span> <span class='ocrx_word' id='word_1_788' title='bbox 2664 2354 2860 2426; x_wconf 87' lang='lat' dir='ltr'>mullos</span> <span class='ocrx_word' id='word_1_789' title='bbox 2884 2356 3039 2401; x_wconf 83' lang='lat' dir='ltr'>erant</span> <span class='ocrx_word' id='word_1_790' title='bbox 3064 2363 3292 2426; x_wconf 58' lang='lat' dir='ltr'>mecuin.</span> <span class='ocrx_word' id='word_1_791' title='bbox 3329 2347 3517 2426; x_wconf 75' lang='lat' dir='ltr'>Multa</span> <span class='ocrx_word' id='word_1_792' title='bbox 3539 2352 3637 2397; x_wconf 84' lang='lat' dir='ltr'>est</span> <span class='ocrx_word' id='word_1_793' title='bbox 3667 2344 3814 2426; x_wconf 73' lang='lat' dir='ltr'>palea</span> 
     </span>
    </p>
   </div>
   <div class='ocr_carea' id='block_1_110' title="bbox 2198 2416 3811 2499">
    <p class='ocr_par' dir='ltr' id='par_1_110' title="bbox 2198 2416 3811 2499">
     <span class='ocr_line' id='line_1_111' title="bbox 2198 2416 3811 2499; baseline -0.013 -17"><span class='ocrx_word' id='word_1_794' title='bbox 2198 2416 2255 2482; x_wconf 87' lang='lat' dir='ltr'>et</span> <span class='ocrx_word' id='word_1_795' title='bbox 2279 2441 2463 2499; x_wconf 86' lang='lat' dir='ltr'>pauca</span> <span class='ocrx_word' id='word_1_796' title='bbox 2484 2440 2677 2499; x_wconf 89' lang='lat' dir='ltr'>grana.</span> <span class='ocrx_word' id='word_1_797' title='bbox 2695 2425 2857 2477; x_wconf 81' lang='lat' dir='ltr'>Multi</span> <span class='ocrx_word' id='word_1_798' title='bbox 2892 2427 3034 2474; x_wconf 90' lang='lat' dir='ltr'>sunt</span> <span class='ocrx_word' id='word_1_799' title='bbox 3057 2418 3470 2499; x_wconf 45' lang='lat' dir='ltr'>vocati,‘pauci</span> <span class='ocrx_word' id='word_1_800' title='bbox 3496 2431 3647 2499; x_wconf 65' lang='lat' dir='ltr'>vero</span> <span class='ocrx_word' id='word_1_801' title='bbox 3664 2416 3811 2499; x_wconf 47' lang='lat' dir='ltr'>elect;</span> 
     </span>
    </p>
   </div>
   <div class='ocr_carea' id='block_1_111' title="bbox 2198 2486 3813 2569">
    <p class='ocr_par' dir='ltr' id='par_1_111' title="bbox 2198 2486 3813 2569">
     <span class='ocr_line' id='line_1_112' title="bbox 2198 2486 3813 2569; baseline -0.009 -19"><span class='ocrx_word' id='word_1_802' title='bbox 2198 2486 2407 2563; x_wconf 74' lang='lat' dir='ltr'>(Matth.</span> <span class='ocrx_word' id='word_1_803' title='bbox 2423 2486 2551 2561; x_wconf 47' lang='lat'>20&quot;.).</span> <span class='ocrx_word' id='word_1_804' title='bbox 2578 2498 2675 2548; x_wconf 90' lang='lat' dir='ltr'>Isti</span> <span class='ocrx_word' id='word_1_805' title='bbox 2693 2502 3034 2569; x_wconf 74' lang='lat' dir='ltr'>autemnon</span> <span class='ocrx_word' id='word_1_806' title='bbox 3055 2495 3235 2569; x_wconf 78' lang='lat' dir='ltr'>erant</span> <span class='ocrx_word' id='word_1_807' title='bbox 3244 2489 3329 2569; x_wconf 42' lang='lat' dir='ltr'>‘de</span> <span class='ocrx_word' id='word_1_808' title='bbox 3364 2490 3577 2569; x_wconf 80' lang='lat' dir='ltr'>paucis</span> <span class='ocrx_word' id='word_1_809' title='bbox 3596 2486 3813 2569; x_wconf 50' lang='lat' dir='ltr'>salvan:</span> 
     </span>
    </p>
   </div>
   <div class='ocr_carea' id='block_1_112' title="bbox 2200 2558 3812 2631">
    <p class='ocr_par' dir='ltr' id='par_1_112' title="bbox 2200 2558 3812 2631">
     <span class='ocr_line' id='line_1_113' title="bbox 2200 2558 3812 2631; baseline -0.013 -8"><span class='ocrx_word' id='word_1_810' title='bbox 2200 2558 2308 2631; x_wconf 81' lang='lat' dir='ltr'>dis,</span> <span class='ocrx_word' id='word_1_811' title='bbox 2337 2571 2437 2622; x_wconf 89' lang='lat' dir='ltr'>sed</span> <span class='ocrx_word' id='word_1_812' title='bbox 2463 2558 2613 2621; x_wconf 86' lang='lat' dir='ltr'>inter</span> <span class='ocrx_word' id='word_1_813' title='bbox 2635 2564 3204 2630; x_wconf 88' lang='lat' dir='ltr'>multos,idestinter</span> <span class='ocrx_word' id='word_1_814' title='bbox 3222 2561 3372 2622; x_wconf 90' lang='lat' dir='ltr'>illos,</span> <span class='ocrx_word' id='word_1_815' title='bbox 3403 2560 3511 2622; x_wconf 91' lang='lat' dir='ltr'>qui</span> <span class='ocrx_word' id='word_1_816' title='bbox 3532 2558 3812 2623; x_wconf 80' lang='lat' dir='ltr'>pertinent</span> 
     </span>
    </p>
   </div>
   <div class='ocr_carea' id='block_1_113' title="bbox 2198 2633 3811 2707">
    <p class='ocr_par' dir='ltr' id='par_1_113' title="bbox 2198 2633 3811 2707">
     <span class='ocr_line' id='line_1_114' title="bbox 2198 2633 3811 2707; baseline -0.011 -12"><span class='ocrx_word' id='word_1_817' title='bbox 2198 2645 2271 2695; x_wconf 88' lang='lat' dir='ltr'>ad</span> <span class='ocrx_word' id='word_1_818' title='bbox 2299 2644 2515 2707; x_wconf 91' lang='lat' dir='ltr'>paleam</span> <span class='ocrx_word' id='word_1_819' title='bbox 2542 2648 2599 2694; x_wconf 92' lang='lat' dir='ltr'>et</span> <span class='ocrx_word' id='word_1_820' title='bbox 2624 2642 2693 2693; x_wconf 90' lang='lat' dir='ltr'>ad</span> <span class='ocrx_word' id='word_1_821' title='bbox 2719 2639 3120 2704; x_wconf 88' lang='lat' dir='ltr'>perditionem,</span> <span class='ocrx_word' id='word_1_822' title='bbox 3146 2636 3314 2707; x_wconf 82' lang='lat' dir='ltr'>erant</span> <span class='ocrx_word' id='word_1_823' title='bbox 3340 2643 3607 2707; x_wconf 88' lang='lat' dir='ltr'>mecum.</span> <span class='ocrx_word' id='word_1_824' title='bbox 3638 2633 3701 2681; x_wconf 82' lang='lat' dir='ltr'>in</span> <span class='ocrx_word' id='word_1_825' title='bbox 3728 2636 3811 2677; x_wconf 82' lang='lat' dir='ltr'>tr.-</span> 
     </span>
    </p>
   </div>
   <div class='ocr_carea' id='block_1_114' title="bbox 2200 2702 3809 2782">
    <p class='ocr_par' dir='ltr' id='par_1_114' title="bbox 2200 2702 3809 2782">
     <span class='ocr_line' id='line_1_115' title="bbox 2200 2702 3809 2782; baseline -0.01 -15"><span class='ocrx_word' id='word_1_826' title='bbox 2200 2702 2312 2767; x_wconf 84' lang='lat' dir='ltr'>tico</span> <span class='ocrx_word' id='word_1_827' title='bbox 2337 2728 2457 2766; x_wconf 90' lang='lat' dir='ltr'>non</span> <span class='ocrx_word' id='word_1_828' title='bbox 2483 2718 2643 2765; x_wconf 87' lang='lat' dir='ltr'>erant</span> <span class='ocrx_word' id='word_1_829' title='bbox 2664 2702 2912 2771; x_wconf 84' lang='lat' dir='ltr'>mecum,</span> <span class='ocrx_word' id='word_1_830' title='bbox 2932 2708 3034 2782; x_wconf 88' lang='lat' dir='ltr'>sed</span> <span class='ocrx_word' id='word_1_831' title='bbox 3062 2707 3131 2782; x_wconf 79' lang='lat' dir='ltr'>in</span> <span class='ocrx_word' id='word_1_832' title='bbox 3154 2702 3320 2782; x_wconf 75' lang='lat' dir='ltr'>palea</span> <span class='ocrx_word' id='word_1_833' title='bbox 3349 2706 3521 2753; x_wconf 85' lang='lat' dir='ltr'>erant</span> <span class='ocrx_word' id='word_1_834' title='bbox 3544 2714 3776 2782; x_wconf 74' lang='lat' dir='ltr'>mecum</span> <span class='ocrx_word' id='word_1_835' title='bbox 3799 2724 3809 2782; x_wconf 42' lang='grc' dir='ltr'><em>ξ</em></span> 
     </span>
    </p>
   </div>
   <div class='ocr_carea' id='block_1_115' title="bbox 2201 2778 3809 2851">
    <p class='ocr_par' dir='ltr' id='par_1_115' title="bbox 2201 2778 3809 2851">
     <span class='ocr_line' id='line_1_116' title="bbox 2201 2778 3809 2851; baseline -0.011 -12"><span class='ocrx_word' id='word_1_836' title='bbox 2201 2788 2337 2851; x_wconf 90' lang='lat' dir='ltr'>quia</span> <span class='ocrx_word' id='word_1_837' title='bbox 2348 2786 2772 2851; x_wconf 81' lang='lat' dir='ltr'>appropinquat</span> <span class='ocrx_word' id='word_1_838' title='bbox 2788 2784 2946 2848; x_wconf 89' lang='lat' dir='ltr'>palea</span> <span class='ocrx_word' id='word_1_839' title='bbox 2961 2779 3166 2832; x_wconf 88' lang='lat' dir='ltr'>tritico.</span> <span class='ocrx_word' id='word_1_840' title='bbox 3182 2778 3247 2826; x_wconf 90' lang='lat' dir='ltr'>In</span> <span class='ocrx_word' id='word_1_841' title='bbox 3260 2778 3655 2825; x_wconf 80' lang='lat' dir='ltr'>sacramentis</span> <span class='ocrx_word' id='word_1_842' title='bbox 3664 2780 3809 2825; x_wconf 83' lang='lat' dir='ltr'>erant</span> 
     </span>
    </p>
   </div>
   <div class='ocr_carea' id='block_1_116' title="bbox 2201 2855 3369 2909">
    <p class='ocr_par' dir='ltr' id='par_1_116' title="bbox 2201 2855 3369 2909">
     <span class='ocr_line' id='line_1_117' title="bbox 2201 2855 3369 2909; baseline -0.013 0"><span class='ocrx_word' id='word_1_843' title='bbox 2201 2870 2428 2909; x_wconf 90' lang='lat' dir='ltr'>mecum</span> <span class='ocrx_word' id='word_1_844' title='bbox 2456 2857 2512 2907; x_wconf 92' lang='lat' dir='ltr'>in</span> <span class='ocrx_word' id='word_1_845' title='bbox 2540 2856 2775 2907; x_wconf 82' lang='lat' dir='ltr'>caritate</span> <span class='ocrx_word' id='word_1_846' title='bbox 2794 2867 2907 2905; x_wconf 90' lang='lat' dir='ltr'>non</span> <span class='ocrx_word' id='word_1_847' title='bbox 2925 2855 3089 2904; x_wconf 78' lang='lat' dir='ltr'>erant</span> <span class='ocrx_word' id='word_1_848' title='bbox 3117 2857 3369 2898; x_wconf 90' lang='lat' dir='ltr'>mecum.</span> 
     </span>
    </p>
   </div>
   <div class='ocr_carea' id='block_1_117' title="bbox 2262 2916 3803 2994">
    <p class='ocr_par' dir='ltr' id='par_1_117' title="bbox 2262 2916 3803 2994">
     <span class='ocr_line' id='line_1_118' title="bbox 2262 2916 3803 2994; baseline -0.012 -14"><span class='ocrx_word' id='word_1_849' title='bbox 2262 2929 2351 2985; x_wconf 72' lang='lat'>20.</span> <span class='ocrx_word' id='word_1_850' title='bbox 2385 2928 2658 2977; x_wconf 71' lang='lat' dir='ltr'>Exaudiet</span> <span class='ocrx_word' id='word_1_851' title='bbox 2684 2927 2840 2988; x_wconf 82' lang='lat' dir='ltr'>Deus,</span> <span class='ocrx_word' id='word_1_852' title='bbox 2866 2931 2914 2974; x_wconf 86' lang='lat' dir='ltr'>et</span> <span class='ocrx_word' id='word_1_853' title='bbox 2947 2918 3273 2994; x_wconf 26' lang='lat' dir='ltr'>humiliabit‘</span> <span class='ocrx_word' id='word_1_854' title='bbox 3290 2916 3412 2965; x_wconf 86' lang='lat' dir='ltr'>illos</span> <span class='ocrx_word' id='word_1_855' title='bbox 3445 2916 3803 2994; x_wconf 40' lang='grc' dir='ltr'>(μίξει-σπι(</span> 
     </span>
    </p>
   </div>
   <div class='ocr_carea' id='block_1_118' title="bbox 2198 2985 3803 3066">
    <p class='ocr_par' dir='ltr' id='par_1_118' title="bbox 2198 2985 3803 3066">
     <span class='ocr_line' id='line_1_119' title="bbox 2198 2985 3803 3066; baseline -0.01 -17"><span class='ocrx_word' id='word_1_856' title='bbox 2198 3001 2407 3049; x_wconf 71' lang='lat' dir='ltr'>saecula.</span> <span class='ocrx_word' id='word_1_857' title='bbox 2447 3000 2590 3060; x_wconf 87' lang='lat' dir='ltr'>Quia</span> <span class='ocrx_word' id='word_1_858' title='bbox 2626 2998 2730 3061; x_wconf 76' lang='lat' dir='ltr'>(Ea:</span> <span class='ocrx_word' id='word_1_859' title='bbox 2752 2985 2999 3066; x_wconf 77' lang='lat' dir='ltr'>August.)</span> <span class='ocrx_word' id='word_1_860' title='bbox 3025 2991 3136 3066; x_wconf 72' lang='lat' dir='ltr'>etsi</span> <span class='ocrx_word' id='word_1_861' title='bbox 3161 3002 3232 3066; x_wconf 70' lang='lat' dir='ltr'>ex</span> <span class='ocrx_word' id='word_1_862' title='bbox 3262 2989 3527 3066; x_wconf 81' lang='lat' dir='ltr'>tempore</span> <span class='ocrx_word' id='word_1_863' title='bbox 3550 2985 3803 3065; x_wconf 71' lang='lat' dir='ltr'>Christus</span> 
     </span>
    </p>
   </div>
   <div class='ocr_carea' id='block_1_119' title="bbox 2193 3063 3797 3127">
    <p class='ocr_par' dir='ltr' id='par_1_119' title="bbox 2193 3063 3797 3127">
     <span class='ocr_line' id='line_1_120' title="bbox 2193 3063 3797 3127; baseline -0.009 -5"><span class='ocrx_word' id='word_1_864' title='bbox 2193 3074 2349 3123; x_wconf 91' lang='lat' dir='ltr'>Deus</span> <span class='ocrx_word' id='word_1_865' title='bbox 2371 3074 2567 3123; x_wconf 88' lang='lat' dir='ltr'>noster</span> <span class='ocrx_word' id='word_1_866' title='bbox 2599 3082 2672 3121; x_wconf 81' lang='lat' dir='ltr'>ex</span> <span class='ocrx_word' id='word_1_867' title='bbox 2703 3068 2880 3119; x_wconf 86' lang='lat' dir='ltr'>Maria</span> <span class='ocrx_word' id='word_1_868' title='bbox 2915 3063 3172 3127; x_wconf 86' lang='lat' dir='ltr'>Virgine,</span> <span class='ocrx_word' id='word_1_869' title='bbox 3211 3065 3411 3110; x_wconf 89' lang='lat' dir='ltr'>tamen</span> <span class='ocrx_word' id='word_1_870' title='bbox 3436 3063 3502 3107; x_wconf 85' lang='lat' dir='ltr'>in</span> <span class='ocrx_word' id='word_1_871' title='bbox 3528 3063 3797 3121; x_wconf 81' lang='lat' dir='ltr'>principio</span> 
     </span>
    </p>
   </div>
   <div class='ocr_carea' id='block_1_120' title="bbox 2194 3129 3799 3209">
    <p class='ocr_par' dir='ltr' id='par_1_120' title="bbox 2194 3129 3799 3209">
     <span class='ocr_line' id='line_1_121' title="bbox 2194 3129 3799 3209; baseline -0.012 -14"><span class='ocrx_word' id='word_1_872' title='bbox 2194 3148 2313 3194; x_wconf 85' lang='lat' dir='ltr'>erat</span> <span class='ocrx_word' id='word_1_873' title='bbox 2330 3144 2604 3206; x_wconf 89' lang='lat' dir='ltr'>Verbum,</span> <span class='ocrx_word' id='word_1_874' title='bbox 2629 3145 2687 3193; x_wconf 91' lang='lat' dir='ltr'>et</span> <span class='ocrx_word' id='word_1_875' title='bbox 2710 3139 2962 3191; x_wconf 91' lang='lat' dir='ltr'>Verbum</span> <span class='ocrx_word' id='word_1_876' title='bbox 2996 3139 3123 3209; x_wconf 77' lang='lat' dir='ltr'>erat</span> <span class='ocrx_word' id='word_1_877' title='bbox 3135 3129 3309 3209; x_wconf 83' lang='lat' dir='ltr'>_ap_ud</span> <span class='ocrx_word' id='word_1_878' title='bbox 3338 3132 3548 3209; x_wconf 66' lang='lat' dir='ltr'>Deum,</span> <span class='ocrx_word' id='word_1_879' title='bbox 3573 3132 3637 3179; x_wconf 87' lang='lat' dir='ltr'>et</span> <span class='ocrx_word' id='word_1_880' title='bbox 3662 3129 3799 3209; x_wconf 82' lang='lat' dir='ltr'>Deus</span> 
     </span>
    </p>
   </div>
   <div class='ocr_carea' id='block_1_121' title="bbox 2192 3200 3801 3280">
    <p class='ocr_par' dir='ltr' id='par_1_121' title="bbox 2192 3200 3801 3280">
     <span class='ocr_line' id='line_1_122' title="bbox 2192 3200 3801 3280; baseline -0.011 -14"><span class='ocrx_word' id='word_1_881' title='bbox 2192 3218 2315 3266; x_wconf 90' lang='lat' dir='ltr'>erat</span> <span class='ocrx_word' id='word_1_882' title='bbox 2344 3200 2601 3265; x_wconf 84' lang='lat' dir='ltr'>Verbum</span> <span class='ocrx_word' id='word_1_883' title='bbox 2618 3212 2793 3276; x_wconf 86' lang='lat' dir='ltr'>(Joan.</span> <span class='ocrx_word' id='word_1_884' title='bbox 2821 3210 2910 3272; x_wconf 82' lang='grc'>1.).</span> <span class='ocrx_word' id='word_1_885' title='bbox 2928 3204 3210 3280; x_wconf 73' lang='lat' dir='ltr'>Exaudiet</span> <span class='ocrx_word' id='word_1_886' title='bbox 3225 3200 3485 3280; x_wconf 76' lang='lat' dir='ltr'>humiles</span> <span class='ocrx_word' id='word_1_887' title='bbox 3506 3200 3567 3249; x_wconf 90' lang='lat' dir='ltr'>in</span> <span class='ocrx_word' id='word_1_888' title='bbox 3596 3200 3801 3280; x_wconf 54' lang='lat' dir='ltr'>aeterni</span> 
     </span>
    </p>
   </div>
   <div class='ocr_carea' id='block_1_122' title="bbox 2194 3272 3797 3351">
    <p class='ocr_par' dir='ltr' id='par_1_122' title="bbox 2194 3272 3797 3351">
     <span class='ocr_line' id='line_1_123' title="bbox 2194 3272 3797 3351; baseline -0.011 -15"><span class='ocrx_word' id='word_1_889' title='bbox 2194 3287 2335 3336; x_wconf 86' lang='lat' dir='ltr'>tate:</span> <span class='ocrx_word' id='word_1_890' title='bbox 2360 3272 2685 3336; x_wconf 87' lang='lat' dir='ltr'>humiliabit</span> <span class='ocrx_word' id='word_1_891' title='bbox 2708 3282 2836 3334; x_wconf 90' lang='lat' dir='ltr'>illos</span> <span class='ocrx_word' id='word_1_892' title='bbox 2859 3281 2918 3331; x_wconf 90' lang='lat' dir='ltr'>in</span> <span class='ocrx_word' id='word_1_893' title='bbox 2941 3274 3333 3351; x_wconf 77' lang='lat' dir='ltr'>damnatione,</span> <span class='ocrx_word' id='word_1_894' title='bbox 3360 3272 3664 3351; x_wconf 44' lang='lat' dir='ltr'>qui-erecti</span> <span class='ocrx_word' id='word_1_895' title='bbox 3678 3276 3797 3320; x_wconf 86' lang='lat' dir='ltr'>sunt</span> 
     </span>
    </p>
   </div>
   <div class='ocr_carea' id='block_1_123' title="bbox 2190 3342 3801 3410">
    <p class='ocr_par' dir='ltr' id='par_1_123' title="bbox 2190 3342 3801 3410">
     <span class='ocr_line' id='line_1_124' title="bbox 2190 3342 3801 3410; baseline -0.014 -3"><span class='ocrx_word' id='word_1_896' title='bbox 2190 3357 2251 3408; x_wconf 90' lang='lat' dir='ltr'>in</span> <span class='ocrx_word' id='word_1_897' title='bbox 2274 3357 2657 3410; x_wconf 88' lang='lat' dir='ltr'>dissensione.</span> <span class='ocrx_word' id='word_1_898' title='bbox 2690 3357 2759 3406; x_wconf 90' lang='lat' dir='ltr'>Et</span> <span class='ocrx_word' id='word_1_899' title='bbox 2782 3352 2985 3404; x_wconf 87' lang='lat' dir='ltr'>merito</span> <span class='ocrx_word' id='word_1_900' title='bbox 3004 3350 3158 3401; x_wconf 84' lang='lat' dir='ltr'>:Non</span> <span class='ocrx_word' id='word_1_901' title='bbox 3182 3346 3332 3395; x_wconf 80' lang='lat' dir='ltr'>enim</span> <span class='ocrx_word' id='word_1_902' title='bbox 3344 3349 3416 3392; x_wconf 84' lang='lat' dir='ltr'>est</span> <span class='ocrx_word' id='word_1_903' title='bbox 3436 3342 3554 3390; x_wconf 80' lang='lat' dir='ltr'>illis</span> <span class='ocrx_word' id='word_1_904' title='bbox 3575 3355 3801 3389; x_wconf 70' lang='lat' dir='ltr'>comnm-</span> 
     </span>
    </p>
   </div>
   <div class='ocr_carea' id='block_1_124' title="bbox 2193 3413 3794 3495">
    <p class='ocr_par' dir='ltr' id='par_1_124' title="bbox 2193 3413 3794 3495">
     <span class='ocr_line' id='line_1_125' title="bbox 2193 3413 3794 3495; baseline -0.009 -19"><span class='ocrx_word' id='word_1_905' title='bbox 2193 3429 2345 3477; x_wconf 82' lang='lat' dir='ltr'>tatio.</span> <span class='ocrx_word' id='word_1_906' title='bbox 2374 3428 2517 3490; x_wconf 86' lang='lat' dir='ltr'>Quia</span> <span class='ocrx_word' id='word_1_907' title='bbox 2536 3440 2648 3478; x_wconf 90' lang='lat' dir='ltr'>non</span> <span class='ocrx_word' id='word_1_908' title='bbox 2664 3424 3034 3477; x_wconf 86' lang='lat' dir='ltr'>mutanturin</span> <span class='ocrx_word' id='word_1_909' title='bbox 3059 3419 3286 3495; x_wconf 78' lang='lat' dir='ltr'>melius,</span> <span class='ocrx_word' id='word_1_910' title='bbox 3303 3414 3415 3495; x_wconf 70' lang='lat' dir='ltr'>sed</span> <span class='ocrx_word' id='word_1_911' title='bbox 3439 3413 3794 3495; x_wconf 67' lang='lat' dir='ltr'>descendunt</span> 
     </span>
    </p>
   </div>
   <div class='ocr_carea' id='block_1_125' title="bbox 2192 3484 3796 3567">
    <p class='ocr_par' dir='ltr' id='par_1_125' title="bbox 2192 3484 3796 3567">
     <span class='ocr_line' id='line_1_126' title="bbox 2192 3484 3796 3567; baseline -0.012 -18"><span class='ocrx_word' id='word_1_912' title='bbox 2192 3499 2251 3549; x_wconf 87' lang='lat' dir='ltr'>in</span> <span class='ocrx_word' id='word_1_913' title='bbox 2277 3484 2459 3563; x_wconf 72' lang='lat' dir='ltr'>pejus.</span> <span class='ocrx_word' id='word_1_914' title='bbox 2499 3499 2569 3548; x_wconf 83' lang='lat' dir='ltr'>Et</span> <span class='ocrx_word' id='word_1_915' title='bbox 2598 3513 2709 3547; x_wconf 90' lang='lat' dir='ltr'>non</span> <span class='ocrx_word' id='word_1_916' title='bbox 2752 3497 3054 3567; x_wconf 73' lang='lat' dir='ltr'>timuerunt</span> <span class='ocrx_word' id='word_1_917' title='bbox 3078 3487 3465 3567; x_wconf 39' lang='lat' dir='ltr'>Deufnt‘Sio‘ut</span> <span class='ocrx_word' id='word_1_918' title='bbox 3496 3484 3676 3567; x_wconf 61' lang='lat' dir='ltr'>timor</span> 
     </span>
    </p>
   </div>
   <div class='ocr_carea' id='block_1_126' title="bbox 2191 3552 3791 3631">
    <p class='ocr_par' dir='ltr' id='par_1_126' title="bbox 2191 3552 3791 3631">
     <span class='ocr_line' id='line_1_127' title="bbox 2191 3552 3791 3631; baseline -0.004 -12"><span class='ocrx_word' id='word_1_919' title='bbox 2191 3552 2606 3620; x_wconf 52' lang='lat' dir='ltr'>mini&#39;initium</span> <span class='ocrx_word' id='word_1_920' title='bbox 2641 3567 2934 3631; x_wconf 65' lang='lat' dir='ltr'>sapientiae</span> <span class='ocrx_word' id='word_1_921' title='bbox 2984 3561 3156 3627; x_wconf 87' lang='lat' dir='ltr'>(Psal.</span> <span class='ocrx_word' id='word_1_922' title='bbox 3186 3557 3326 3619; x_wconf 75' lang='lat'>110;</span> <span class='ocrx_word' id='word_1_923' title='bbox 3364 3552 3585 3631; x_wconf 52' lang='lat' dir='ltr'>PQOI’J</span> <span class='ocrx_word' id='word_1_924' title='bbox 3617 3558 3671 3631; x_wconf 53' lang='lat' dir='ltr'>ei</span> <span class='ocrx_word' id='word_1_925' title='bbox 3702 3552 3791 3613; x_wconf 50' lang='lat'>9-}:</span> 
     </span>
    </p>
   </div>
   <div class='ocr_carea' id='block_1_127' title="bbox 2191 3626 3791 3705">
    <p class='ocr_par' dir='ltr' id='par_1_127' title="bbox 2191 3626 3791 3705">
     <span class='ocr_line' id='line_1_128' title="bbox 2191 3626 3791 3705; baseline -0.014 -13"><span class='ocrx_word' id='word_1_926' title='bbox 2191 3642 2399 3692; x_wconf 84' lang='lat' dir='ltr'>itanon</span> <span class='ocrx_word' id='word_1_927' title='bbox 2416 3642 2613 3692; x_wconf 89' lang='lat' dir='ltr'>timere</span> <span class='ocrx_word' id='word_1_928' title='bbox 2626 3626 2807 3690; x_wconf 75' lang='lat' dir='ltr'>Deum</span> <span class='ocrx_word' id='word_1_929' title='bbox 2824 3636 3030 3688; x_wconf 87' lang='lat' dir='ltr'>mortis</span> <span class='ocrx_word' id='word_1_930' title='bbox 3045 3632 3275 3705; x_wconf 88' lang='lat' dir='ltr'>initium</span> <span class='ocrx_word' id='word_1_931' title='bbox 3297 3626 3791 3705; x_wconf 46' lang='lat' dir='ltr'>est._l3eatus‘hom«i</span> 
     </span>
    </p>
   </div>
   <div class='ocr_carea' id='block_1_128' title="bbox 2193 3695 3791 3774">
    <p class='ocr_par' dir='ltr' id='par_1_128' title="bbox 2193 3695 3791 3774">
     <span class='ocr_line' id='line_1_129' title="bbox 2193 3695 3791 3774; baseline -0.007 -11"><span class='ocrx_word' id='word_1_932' title='bbox 2193 3712 2292 3774; x_wconf 91' lang='lat' dir='ltr'>qui</span> <span class='ocrx_word' id='word_1_933' title='bbox 2318 3723 2542 3774; x_wconf 88' lang='lat' dir='ltr'>semper</span> <span class='ocrx_word' id='word_1_934' title='bbox 2565 3713 2655 3761; x_wconf 90' lang='lat' dir='ltr'>est</span> <span class='ocrx_word' id='word_1_935' title='bbox 2680 3708 2940 3773; x_wconf 89' lang='lat' dir='ltr'>pavidus.</span> <span class='ocrx_word' id='word_1_936' title='bbox 2966 3704 3078 3766; x_wconf 91' lang='lat' dir='ltr'>Qui</span> <span class='ocrx_word' id='word_1_937' title='bbox 3102 3713 3241 3774; x_wconf 81' lang='lat' dir='ltr'>vero</span> <span class='ocrx_word' id='word_1_938' title='bbox 3262 3697 3481 3774; x_wconf 77' lang='lat' dir='ltr'>mentis</span> <span class='ocrx_word' id='word_1_939' title='bbox 3503 3700 3599 3774; x_wconf 73' lang='lat' dir='ltr'>est</span> <span class='ocrx_word' id='word_1_940' title='bbox 3622 3695 3791 3753; x_wconf 64' lang='grc' dir='ltr'>(ιω-ω,</span> 
     </span>
    </p>
   </div>
   <div class='ocr_carea' id='block_1_129' title="bbox 2192 3765 3753 3844">
    <p class='ocr_par' dir='ltr' id='par_1_129' title="bbox 2192 3765 3753 3844">
     <span class='ocr_line' id='line_1_130' title="bbox 2192 3765 3753 3844; baseline -0.014 -11"><span class='ocrx_word' id='word_1_941' title='bbox 2192 3765 2418 3833; x_wconf 77' lang='lat' dir='ltr'>corruet</span> <span class='ocrx_word' id='word_1_942' title='bbox 2437 3765 2496 3831; x_wconf 51' lang='lat' dir='ltr'>i&#39;n</span> <span class='ocrx_word' id='word_1_943' title='bbox 2519 3765 2737 3832; x_wconf 78' lang='lat' dir='ltr'>malum</span> <span class='ocrx_word' id='word_1_944' title='bbox 2764 3779 2935 3841; x_wconf 81' lang='lat' dir='ltr'>(Prov.</span> <span class='ocrx_word' id='word_1_945' title='bbox 2961 3765 3090 3837; x_wconf 70' lang='lat'>28.).</span> <span class='ocrx_word' id='word_1_946' title='bbox 3115 3770 3282 3824; x_wconf 90' lang='lat' dir='ltr'>Unde</span> <span class='ocrx_word' id='word_1_947' title='bbox 3304 3772 3366 3844; x_wconf 75' lang='lat' dir='ltr'>et</span> <span class='ocrx_word' id='word_1_948' title='bbox 3390 3765 3687 3844; x_wconf 68' lang='lat' dir='ltr'>subditur:</span> <span class='ocrx_word' id='word_1_949' title='bbox 3744 3834 3753 3844; x_wconf 28' lang='grc' dir='ltr'><strong>ν</strong></span> 
     </span>
    </p>
   </div>
   <div class='ocr_carea' id='block_1_130' title="bbox 2254 3837 3790 3907">
    <p class='ocr_par' dir='ltr' id='par_1_130' title="bbox 2254 3837 3790 3907">
     <span class='ocr_line' id='line_1_131' title="bbox 2254 3837 3790 3907; baseline -0.015 -2"><span class='ocrx_word' id='word_1_950' title='bbox 2254 3852 2340 3907; x_wconf 67' lang='grc'>21.</span> <span class='ocrx_word' id='word_1_951' title='bbox 2370 3854 2632 3902; x_wconf 76' lang='lat' dir='ltr'>Exlendel</span> <span class='ocrx_word' id='word_1_952' title='bbox 2662 3837 2890 3900; x_wconf 80' lang='lat' dir='ltr'>manum</span> <span class='ocrx_word' id='word_1_953' title='bbox 2914 3862 3075 3896; x_wconf 86' lang='lat' dir='ltr'>suam</span> <span class='ocrx_word' id='word_1_954' title='bbox 3108 3847 3170 3893; x_wconf 91' lang='lat' dir='ltr'>in</span> <span class='ocrx_word' id='word_1_955' title='bbox 3193 3838 3563 3891; x_wconf 80' lang='lat' dir='ltr'>retribuendo.</span> <span class='ocrx_word' id='word_1_956' title='bbox 3601 3837 3722 3886; x_wconf 87' lang='lat' dir='ltr'>Hoc</span> <span class='ocrx_word' id='word_1_957' title='bbox 3741 3837 3790 3885; x_wconf 81' lang='lat' dir='ltr'>in</span> 
     </span>
    </p>
   </div>
   <div class='ocr_carea' id='block_1_131' title="bbox 2188 3916 3787 3993">
    <p class='ocr_par' dir='ltr' id='par_1_131' title="bbox 2188 3916 3787 3993">
     <span class='ocr_line' id='line_1_132' title="bbox 2188 3916 3787 3993; baseline -0.013 -17"><span class='ocrx_word' id='word_1_958' title='bbox 2188 3924 2406 3988; x_wconf 79' lang='lat' dir='ltr'>judicio</span> <span class='ocrx_word' id='word_1_959' title='bbox 2429 3924 2555 3984; x_wconf 87' lang='lat' dir='ltr'>erit,</span> <span class='ocrx_word' id='word_1_960' title='bbox 2593 3922 2825 3993; x_wconf 90' lang='lat' dir='ltr'>quando</span> <span class='ocrx_word' id='word_1_961' title='bbox 2864 3916 3325 3993; x_wconf 71' lang='lat' dir='ltr'>Deus_ultricem</span> <span class='ocrx_word' id='word_1_962' title='bbox 3363 3920 3609 3993; x_wconf 79' lang='lat' dir='ltr'>manum</span> <span class='ocrx_word' id='word_1_963' title='bbox 3626 3918 3787 3993; x_wconf 64' lang='lat' dir='ltr'>suam</span> 
     </span>
    </p>
   </div>
   <div class='ocr_carea' id='block_1_132' title="bbox 2193 3982 3789 4059">
    <p class='ocr_par' dir='ltr' id='par_1_132' title="bbox 2193 3982 3789 4059">
     <span class='ocr_line' id='line_1_133' title="bbox 2193 3982 3789 4059; baseline -0.014 -12"><span class='ocrx_word' id='word_1_964' title='bbox 2193 3982 2565 4059; x_wconf 69' lang='lat' dir='ltr'>ampliﬁcabit</span> <span class='ocrx_word' id='word_1_965' title='bbox 2581 3982 2639 4045; x_wconf 64' lang='lat' dir='ltr'>iii</span> <span class='ocrx_word' id='word_1_966' title='bbox 2657 3992 2988 4045; x_wconf 80' lang='lat' dir='ltr'>vindictam.</span> <span class='ocrx_word' id='word_1_967' title='bbox 3002 3989 3152 4039; x_wconf 81' lang='lat' dir='ltr'>Hinc</span> <span class='ocrx_word' id='word_1_968' title='bbox 3165 3984 3305 4059; x_wconf 79' lang='lat' dir='ltr'>alibi</span> <span class='ocrx_word' id='word_1_969' title='bbox 3313 3982 3592 4039; x_wconf 85' lang='lat' dir='ltr'>minatur,</span> <span class='ocrx_word' id='word_1_970' title='bbox 3604 3982 3789 4059; x_wconf 67' lang='lat' dir='ltr'>dicens,</span> 
     </span>
    </p>
   </div>
   <div class='ocr_carea' id='block_1_133' title="bbox 2191 4051 3791 4136">
    <p class='ocr_par' dir='ltr' id='par_1_133' title="bbox 2191 4051 3791 4136">
     <span class='ocr_line' id='line_1_134' title="bbox 2191 4051 3791 4136; baseline -0.014 -17"><span class='ocrx_word' id='word_1_971' title='bbox 2191 4051 2420 4118; x_wconf 70' lang='lat' dir='ltr'>Levabo</span> <span class='ocrx_word' id='word_1_972' title='bbox 2443 4066 2514 4117; x_wconf 90' lang='lat' dir='ltr'>ad</span> <span class='ocrx_word' id='word_1_973' title='bbox 2533 4066 2738 4117; x_wconf 69' lang='lat' dir='ltr'>caelum</span> <span class='ocrx_word' id='word_1_974' title='bbox 2765 4075 3003 4115; x_wconf 89' lang='lat' dir='ltr'>manum</span> <span class='ocrx_word' id='word_1_975' title='bbox 3022 4070 3235 4136; x_wconf 54' lang='lat' dir='ltr'>meam:</span> <span class='ocrx_word' id='word_1_976' title='bbox 3252 4056 3310 4136; x_wconf 76' lang='lat' dir='ltr'>Si</span> <span class='ocrx_word' id='word_1_977' title='bbox 3324 4064 3539 4136; x_wconf 72' lang='lat' dir='ltr'>acuere</span> <span class='ocrx_word' id='word_1_978' title='bbox 3557 4051 3791 4136; x_wconf 63' lang='lat' dir='ltr'>utfulgur</span> 
     </span>
    </p>
   </div>
   <div class='ocr_carea' id='block_1_134' title="bbox 2191 4128 3789 4205">
    <p class='ocr_par' dir='ltr' id='par_1_134' title="bbox 2191 4128 3789 4205">
     <span class='ocr_line' id='line_1_135' title="bbox 2191 4128 3789 4205; baseline -0.013 -16"><span class='ocrx_word' id='word_1_979' title='bbox 2191 4138 2447 4203; x_wconf 85' lang='lat' dir='ltr'>gladium</span> <span class='ocrx_word' id='word_1_980' title='bbox 2478 4150 2691 4197; x_wconf 91' lang='lat' dir='ltr'>meum,</span> <span class='ocrx_word' id='word_1_981' title='bbox 2719 4142 2777 4188; x_wconf 89' lang='lat' dir='ltr'>et</span> <span class='ocrx_word' id='word_1_982' title='bbox 2793 4132 3096 4199; x_wconf 89' lang='lat' dir='ltr'>arripuerit</span> <span class='ocrx_word' id='word_1_983' title='bbox 3112 4128 3404 4205; x_wconf 77' lang='lat' dir='ltr'>judicium</span> <span class='ocrx_word' id='word_1_984' title='bbox 3429 4134 3645 4205; x_wconf 74' lang='lat' dir='ltr'>manus</span> <span class='ocrx_word' id='word_1_985' title='bbox 3658 4132 3789 4205; x_wconf 62' lang='lat' dir='ltr'>mea3</span> 
     </span>
    </p>
   </div>
   <div class='ocr_carea' id='block_1_135' title="bbox 2192 4192 3791 4276">
    <p class='ocr_par' dir='ltr' id='par_1_135' title="bbox 2192 4192 3791 4276">
     <span class='ocr_line' id='line_1_136' title="bbox 2192 4192 3791 4276; baseline -0.014 -15"><span class='ocrx_word' id='word_1_986' title='bbox 2192 4192 2425 4261; x_wconf 55' lang='lat' dir='ltr'>Feddam</span> <span class='ocrx_word' id='word_1_987' title='bbox 2450 4192 2727 4261; x_wconf 84' lang='lat' dir='ltr'>ultionem</span> <span class='ocrx_word' id='word_1_988' title='bbox 2755 4192 3020 4259; x_wconf 76' lang='lat' dir='ltr'>hostibus</span> <span class='ocrx_word' id='word_1_989' title='bbox 3041 4192 3211 4276; x_wconf 84' lang='lat' dir='ltr'>meis,</span> <span class='ocrx_word' id='word_1_990' title='bbox 3234 4203 3292 4249; x_wconf 89' lang='lat' dir='ltr'>et</span> <span class='ocrx_word' id='word_1_991' title='bbox 3318 4193 3539 4276; x_wconf 71' lang='lat' dir='ltr'>bisqui</span> <span class='ocrx_word' id='word_1_992' title='bbox 3567 4192 3791 4276; x_wconf 65' lang='lat' dir='ltr'>oderunt</span> 
     </span>
    </p>
   </div>
   <div class='ocr_carea' id='block_1_136' title="bbox 2190 4266 3793 4345">
    <p class='ocr_par' dir='ltr' id='par_1_136' title="bbox 2190 4266 3793 4345">
     <span class='ocr_line' id='line_1_137' title="bbox 2190 4266 3793 4345; baseline -0.014 -13"><span class='ocrx_word' id='word_1_993' title='bbox 2190 4294 2299 4345; x_wconf 91' lang='lat' dir='ltr'>me,</span> <span class='ocrx_word' id='word_1_994' title='bbox 2336 4282 2647 4333; x_wconf 81' lang='lat' dir='ltr'>retribuam</span> <span class='ocrx_word' id='word_1_995' title='bbox 2684 4281 2851 4341; x_wconf 84' lang='lat' dir='ltr'>(Deut.</span> <span class='ocrx_word' id='word_1_996' title='bbox 2901 4276 3029 4339; x_wconf 66' lang='lat'>32.).</span> <span class='ocrx_word' id='word_1_997' title='bbox 3073 4275 3143 4325; x_wconf 88' lang='lat' dir='ltr'>Et</span> <span class='ocrx_word' id='word_1_998' title='bbox 3188 4281 3329 4345; x_wconf 76' lang='lat' dir='ltr'>vere</span> <span class='ocrx_word' id='word_1_999' title='bbox 3366 4266 3531 4329; x_wconf 86' lang='lat' dir='ltr'>digni</span> <span class='ocrx_word' id='word_1_1000' title='bbox 3548 4267 3793 4345; x_wconf 62' lang='lat' dir='ltr'>suntut</span> 
     </span>
    </p>
   </div>
   <div class='ocr_carea' id='block_1_137' title="bbox 2191 4342 3789 4418">
    <p class='ocr_par' dir='ltr' id='par_1_137' title="bbox 2191 4342 3789 4418">
     <span class='ocr_line' id='line_1_138' title="bbox 2191 4342 3789 4418; baseline -0.015 -13"><span class='ocrx_word' id='word_1_1001' title='bbox 2191 4342 2507 4418; x_wconf 86' lang='lat' dir='ltr'>puniantur</span> <span class='ocrx_word' id='word_1_1002' title='bbox 2528 4371 2538 4402; x_wconf 88' lang='lat'><strong>:</strong></span> <span class='ocrx_word' id='word_1_1003' title='bbox 2561 4352 3086 4402; x_wconf 75' lang='lat' dir='ltr'>Contaminaverunt</span> <span class='ocrx_word' id='word_1_1004' title='bbox 3104 4342 3655 4418; x_wconf 54' lang='lat' dir='ltr'>enimtestamentum</span> <span class='ocrx_word' id='word_1_1005' title='bbox 3670 4342 3789 4418; x_wconf 55' lang='lat' dir='ltr'>ejus.</span> 
     </span>
    </p>
   </div>
   <div class='ocr_carea' id='block_1_138' title="bbox 2192 4409 3793 4487">
    <p class='ocr_par' dir='ltr' id='par_1_138' title="bbox 2192 4409 3793 4487">
     <span class='ocr_line' id='line_1_139' title="bbox 2192 4409 3793 4487; baseline -0.014 -11"><span class='ocrx_word' id='word_1_1006' title='bbox 2192 4409 2334 4485; x_wconf 66' lang='lat' dir='ltr'>Quia</span> <span class='ocrx_word' id='word_1_1007' title='bbox 2362 4424 2523 4475; x_wconf 90' lang='lat' dir='ltr'>illum</span> <span class='ocrx_word' id='word_1_1008' title='bbox 2542 4423 2640 4487; x_wconf 91' lang='lat' dir='ltr'>qui</span> <span class='ocrx_word' id='word_1_1009' title='bbox 2666 4424 3022 4475; x_wconf 90' lang='lat' dir='ltr'>testamento</span> <span class='ocrx_word' id='word_1_1010' title='bbox 3042 4414 3191 4481; x_wconf 80' lang='lat' dir='ltr'>legis</span> <span class='ocrx_word' id='word_1_1011' title='bbox 3201 4411 3278 4464; x_wconf 89' lang='lat' dir='ltr'>ad</span> <span class='ocrx_word' id='word_1_1012' title='bbox 3295 4409 3547 4461; x_wconf 88' lang='lat' dir='ltr'>salutem</span> <span class='ocrx_word' id='word_1_1013' title='bbox 3562 4415 3793 4470; x_wconf 63' lang='lat' dir='ltr'>pronum</span> 
     </span>
    </p>
   </div>
   <div class='ocr_carea' id='block_1_139' title="bbox 2189 4489 3551 4559">
    <p class='ocr_par' dir='ltr' id='par_1_139' title="bbox 2189 4489 3551 4559">
     <span class='ocr_line' id='line_1_140' title="bbox 2189 4489 3551 4559; baseline -0.005 -14"><span class='ocrx_word' id='word_1_1014' title='bbox 2189 4494 2364 4546; x_wconf 87' lang='lat' dir='ltr'>tiatus</span> <span class='ocrx_word' id='word_1_1015' title='bbox 2389 4499 2498 4557; x_wconf 90' lang='lat' dir='ltr'>est,</span> <span class='ocrx_word' id='word_1_1016' title='bbox 2526 4497 2981 4546; x_wconf 86' lang='lat' dir='ltr'>contemserunt.</span> <span class='ocrx_word' id='word_1_1017' title='bbox 3014 4489 3169 4546; x_wconf 91' lang='lat' dir='ltr'>Ideo,</span> <span class='ocrx_word' id='word_1_1018' title='bbox 3210 4517 3232 4559; x_wconf 66' lang='grc' dir='ltr'><strong>ρ</strong></span> <span class='ocrx_word' id='word_1_1019' title='bbox 3343 4555 3363 4559; x_wconf 91' lang='lat'><strong><em>_</em></strong></span> <span class='ocrx_word' id='word_1_1020' title='bbox 3541 4549 3551 4559; x_wconf 36' lang='grc' dir='ltr'>ι</span> 
     </span>
    </p>
   </div>
   <div class='ocr_carea' id='block_1_140' title="bbox 2256 4552 3796 4632">
    <p class='ocr_par' dir='ltr' id='par_1_140' title="bbox 2256 4552 3796 4632">
     <span class='ocr_line' id='line_1_141' title="bbox 2256 4552 3796 4632; baseline -0.015 -13"><span class='ocrx_word' id='word_1_1021' title='bbox 2256 4564 2343 4619; x_wconf 64' lang='grc'>22.</span> <span class='ocrx_word' id='word_1_1022' title='bbox 2386 4552 2558 4616; x_wconf 82' lang='lat' dir='ltr'>Divisi</span> <span class='ocrx_word' id='word_1_1023' title='bbox 2590 4572 2718 4615; x_wconf 88' lang='lat' dir='ltr'>sunt</span> <span class='ocrx_word' id='word_1_1024' title='bbox 2751 4565 2816 4615; x_wconf 84' lang='lat' dir='ltr'>ab</span> <span class='ocrx_word' id='word_1_1025' title='bbox 2846 4566 2933 4613; x_wconf 84' lang='lat' dir='ltr'>ira</span> <span class='ocrx_word' id='word_1_1026' title='bbox 2967 4560 3146 4611; x_wconf 77' lang='lat' dir='ltr'>vultus</span> <span class='ocrx_word' id='word_1_1027' title='bbox 3168 4556 3301 4621; x_wconf 84' lang='lat' dir='ltr'>ejus.</span> <span class='ocrx_word' id='word_1_1028' title='bbox 3343 4555 3435 4632; x_wconf 69' lang='lat' dir='ltr'>Ira</span> <span class='ocrx_word' id='word_1_1029' title='bbox 3642 4552 3699 4598; x_wconf 77' lang='lat' dir='ltr'>et</span> 
     </span>
    </p>
   </div>
   <div class='ocr_carea' id='block_1_141' title="bbox 2184 4688 3793 4776">
    <p class='ocr_par' dir='ltr' id='par_1_141' title="bbox 2184 4688 3793 4776">
     <span class='ocr_line' id='line_1_142' title="bbox 2184 4688 3793 4776; baseline -0.012 -17"><span class='ocrx_word' id='word_1_1030' title='bbox 2184 4709 2445 4760; x_wconf 84' lang='lat' dir='ltr'>diversas</span> <span class='ocrx_word' id='word_1_1031' title='bbox 2464 4688 2912 4774; x_wconf 71' lang='lat' dir='ltr'>partesinundi.</span> <span class='ocrx_word' id='word_1_1032' title='bbox 2939 4688 3057 4757; x_wconf 78' lang='lat' dir='ltr'>Ista</span> <span class='ocrx_word' id='word_1_1033' title='bbox 3069 4702 3244 4776; x_wconf 88' lang='lat' dir='ltr'>etiam</span> <span class='ocrx_word' id='word_1_1034' title='bbox 3256 4688 3793 4776; x_wconf 46' lang='lat' dir='ltr'>verbavidentur‘ad</span> 
     </span>
    </p>
   </div>
   <div class='ocr_carea' id='block_1_142' title="bbox 2181 4764 3794 4850">
    <p class='ocr_par' dir='ltr' id='par_1_142' title="bbox 2181 4764 3794 4850">
     <span class='ocr_line' id='line_1_143' title="bbox 2181 4764 3794 4850; baseline -0.001 -19"><span class='ocrx_word' id='word_1_1035' title='bbox 2181 4764 2487 4832; x_wconf 62' lang='lat' dir='ltr'>haereticos</span> <span class='ocrx_word' id='word_1_1036' title='bbox 2520 4780 2831 4843; x_wconf 89' lang='lat' dir='ltr'>pertinere.</span> <span class='ocrx_word' id='word_1_1037' title='bbox 2868 4777 2982 4843; x_wconf 90' lang='lat' dir='ltr'>Ipsi</span> <span class='ocrx_word' id='word_1_1038' title='bbox 3015 4775 3168 4850; x_wconf 82' lang='lat' dir='ltr'>enim</span> <span class='ocrx_word' id='word_1_1039' title='bbox 3204 4764 3794 4850; x_wconf 42' lang='lat' dir='ltr'>contaminat?</span> 
     </span>
    </p>
   </div>
   <div class='ocr_carea' id='block_1_143' title="bbox 2182 4837 3796 4923">
    <p class='ocr_par' dir='ltr' id='par_1_143' title="bbox 2182 4837 3796 4923">
     <span class='ocr_line' id='line_1_144' title="bbox 2182 4837 3796 4923; baseline -0.012 -21"><span class='ocrx_word' id='word_1_1040' title='bbox 2182 4857 2442 4904; x_wconf 89' lang='lat' dir='ltr'>mentum</span> <span class='ocrx_word' id='word_1_1041' title='bbox 2466 4837 2567 4903; x_wconf 81' lang='lat' dir='ltr'>Dei</span> <span class='ocrx_word' id='word_1_1042' title='bbox 2587 4864 2707 4903; x_wconf 91' lang='lat' dir='ltr'>non</span> <span class='ocrx_word' id='word_1_1043' title='bbox 2728 4837 3038 4907; x_wconf 75' lang='lat' dir='ltr'>desistunt,</span> <span class='ocrx_word' id='word_1_1044' title='bbox 3061 4848 3206 4923; x_wconf 89' lang='lat' dir='ltr'>dum</span> <span class='ocrx_word' id='word_1_1045' title='bbox 3230 4837 3796 4923; x_wconf 63' lang='lat' dir='ltr'>§cripturas</span> 
     </span>
    </p>
   </div>
   <div class='ocr_carea' id='block_1_144' title="bbox 2183 4911 3794 4994">
    <p class='ocr_par' dir='ltr' id='par_1_144' title="bbox 2183 4911 3794 4994">
     <span class='ocr_line' id='line_1_145' title="bbox 2183 4911 3794 4994; baseline -0.014 -17"><span class='ocrx_word' id='word_1_1046' title='bbox 2183 4936 2355 4987; x_wconf 88' lang='lat' dir='ltr'>prave</span> <span class='ocrx_word' id='word_1_1047' title='bbox 2392 4924 2724 4987; x_wconf 85' lang='lat' dir='ltr'>intelligunt</span> <span class='ocrx_word' id='word_1_1048' title='bbox 2753 4927 2813 4974; x_wconf 91' lang='lat' dir='ltr'>et</span> <span class='ocrx_word' id='word_1_1049' title='bbox 2861 4922 3181 4994; x_wconf 80' lang='lat' dir='ltr'>exponunt.</span> <span class='ocrx_word' id='word_1_1050' title='bbox 3233 4914 3342 4994; x_wconf 73' lang='lat' dir='ltr'>_Dei_</span> <span class='ocrx_word' id='word_1_1051' title='bbox 3389 4911 3794 4994; x_wconf 58' lang='lat' dir='ltr'>testamentum</span> 
     </span>
    </p>
   </div>
   <div class='ocr_carea' id='block_1_145' title="bbox 2184 4985 3792 5064">
    <p class='ocr_par' dir='ltr' id='par_1_145' title="bbox 2184 4985 3792 5064">
     <span class='ocr_line' id='line_1_146' title="bbox 2184 4985 3792 5064; baseline -0.009 -19"><span class='ocrx_word' id='word_1_1052' title='bbox 2184 4985 2621 5046; x_wconf 41' lang='lat' dir='ltr'>contaminant?</span> <span class='ocrx_word' id='word_1_1053' title='bbox 2651 4994 2792 5057; x_wconf 90' lang='lat' dir='ltr'>quia</span> <span class='ocrx_word' id='word_1_1054' title='bbox 2824 5005 2895 5043; x_wconf 84' lang='lat' dir='ltr'>ex</span> <span class='ocrx_word' id='word_1_1055' title='bbox 2928 4992 3056 5064; x_wconf 82' lang='lat' dir='ltr'>ipso</span> <span class='ocrx_word' id='word_1_1056' title='bbox 3078 4985 3451 5064; x_wconf 74' lang='lat' dir='ltr'>mendacium</span> <span class='ocrx_word' id='word_1_1057' title='bbox 3475 4985 3536 5031; x_wconf 91' lang='lat' dir='ltr'>et</span> <span class='ocrx_word' id='word_1_1058' title='bbox 3560 4987 3792 5064; x_wconf 47' lang='lat' dir='ltr'>errorem</span> 
     </span>
    </p>
   </div>
   <div class='ocr_carea' id='block_1_146' title="bbox 2183 5047 3792 5131">
    <p class='ocr_par' dir='ltr' id='par_1_146' title="bbox 2183 5047 3792 5131">
     <span class='ocr_line' id='line_1_147' title="bbox 2183 5047 3792 5131; baseline -0.016 -14"><span class='ocrx_word' id='word_1_1059' title='bbox 2183 5067 2497 5130; x_wconf 84' lang='lat' dir='ltr'>approbare</span> <span class='ocrx_word' id='word_1_1060' title='bbox 2544 5047 3058 5117; x_wconf 44' lang='lat' dir='ltr'>non.cessant.-Et</span> <span class='ocrx_word' id='word_1_1061' title='bbox 3104 5060 3243 5131; x_wconf 9' lang='lat' dir='ltr'>ideo,</span> <span class='ocrx_word' id='word_1_1062' title='bbox 3280 5054 3449 5131; x_wconf 74' lang='lat' dir='ltr'>divisi</span> <span class='ocrx_word' id='word_1_1063' title='bbox 3475 5047 3792 5131; x_wconf 45' lang='lat' dir='ltr'>sustinuit-:1</span> 
     </span>
    </p>
   </div>
   <div class='ocr_carea' id='block_1_147' title="bbox 2186 5120 3789 5206">
    <p class='ocr_par' dir='ltr' id='par_1_147' title="bbox 2186 5120 3789 5206">
     <span class='ocr_line' id='line_1_148' title="bbox 2186 5120 3789 5206; baseline -0.01 -20"><span class='ocrx_word' id='word_1_1064' title='bbox 2186 5120 2362 5186; x_wconf 73' lang='lat' dir='ltr'>vultus</span> <span class='ocrx_word' id='word_1_1065' title='bbox 2385 5138 2518 5199; x_wconf 83' lang='lat' dir='ltr'>ejus.</span> <span class='ocrx_word' id='word_1_1066' title='bbox 2546 5138 2635 5187; x_wconf 84' lang='lat' dir='ltr'>Ab</span> <span class='ocrx_word' id='word_1_1067' title='bbox 2658 5137 2743 5187; x_wconf 91' lang='lat' dir='ltr'>ira</span> <span class='ocrx_word' id='word_1_1068' title='bbox 2787 5132 3113 5206; x_wconf 78' lang='lat' dir='ltr'>severitatis</span> <span class='ocrx_word' id='word_1_1069' title='bbox 3140 5129 3251 5206; x_wconf 69' lang='lat' dir='ltr'>Dei</span> <span class='ocrx_word' id='word_1_1070' title='bbox 3284 5128 3425 5206; x_wconf 70' lang='lat' dir='ltr'>sunt</span> <span class='ocrx_word' id='word_1_1071' title='bbox 3460 5120 3789 5206; x_wconf 56' lang='lat' dir='ltr'>divisi:</span> 
     </span>
    </p>
   </div>
   <div class='ocr_carea' id='block_1_148' title="bbox 2189 5193 3791 5271">
    <p class='ocr_par' dir='ltr' id='par_1_148' title="bbox 2189 5193 3791 5271">
     <span class='ocr_line' id='line_1_149' title="bbox 2189 5193 3791 5271; baseline -0.011 -13"><span class='ocrx_word' id='word_1_1072' title='bbox 2189 5209 2345 5259; x_wconf 90' lang='lat' dir='ltr'>enim</span> <span class='ocrx_word' id='word_1_1073' title='bbox 2380 5193 2534 5271; x_wconf 78' lang='lat' dir='ltr'>quod</span> <span class='ocrx_word' id='word_1_1074' title='bbox 2560 5207 2700 5258; x_wconf 91' lang='lat' dir='ltr'>dicit</span> <span class='ocrx_word' id='word_1_1075' title='bbox 2721 5209 3001 5263; x_wconf 89' lang='lat' dir='ltr'>Donatus,</span> <span class='ocrx_word' id='word_1_1076' title='bbox 3041 5202 3182 5253; x_wconf 90' lang='lat' dir='ltr'>dicit</span> <span class='ocrx_word' id='word_1_1077' title='bbox 3209 5193 3791 5271; x_wconf 72' lang='lat' dir='ltr'>Sabellianus..\&#39;eque</span> 
     </span>
    </p>
   </div>
   <div class='ocr_carea' id='block_1_149' title="bbox 2191 5266 3787 5343">
    <p class='ocr_par' dir='ltr' id='par_1_149' title="bbox 2191 5266 3787 5343">
     <span class='ocr_line' id='line_1_150' title="bbox 2191 5266 3787 5343; baseline -0.014 -10"><span class='ocrx_word' id='word_1_1078' title='bbox 2191 5279 2346 5343; x_wconf 87' lang='lat' dir='ltr'>quod</span> <span class='ocrx_word' id='word_1_1079' title='bbox 2397 5266 2535 5330; x_wconf 81' lang='lat' dir='ltr'>dicit</span> <span class='ocrx_word' id='word_1_1080' title='bbox 2576 5278 2952 5340; x_wconf 86' lang='lat' dir='ltr'>Sabellianus,</span> <span class='ocrx_word' id='word_1_1081' title='bbox 2993 5274 3136 5326; x_wconf 89' lang='lat' dir='ltr'>dicit</span> <span class='ocrx_word' id='word_1_1082' title='bbox 3158 5273 3427 5324; x_wconf 81' lang='lat' dir='ltr'>Arianus.</span> <span class='ocrx_word' id='word_1_1083' title='bbox 3464 5267 3552 5318; x_wconf 74' lang='lat' dir='ltr'>Ab</span> <span class='ocrx_word' id='word_1_1084' title='bbox 3590 5266 3787 5343; x_wconf 66' lang='lat' dir='ltr'>unitate</span> 
     </span>
    </p>
   </div>
   <div class='ocr_carea' id='block_1_150' title="bbox 2185 5332 3786 5419">
    <p class='ocr_par' dir='ltr' id='par_1_150' title="bbox 2185 5332 3786 5419">
     <span class='ocr_line' id='line_1_151' title="bbox 2185 5332 3786 5419; baseline 0.002 -18"><span class='ocrx_word' id='word_1_1085' title='bbox 2185 5332 2490 5403; x_wconf 64' lang='lat' dir='ltr'>catholicae</span> <span class='ocrx_word' id='word_1_1086' title='bbox 2514 5350 2786 5402; x_wconf 58' lang='lat' dir='ltr'>Ecclesiae</span> <span class='ocrx_word' id='word_1_1087' title='bbox 2812 5332 3077 5413; x_wconf 79' lang='lat' dir='ltr'>separati,</span> <span class='ocrx_word' id='word_1_1088' title='bbox 3105 5358 3208 5408; x_wconf 88' lang='lat' dir='ltr'>per</span> <span class='ocrx_word' id='word_1_1089' title='bbox 3231 5343 3694 5419; x_wconf 52' lang='grc' dir='ltr'>φῷιοεέειζηξτίῗὲ</span> 
     </span>
    </p>
   </div>
   <div class='ocr_carea' id='block_1_151' title="bbox 2185 5404 3779 5486">
    <p class='ocr_par' dir='ltr' id='par_1_151' title="bbox 2185 5404 3779 5486">
     <span class='ocr_line' id='line_1_152' title="bbox 2185 5404 3779 5486; baseline -0.013 -12"><span class='ocrx_word' id='word_1_1090' title='bbox 2185 5424 2299 5474; x_wconf 85' lang='lat' dir='ltr'>visi</span> <span class='ocrx_word' id='word_1_1091' title='bbox 2324 5427 2477 5474; x_wconf 87' lang='lat' dir='ltr'>sunt.</span> <span class='ocrx_word' id='word_1_1092' title='bbox 2507 5423 2573 5472; x_wconf 87' lang='lat' dir='ltr'>Et</span> <span class='ocrx_word' id='word_1_1093' title='bbox 2611 5404 3084 5486; x_wconf 71' lang='lat' dir='ltr'>appropinquavit</span> <span class='ocrx_word' id='word_1_1094' title='bbox 3105 5404 3208 5466; x_wconf 66' lang='lat' dir='ltr'>cor</span> <span class='ocrx_word' id='word_1_1095' title='bbox 3230 5416 3404 5464; x_wconf 84' lang='lat' dir='ltr'>illius.</span> <span class='ocrx_word' id='word_1_1096' title='bbox 3529 5404 3779 5486; x_wconf 67' lang='lat' dir='ltr'>intelliga-</span> 
     </span>
    </p>
   </div>
   <div class='ocr_carea' id='block_1_152' title="bbox 2185 5474 3778 5553">
    <p class='ocr_par' dir='ltr' id='par_1_152' title="bbox 2185 5474 3778 5553">
     <span class='ocr_line' id='line_1_153' title="bbox 2185 5474 3778 5553; baseline -0.011 -7"><span class='ocrx_word' id='word_1_1097' title='bbox 2185 5506 2318 5545; x_wconf 90' lang='lat' dir='ltr'>mus</span> <span class='ocrx_word' id='word_1_1098' title='bbox 2346 5474 2702 5545; x_wconf 71' lang='lat' dir='ltr'>voluntatein</span> <span class='ocrx_word' id='word_1_1099' title='bbox 2723 5474 3167 5543; x_wconf 47' lang='lat' dir='ltr'>illius-Multum</span> <span class='ocrx_word' id='word_1_1100' title='bbox 3192 5486 3349 5539; x_wconf 88' lang='lat' dir='ltr'>valet</span> <span class='ocrx_word' id='word_1_1101' title='bbox 3364 5484 3536 5537; x_wconf 91' lang='lat' dir='ltr'>nobis</span> <span class='ocrx_word' id='word_1_1102' title='bbox 3551 5479 3619 5532; x_wconf 88' lang='lat' dir='ltr'>ad</span> 
     </span>
    </p>
   </div>
   <div class='ocr_carea' id='block_1_153' title="bbox 2186 5554 3769 5623">
    <p class='ocr_par' dir='ltr' id='par_1_153' title="bbox 2186 5554 3769 5623">
     <span class='ocr_line' id='line_1_154' title="bbox 2186 5554 3769 5623; baseline -0.01 -6"><span class='ocrx_word' id='word_1_1103' title='bbox 2186 5564 2477 5619; x_wconf 76' lang='lat' dir='ltr'>ligendum</span> <span class='ocrx_word' id='word_1_1104' title='bbox 2504 5566 2706 5621; x_wconf 78' lang='lat' dir='ltr'>Deum,</span> <span class='ocrx_word' id='word_1_1105' title='bbox 2744 5561 3149 5614; x_wconf 60' lang='lat' dir='ltr'>haereticorum</span> <span class='ocrx_word' id='word_1_1106' title='bbox 3183 5558 3419 5609; x_wconf 86' lang='lat' dir='ltr'>divisio.</span> <span class='ocrx_word' id='word_1_1107' title='bbox 3449 5554 3622 5606; x_wconf 77' lang='lat' dir='ltr'>Multa</span> <span class='ocrx_word' id='word_1_1108' title='bbox 3644 5556 3769 5623; x_wconf 56' lang='lat' dir='ltr'>enin}</span> 
     </span>
    </p>
   </div>
   <div class='ocr_carea' id='block_1_154' title="bbox 2187 5626 3765 5699">
    <p class='ocr_par' dir='ltr' id='par_1_154' title="bbox 2187 5626 3765 5699">
     <span class='ocr_line' id='line_1_155' title="bbox 2187 5626 3765 5699; baseline -0.006 -15"><span class='ocrx_word' id='word_1_1109' title='bbox 2187 5636 2294 5698; x_wconf 82' lang='lat' dir='ltr'>(Ea:</span> <span class='ocrx_word' id='word_1_1110' title='bbox 2320 5635 2591 5696; x_wconf 86' lang='lat' dir='ltr'>August.).</span> <span class='ocrx_word' id='word_1_1111' title='bbox 2619 5633 2874 5685; x_wconf 89' lang='lat' dir='ltr'>latebant</span> <span class='ocrx_word' id='word_1_1112' title='bbox 2898 5632 2957 5682; x_wconf 92' lang='lat' dir='ltr'>in</span> <span class='ocrx_word' id='word_1_1113' title='bbox 2986 5629 3317 5694; x_wconf 85' lang='lat' dir='ltr'>Scripturis,</span> <span class='ocrx_word' id='word_1_1114' title='bbox 3342 5632 3401 5680; x_wconf 92' lang='lat' dir='ltr'>et</span> <span class='ocrx_word' id='word_1_1115' title='bbox 3424 5639 3557 5678; x_wconf 88' lang='lat' dir='ltr'>cum</span> <span class='ocrx_word' id='word_1_1116' title='bbox 3580 5626 3765 5699; x_wconf 47' lang='lat' dir='ltr'>omasi</span> 
     </span>
    </p>
   </div>
   <div class='ocr_carea' id='block_1_155' title="bbox 2185 5695 3762 5767">
    <p class='ocr_par' dir='ltr' id='par_1_155' title="bbox 2185 5695 3762 5767">
     <span class='ocr_line' id='line_1_156' title="bbox 2185 5695 3762 5767; baseline -0.014 -9"><span class='ocrx_word' id='word_1_1117' title='bbox 2185 5695 2383 5757; x_wconf 86' lang='lat' dir='ltr'>essent</span> <span class='ocrx_word' id='word_1_1118' title='bbox 2398 5695 2655 5757; x_wconf 63' lang='lat' dir='ltr'>haeretici</span> <span class='ocrx_word' id='word_1_1119' title='bbox 2668 5703 3071 5767; x_wconf 88' lang='lat' dir='ltr'>questionibus</span> <span class='ocrx_word' id='word_1_1120' title='bbox 3094 5701 3479 5766; x_wconf 81' lang='lat' dir='ltr'>agitaverunt</span> <span class='ocrx_word' id='word_1_1121' title='bbox 3492 5695 3762 5749; x_wconf 85' lang='lat' dir='ltr'>Ecclesiam</span> 
     </span>
    </p>
   </div>
   <div class='ocr_carea' id='block_1_156' title="bbox 2184 5770 3761 5841">
    <p class='ocr_par' dir='ltr' id='par_1_156' title="bbox 2184 5770 3761 5841">
     <span class='ocr_line' id='line_1_157' title="bbox 2184 5770 3761 5841; baseline -0.008 -13"><span class='ocrx_word' id='word_1_1122' title='bbox 2184 5778 2539 5841; x_wconf 83' lang='lat' dir='ltr'>Dei.Aperta</span> <span class='ocrx_word' id='word_1_1123' title='bbox 2563 5777 2699 5827; x_wconf 89' lang='lat' dir='ltr'>sunt</span> <span class='ocrx_word' id='word_1_1124' title='bbox 2721 5787 2854 5838; x_wconf 66' lang='lat' dir='ltr'>quas</span> <span class='ocrx_word' id='word_1_1125' title='bbox 2877 5774 3155 5836; x_wconf 84' lang='lat' dir='ltr'>latebant,</span> <span class='ocrx_word' id='word_1_1126' title='bbox 3180 5775 3243 5824; x_wconf 91' lang='lat' dir='ltr'>et</span> <span class='ocrx_word' id='word_1_1127' title='bbox 3263 5770 3563 5824; x_wconf 85' lang='lat' dir='ltr'>intellecta</span> <span class='ocrx_word' id='word_1_1128' title='bbox 3582 5770 3669 5841; x_wconf 54' lang='lat' dir='ltr'>est:</span> <span class='ocrx_word' id='word_1_1129' title='bbox 3681 5772 3761 5841; x_wconf 66' lang='lat' dir='ltr'>vt)-</span> 
     </span>
    </p>
   </div>
   <div class='ocr_carea' id='block_1_157' title="bbox 2184 5836 3759 5911">
    <p class='ocr_par' dir='ltr' id='par_1_157' title="bbox 2184 5836 3759 5911">
     <span class='ocr_line' id='line_1_158' title="bbox 2184 5836 3759 5911; baseline -0.007 -10"><span class='ocrx_word' id='word_1_1130' title='bbox 2184 5836 2394 5901; x_wconf 52' lang='lat' dir='ltr'>luntas&#39;</span> <span class='ocrx_word' id='word_1_1131' title='bbox 2427 5847 2554 5900; x_wconf 91' lang='lat' dir='ltr'>Dei.</span> <span class='ocrx_word' id='word_1_1132' title='bbox 2594 5836 2888 5911; x_wconf 80' lang='lat' dir='ltr'>Numquid</span> <span class='ocrx_word' id='word_1_1133' title='bbox 2931 5845 3087 5898; x_wconf 82' lang='lat' dir='ltr'>enim</span> <span class='ocrx_word' id='word_1_1134' title='bbox 3128 5844 3201 5896; x_wconf 90' lang='lat' dir='ltr'>de</span> <span class='ocrx_word' id='word_1_1135' title='bbox 3246 5843 3531 5897; x_wconf 85' lang='lat' dir='ltr'>Trinitate</span> <span class='ocrx_word' id='word_1_1136' title='bbox 3558 5836 3759 5907; x_wconf 70' lang='lat' dir='ltr'>perfecte</span> 
     </span>
    </p>
   </div>
  </div>
