3880 6222
42 506 377 553 .ractatum
398 504 507 562 est,
523 499 834 560 antequam
849 493 1198 546 obsisterent
1216 492 1445 544 Ariani?
1461 492 1577 543 Nec
1599 493 1661 539 de

52 586 171 637 psa
189 573 430 624 unitate
465 568 678 621 Christi
700 566 995 619 enucleate
1007 564 1169 637 dicta
1182 566 1487 637 erantquaa
1511 562 1664 637 dicta

41 633 209 702 sunt,
239 644 363 694 nisi
395 646 598 705 postea
621 651 796 703 quam
832 636 1114 701 separatio
1138 636 1232 686 illa
1266 648 1469 698 urgere
1493 633 1667 697 ccepit

50 718 243 767 ntirin
255 729 329 765 os
354 714 575 765 fratres.
604 711 818 761 Idcirco
842 708 919 759 illi
945 708 1043 770 qui
1074 710 1357 758 noverant
1374 707 1501 757 haec
1528 709 1668 755 trac-

41 799 164 837 ;are
193 791 387 848 atque
411 781 745 839 dissolvere,
771 792 843 830 ne
859 779 1109 842 perirent
1125 776 1355 848 intirmi,
1372 774 1668 848 sollicitati

42 846 511 921 quaestionibus,
539 851 843 921 impiorum
859 848 1222 921 sermonibus
1246 855 1304 921 et
1326 846 1666 921 disputatio-

41 916 238 979 nibus
255 916 404 987 suis,
431 925 676 975 obscura
702 920 846 984 legis
880 919 1244 970 deduxerunt
1265 918 1326 968 in
1350 916 1666 987 publicum.

41 1001 199 1062 Ergo
238 996 329 1047 illi
363 986 481 1047 divi
527 996 665 1045 sunt
687 992 760 1043 ab
792 991 875 1041 ira
903 990 1102 1062 vultus
1126 988 1292 1062 ejus;
1323 993 1380 1038 et
1402 986 1570 1062 nobis
1595 987 1666 1062 ad

41 1058 504 1133 intélligendum
546 1060 1026 1128 appropinquavit
1080 1071 1177 1110 cor
1219 1058 1393 1133 illius.
1438 1058 1672 1133 Oportet

41 1128 275 1203 (inquit
296 1134 627 1202 Apostolus)
657 1134 911 1203 hmreses
932 1143 1080 1203 esse,
1097 1133 1161 1203 ut
1174 1128 1398 1203 probati
1415 1129 1669 1176 manifesti

41 1199 195 1262 liarit
245 1199 405 1260 inter
435 1220 542 1258 vos
582 1205 646 1268 (1.
691 1205 811 1254 Car.
848 1201 973 1263 11.).
1013 1199 1207 1249 Molliti
1246 1204 1372 1247 sunt
1401 1213 1670 1247 sermones

41 1298 163 1345 ejus
189 1296 368 1343 super
390 1280 587 1339 oleum,
605 1280 649 1325 et
675 1275 780 1338 ipsi
799 1271 1143 1336 suntjacula.
1162 1270 1441 1345 Quasdam
1452 1270 1604 1319 enim
1618 1271 1670 1316 in

46 1338 383 1415 Scripturis
413 1350 555 1399 dura
576 1338 923 1397 videbantur
947 1357 960 1393 :
983 1342 1246 1415 exposita
1271 1338 1668 1415 emollitasunt.

49 1426 123 1473 Et
164 1410 220 1488 2
233 1419 355 1488 73
383 1421 529 1471 bene
544 1414 925 1488 superoleumL
927 1412 1062 1488 quia
1077 1412 1269 1462 oleum
1281 1410 1436 1488 fovet
1451 1425 1670 1488 carnem,

48 1478 350 1545 suaVitas
373 1502 507 1542 vero
534 1478 864 1539 sermonum
893 1483 997 1534 Dei
1025 1484 1179 1534 fovet
1203 1483 1456 1531 animam
1481 1480 1547 1528 Et
1568 1478 1674 1542 ipsi

46 1571 183 1614 sunt
203 1562 425 1628 jacula.
445 1554 994 1628 Armaveruntenim
1014 1553 1117 1616 (Ea:
1139 1552 1386 1628 August.)
1408 1549 1675 1628 praedica-

50 1623 235 1686 tores.
289 1635 364 1684 Et
391 1632 502 1695 ipsi
541 1639 835 1680 sermones
867 1624 1195 1688 diriguntur
1227 1623 1287 1673 in
1320 1624 1551 1685 pectora
1571 1633 1675 1695 au:

51 1706 354 1758 clientium
377 1692 448 1753 ab
464 1698 819 1752 instantibus
831 1699 1149 1759 opportune
1165 1694 1513 1756 importune.
1535 1692 1671 1748 Quod

54 1788 372 1829 sermones
416 1772 516 1824 Dei
561 1774 698 1822 sunt
724 1767 939 1831 jacula,
970 1769 1213 1816 testatur
1237 1764 1548 1828 Apostolus
1573 1762 1672 1813 ubi

1064 382 1139 432 IN
1172 378 1499 432 PSALMOS
1531 376 1739 429 LXXV
1768 374 2355 427 COMMENTARIUS.

3256 382 3365 437 866

1760 484 2358 555 alienigenarumm‘tique
2376 490 2548 555 populi
2560 490 2706 555 longe
2718 505 2746 537 a
2760 493 3091 553 sanctis,Geth
3118 494 3169 541 in
3180 500 3362 555 terpre-

1763 558 1892 598 tatur
1905 549 2155 617 torcular.
2167 550 2391 617 Fugitad
2404 551 2547 597 istam
2563 553 2813 617 civitatem
2827 549 2998 617 David,
3013 557 3096 603 sed
3110 557 3181 602 ibi
3202 549 3363 604 reten-

1764 622 1867 662 tum
1886 628 1991 660 esse
1998 615 2141 671 juxta
2166 613 2426 675 historiam
2450 626 2547 658 non
2570 614 2797 673 legimus.
2817 617 2943 675 Ergo
2962 613 3115 663 David
3137 625 3362 667 noStrum

1762 680 1929 723 Jesum
1948 677 2194 723 Christum
2212 688 2313 738 non
2336 674 2499 720 Solum
2514 680 2800 738 tenuerunt,
2812 680 2898 723 sed
2912 680 3078 725 adhuc
3100 686 3267 727 tenent
3283 683 3367 729 Al-

1766 740 1980 798 lophyli,
1999 739 2049 783 id
2077 743 2150 783 est
2177 737 2494 796 alienigenae,
2523 738 2575 799 in
2601 739 2740 796 Geth,
2760 737 2809 784 id
2836 745 2925 797 est,
2948 741 3000 785 in
3023 744 3276 799 torculari,
3295 744 3367 789 vi-

1765 803 1943 847 delicet
1972 802 2024 846 in
2049 812 2284 858 pressura
2311 799 2464 855 hujus
2485 798 2616 846 vitm.
2641 800 2838 847 Materia
2861 807 2934 847 est
2949 803 3177 850 Christus
3199 810 3246 851 et
3266 798 3365 851 Ec-

1765 865 1934 910 clesia.
1962 864 2017 908 Et
2041 863 2148 920 ipsa
2169 861 2393 919 loquitur
2421 862 2483 907 de
2505 874 2575 907 so.
2602 862 2657 906 In
2682 863 2845 918 prima
2868 870 3003 921 parte
3024 868 3145 923 petit
3164 867 3367 913 liberari

1766 941 1795 971 a
1818 924 2131 972 dmmonibus
2168 929 2214 969 et
2238 937 2268 969 a
2293 923 2531 968 membris
2561 923 2686 977 suis,
2713 936 2900 980 ponens
2924 925 2976 970 in
3006 928 3099 972 Deo
3131 930 3365 975 fiduciam

1767 1002 1874 1034 sum
1904 987 2236 1034 liberatiouis.
2270 986 2327 1032 In
2351 984 2589 1037 secunda,
2614 997 2727 1042 qua:
2755 984 2933 1043 incipit
2958 987 3044 1031 ubi
3068 988 3189 1035 dicit
3214 1008 3224 1035 :
3253 993 3369 1036 Tota

1767 1050 1849 1096 die
1893 1050 2043 1104 verba
2078 1062 2203 1103 mea,
2245 1051 2357 1105 etc.,
2395 1051 2656 1093 enumerat
2692 1047 2781 1092 illa
2813 1047 2945 1092 mala
2984 1062 3096 1106 quas
3121 1051 3217 1096 sibi
3252 1053 3369 1097 facit

1769 1112 1987 1170 populus
2012 1111 2117 1157 ille.
2151 1112 2207 1157 In
2242 1109 2401 1166 tertia,
2427 1123 2541 1168 quas
2566 1108 2761 1168 incipit,
2794 1109 2880 1154 ubi
2906 1109 3044 1168 dicit,
3070 1113 3123 1156 In
3151 1125 3229 1157 me
3253 1117 3371 1158 sunt

1770 1177 1899 1220 Deus
1924 1179 2034 1218 vota
2062 1178 2162 1232 tua,
2187 1172 2307 1217 dicit
2328 1171 2448 1217 sein
2473 1175 2715 1217 aeternum
2740 1171 3058 1217 laudaturum
3084 1174 3257 1221 Deum.
3293 1177 3372 1222 ln-

1771 1238 1924 1282 tentio
1957 1241 2050 1294 est,
2087 1247 2176 1280 nos
2211 1234 2498 1294 admonere,
2532 1237 2587 1278 ut
2618 1246 2729 1279 cum
2768 1234 3008 1291 patientia
3032 1236 3373 1281 sustineamus

1770 1299 1901 1344 mala
1921 1299 2073 1354 hujus
2096 1296 2229 1354 vitas,
2265 1296 2571 1342 attendentes
2596 1295 2745 1341 etiam
2779 1296 2913 1357 illos,
2931 1296 3021 1354 qui
3067 1297 3213 1343 nobis
3242 1297 3373 1344 mala

1770 1360 1995 1406 inferunt
2015 1359 2073 1405 ad
2105 1373 2196 1405 nos
2230 1358 2471 1407 converti.
2498 1358 2555 1403 Et
2587 1358 2701 1404 licet
2727 1358 2780 1403 in
2807 1359 2904 1403 Deo
2920 1358 3134 1404 confidat
3154 1360 3375 1406 Ecclesia

1770 1423 1832 1468 de
1856 1436 1948 1468 sua
1977 1421 2289 1480 liberatione,
2333 1424 2499 1467 tamen
2542 1433 2684 1467 suam
2721 1421 2983 1467 attondens
3010 1421 3370 1480 infirmitatem,

1772 1486 1845 1530 sic
1870 1483 2049 1542 incipit
2073 1496 2230 1529 orare.

2289 1583 2688 1648 PSALMUS
2731 1584 2869 1648 LV.

1838 1717 1889 1771 2.
1914 1718 2160 1767 Miserere
2182 1717 2288 1765 mei
2299 1717 2455 1767 Deus.
2474 1718 2692 1767 Praesta
2714 1715 2994 1767 auxilium
3010 1716 3082 1769 de
3095 1717 3375 1770 malorum

1776 1790 2189 1853 persecutione.
2215 1790 2284 1839 Et
2306 1799 2545 1838 necesse
2568 1791 2659 1837 est
2694 1806 2705 1835 :
2741 1787 3013 1845 Quoniam
3042 1789 3372 1838 conculcavit

56 1854 137 1899 ait
166 1864 178 1899 :
205 1849 415 1929 sermo
456 1845 558 1929 D9}
579 1842 867 1929 jjjﬂlsff
899 1836 1121 1929 θξῖξξῆξν
1696 1856 1751 1929 Β
1884 1861 2060 1910 homo.
2085 1859 2430 1911 Etdiabolus
2445 1858 2507 1908 in
2522 1832 2832 1919 Evangelia
2850 1863 3089 1909 vocatus
3101 1862 3374 1925 esthomo,

59 1919 221 1970 omni
252 1916 448 1982 gladio
490 1911 740 1975 ancipiti,
779 1914 887 1982 etc.
943 1906 1484 1982 ([1eb_r._!i_.)._Sed__tu
1531 1904 1673 1955 forte

59 1975 336 2042 nonduwm
361 1988 604 2038 idoneus
636 1995 718 2038 es.
748 1980 845 2044 qui
871 1979 1112 2031 armeris
1134 1975 1465 2039 hisjaculis.

127 2061 217 2116 ‘23.
244 2061 581 2121 Jactasuper
604 2054 903 2104 Dominum
932 2066 1125 2121 curant
1149 2055 1318 2098 luam.
1347 2048 1410 2098 Id
1430 2049 1534 2121 _est
1556 2058 1680 2097 0m-

71 2134 169 2184 nia
192 2133 271 2182 ab
311 2132 438 2195 ipso
470 2117 728 2191 expecta.
764 2128 821 2175 et
852 2136 886 2174 a
914 2126 967 2173 te
989 2120 1150 2195 nihil.
1187 2122 1409 2195 Curam.
1424 2117 1680 2195 hominis

70 2188 356 2256 Salomon
387 2188 640 2251 vermem
664 2195 818 2251 dicit,
844 2204 959 2257 qua
992 2192 1167 2243 homo
1191 2189 1509 2241 corroditur
1533 2188 1684 2238 sicut

73 2287 309 2339 pannus
335 2284 371 2324 a
399 2271 552 2323 tinea
573 2269 750 2332 (Prov.
778 2264 906 2329 ‘26.).
935 2265 1145 2339 Curam
1167 2274 1301 2324 ergo
1327 2266 1489 2339 tuam
1510 2271 1683 2339 super

75 2331 393 2396 Dominum
412 2331 589 2407 jacta.
611 2343 629 2390 l
638 2351 807 2403 psum
823 2337 1028 2399 cogita,
1042 2339 1328 2407 quatenus
1342 2331 1495 2407 apud
1508 2336 1564 2382 te
1576 2346 1683 2407 ma-

73 2430 213 2469 neas
258 2401 590 2477 trnquillus.
626 2401 693 2459 Et
728 2410 836 2470 ipse
860 2414 903 2455 te
926 2407 1174 2470 enutriel,
1189 2406 1259 2477 in
1282 2404 1403 2477 fidem
1430 2407 1488 2477 et
1511 2401 1685 2477 morie

74 2491 204 2547 bus,
239 2487 299 2538 in
325 2474 603 2543 doctrina,
635 2486 691 2533 et
720 2479 1054 2532 virtutibus.
1088 2480 1157 2528 Et
1188 2475 1320 2527 licet
1351 2475 1445 2526 hic
1474 2474 1686 2547 habeat

77 2544 249 2610 modo
267 2558 664 2610 tentationem.
676 2564 791 2604 non
807 2552 963 2601 dabit
984 2550 1041 2599 in
1063 2556 1347 2600 aeternum
1364 2544 1688 2596 fluctuatio-

79 2645 211 2682 nem
244 2631 430 2693 justo,
474 2628 529 2677 id
556 2630 661 2689 est,
686 2623 1148 2693 commotionem,
1178 2621 1265 2693 vel
1293 2617 1685 2693 conturbatio-

81 2715 214 2753 nem
238 2687 263 2749 τ’
290 2699 398 2751 sed
425 2687 684 2761 quietum
710 2707 842 2745 eum
870 2692 1039 2743 faciet
1071 2692 1132 2743 in
1160 2692 1279 2742 vita
1302 2692 1538 2761 aeterna.
1562 2687 1686 2761 Non

83 2772 230 2821 dabit
277 2771 345 2820 in
398 2756 657 2818 eiernum
689 2766 1058 2829 [luctationem
1093 2763 1256 2826 justo.
1299 2760 1440 2821 Quia
1459 2764 1514 2809 et
1540 2757 1590 2809 si
1612 2756 1685 2808 ad

89 2849 319 2907 tempus
348 2843 717 2902 ﬂuctuamus,
745 2840 800 2888 et
825 2840 1136 2897 tentamur,
1169 2838 1226 2885 et
1246 2831 1570 2907 afﬂigimur,
1587 2842 1691 2907 au-

86 2902 321 2966 choram
336 2918 595 2964 nostram
607 2911 666 2960 in
686 2907 826 2960 caelo
838 2908 1016 2958 ﬁxam
1032 2906 1332 2956 habemus.
1345 2905 1375 2953 J
1383 2907 1513 2954 usto
1536 2902 1689 2961 igitur

90 2986 527 3038 ﬂuctuationem
549 2983 608 3032 in
626 2985 908 3033 aeternum
934 2991 1049 3029 non
1073 2974 1397 3038 dabit,quia
1420 2978 1550 3037 post
1569 2977 1691 3022 ten-

93 3058 372 3108 tationem
400 3056 700 3115 ﬂuctuum,
737 3055 963 3115 portum
988 3048 1196 3111 quietis
1225 3048 1283 3097 in
1309 3040 1692 3115 asternumilli

96 3127 454 3193 praeparabit.
493 3125 631 3186 Quis
669 3114 756 3173 est
791 3121 885 3172 ille
916 3122 1160 3193 portus?
1184 3118 1384 3193 Venite
1407 3114 1693 3167 benedicti

98 3189 276 3251 Patris
295 3198 433 3258 mei,
458 3195 728 3261 percipite
750 3205 992 3256 regnum
1004 3190 1161 3254 quod
1176 3189 1344 3241 vobis
1362 3194 1692 3250 praeparatum

97 3274 183 3322 est
205 3271 278 3321 ab
317 3270 537 3333 origine
566 3266 768 3318 mundi
792 3264 1000 3328 (Matth.
1026 3261 1154 3324 25.).

156 3341 244 3396 24.
279 3342 321 3390 Τ
320 3354 359 3388 α
384 3329 522 3398 υἱνο,
547 3339 705 3401 Deus,
740 3335 958 3384 deduces
992 3348 1076 3382 eos
1098 3334 1159 3381 in
1176 3337 1394 3396 puteum
1419 3329 1685 3379 interitus.

101 3413 258 3465 Unde
274 3412 538 3463 dicturus
555 3414 668 3461 est:
690 3411 771 3459 Ite
787 3404 1098 3467 maledicti,
1118 3405 1178 3454 in
1195 3403 1390 3466 ignem
1406 3407 1691 3453 aeternum

103 3485 287 3547 (Ibid).
318 3485 559 3533 Puteum
586 3480 723 3531 dicit
747 3479 1045 3539 Infernum,
1073 3480 1304 3547 propter
1330 3473 1690 3537 profundita-

102 3545 215 3606 tem
230 3545 287 3606 et
308 3553 739 3604 obscuritatem.
769 3550 884 3600 Iste
910 3547 1069 3598 locus
1098 3545 1313 3608 iniquis
1336 3548 1692 3608 praeparatus

103 3631 204 3687 est,
229 3628 295 3677 ut
318 3626 379 3676 in
402 3636 488 3687 eo,
517 3628 790 3685 tanquam
814 3621 873 3670 in
902 3617 1186 3683 profundo
1212 3618 1382 3679 puteo
1407 3616 1614 3668 cadant
1637 3619 1695 3667 et

103 3696 403 3749 intereant.
438 3694 694 3746 Deducet
732 3695 883 3743 Deus
915 3691 977 3741 in
1008 3694 1249 3754 puteum
1271 3687 1554 3747 interitus,
1578 3700 1695 3739 non

107 3769 256 3832 quod
291 3769 417 3833 ipse
455 3771 530 3816 snt
566 3770 765 3816 auctor
796 3761 979 3825 culpa:
1012 3758 1373 3833 eorum,_sed
1398 3758 1551 3821 quod
1574 3758 1696 3833 ipse

103 3840 275 3903 judex
298 3831 618 3901 iniquitatis
639 3847 854 3886 eorum.
882 3836 1061 3894 Quam
1078 3831 1439 3903 iniquitatem
1458 3832 1695 3889 ostendit,

110 3902 233 3961 eum
249 3909 570 3973 subjungit,
603 3906 715 3955 Viri
726 3904 1082 3968 sanguinum,
1102 3902 1165 3953 Id
1181 3906 1285 3965 est,
1301 3906 1696 3973 persecutores

110 3986 164 4032 et
183 3972 483 4045 sanguinis
502 3979 779 4029 efi‘usores
804 3990 817 4023 :
854 3974 921 4023 Et
945 3974 1131 4029 dolosi,
1159 3973 1257 4036 qui
1274 3986 1373 4037 per
1389 3972 1700 4045 simulatio-

110 4064 237 4102 nem
274 4044 336 4104 et
374 4050 631 4102 fraudem
657 4048 918 4099 incautas
956 4044 1250 4108 decipiunt
1275 4044 1503 4094 animas
1530 4061 1539 4092 :
1571 4044 1699 4093 Non

112 4122 476 4172 dimidiabunt
509 4121 622 4169 dies
657 4134 798 4179 suos,
836 4121 899 4169 ut
926 4119 1288 4169 revertantur
1318 4114 1391 4165 ad
1419 4115 1701 4178 paeniten-

112 4194 248 4244 tiam
283 4210 296 4245 :
340 4192 440 4243 sed
491 4190 913 4243 continuabunt
958 4200 1057 4238 eos
1094 4187 1151 4237 in
1172 4185 1409 4250 malitia,
1435 4198 1621 4249 usque
1642 4198 1701 4236 1n

115 4265 435 4317 tinem.Non
450 4263 519 4315 de
535 4262 803 4315 omnibus
819 4258 1255 4321 intelligendum
1267 4262 1372 4308 est.
1394 4256 1552 4308 Multi
1564 4260 1698 4305 enim

114 4341 242 4399 post
264 4336 604 4389 eii‘usionem
630 4332 933 4397 sanguinis
966 4334 1025 4382 et
1047 4328 1410 4399 dolositatem
1438 4327 1705 4379 conversi

118 4398 252 4459 sunt
271 4409 345 4459 ad
368 4406 763 4472 paenitentiam
775 4402 1107 4456 etsalutem.
1127 4400 1235 4451 Sed
1245 4400 1315 4451 de
1330 4398 1442 4450 illis
1457 4403 1702 4472 tantum,

120 4479 211 4540 qui
242 4470 414 4531 divisi
451 4482 590 4529 sunt
614 4478 686 4528 ab
719 4476 803 4527 ira
830 4473 1025 4527 vultus
1050 4473 1199 4536 ejus.
1225 4472 1414 4522 Sancti
1447 4470 1557 4521 viri
1582 4470 1705 4522 dies

119 4561 253 4600 suos
277 4549 594 4611 dimidiant,
629 4547 764 4611 quia
787 4546 941 4611 quod
964 4546 1026 4595 in
1050 4543 1276 4595 caeteris
1300 4541 1504 4594 diebus
1529 4540 1711 4593 delin-

119 4626 314 4682 quunt,
337 4621 396 4672 in
419 4620 798 4684 quadraginta
819 4617 1065 4680 aliisque
1089 4612 1582 4679 pmnitentialibus
1599 4613 1708 4664 die-

122 4691 224 4742 bus
241 4692 315 4757 jej
326 4692 473 4743 uniis
490 4697 546 4744 et
569 4689 926 4743 orationibus
952 4687 1303 4757 persolvunt.
1330 4685 1462 4737 Sive
1475 4686 1707 4748 quiaalii

122 4761 177 4811 in
204 4756 461 4826 pueritia,
494 4762 590 4814 alii
623 4763 684 4814 in
715 4760 1120 4819 adolescentia,
1140 4756 1234 4809 alii
1258 4769 1393 4809 vero
1425 4758 1486 4807 in
1511 4769 1711 4808 senec-

122 4836 240 4885 tute
263 4835 334 4886 ad
358 4836 541 4886 Deum
557 4835 985 4885 convertuntur.
1001 4832 1170 4881 Recte
1181 4841 1317 4893 ergo
1330 4828 1457 4891 subj
1468 4833 1706 4880 unctum

124 4908 217 4955 est
232 4920 244 4956 :
291 4906 405 4970 Ego
442 4911 622 4955 autem
667 4903 887 4969 sperabo
926 4903 986 4951 in
1012 4906 1072 4965 te,
1098 4902 1256 4951 Deus.
1281 4899 1344 4951 Id
1369 4904 1474 4959 est,
1503 4913 1620 4951 non
1646 4900 1708 4952 in

127 4976 507 5097 mandoénon
550 4977 607 5028 in
641 4973 871 5028 homine
905 4986 1069 5038 spem
1102 4984 1291 5024 meam
1316 4972 1705 5023 constituam:

127 5058 184 5097 se
245 5060 305 5097 1n
388 5087 399 5097 .
1367 5055 1374 5061 '

126 5048 223 5097 sed
245 5048 305 5100 in
326 5052 399 5100 te.
1367 5055 1374 5061 '

448 5162 812 5228 TITULUS
859 5159 1184 5226 PSALMI
1231 5159 1368 5226 LV.

186 5300 230 5359 ‘lg.
264 5301 457 5349 Titulus
487 5300 742 5359 sequentis
764 5298 945 5357 psalmi
979 5296 1090 5343 talis
1112 5301 1187 5359 est
1210 5311 1220 5342 :
1248 5294 1499 5359 Ini/linem
1512 5310 1616 5359 pro
1623 5310 1711 5359 po-

127 5358 417 5430 pu_lo_,.quia
439 5356 639 5430 sanctis
664 5356 815 5421 longe
831 5359 1008 5430 [actus
1030 5362 1119 5430 est,
1151 5356 1414 5430 Dauidin
1598 5356 1713 5430 ins-

130 5419 535 5487 criptione,cum
560 5419 845 5487 tenuerunt
861 5434 992 5487 eum
1006 5419 1266 5487 AllOpltyi
1288 5419 1501 5487 inﬂet];
1518 5420 1709 5487 (2.Reg.

132 5479 179 5549 1,
204 5479 248 5549 et
272 5479 399 5549 2L);
416 5487 641 5549 Psalmus
656 5486 748 5549 iste
763 5479 1712 5549 attribuiturDa'vid,scilicetEcclesiaa,

134 5543 426 5615 dirigens'in
452 5550 604 5615 ﬁnem
630 5547 874 5615 Psalmus,
899 5546 1031 5615 dico,
1057 5545 1258 5615 habitus
1277 5557 1376 5606 pro
1388 5543 1608 5615 populo,
1625 5543 1716 5615 sci-

137 5605 259 5667 licet,
298 5616 353 5657 ut
384 5613 492 5669 ipse
530 5610 767 5655 liberetur
802 5623 831 5654 a
861 5605 1060 5667 populo,
1092 5608 1181 5666 qui
1227 5605 1374 5664 longe
1411 5605 1570 5653 factus
1592 5608 1712 5653 esta

136 5672 395 5727 sant-tis,in
415 5669 560 5718 tituli
577 5669 1207 5730 inscriptione:quiacum
1221 5669 1718 5716 sancticonﬂteantur

116 5729 378 5781 .Christum
404 5746 569 5792 regem
593 5729 896 5795 Judamrum,
913 5731 1043 5778 sicut
1061 5732 1252 5795 tutulus
1269 5732 1387 5795 dicit
1414 5730 1717 5795 (Joan.i9.),

135 5797 343 5852 populus
361 5798 456 5844 iste
468 5794 778 5851 contradicit,
791 5796 897 5841 sive
913 5795 1079 5855 dictis,
1099 5794 1323 5840 utJudasi
1341 5797 1387 5839 et
1408 5794 1719 5853 pagani,sive

136 5860 285 5925 factls,
322 5873 378 5914 ut
419 5865 543 5913 mali
587 5865 891 5913 Christiani:
937 5877 1061 5911 cum
1090 5867 1374 5913 tenuerunt
1396 5878 1517 5911 eum

134 5931 411 6001 Allophyli
434 5936 493 5984 in
525 5934 672 5985 Geth.
699 5936 821 5984 Geth
838 5936 1014 5984 civitas
1030 5936 1550 5997 eratAllophylorum,
1563 5936 1615 5984 id
1627 5942 1720 5999 est,

1777 1932 1875 1983 ubi
1909 1931 1979 1982 de
2025 1931 2257 1982 zizaniis
2295 1930 2501 1980 dicitur
2539 1943 2552 1979 :
2587 1929 2860 1979 Inimicus
2896 1929 3072 1981 homo
3100 1930 3208 1981 hoc
3244 1931 3378 1982 fecit

1775 2002 1988 2062 (Matth.
2028 1999 2153 2062 13.).
2198 2001 2312 2050 Iste
2344 1998 2613 2049 inimicus
2646 1998 2836 2057 homo,
2875 2002 2932 2049 et
2968 2012 3067 2062 per
3100 2013 3162 2051 se
3198 2002 3255 2051 et
3278 2013 3378 2064 per

1778 2073 2035 2124 membra
2064 2084 2183 2123 non
2212 2074 2403 2121 cessat
2428 2069 2709 2133 persequi,
2747 2073 2804 2120 et
2828 2071 3150 2134 opprimere
3176 2083 3376 2122 servos

1780 2144 1900 2195 Dei.
1927 2144 2068 2193 Cum
2108 2142 2349 2205 coeperis
2386 2141 2446 2190 in
2469 2141 2692 2191 Christo
2716 2140 2805 2204 pie
2829 2141 3041 2203 vivere,
3077 2143 3376 2206 ingressus

1780 2228 1843 2266 es
1880 2212 2145 2265 torcular.
2180 2215 2441 2275 Prmpara
2472 2213 2525 2261 te
2548 2210 2620 2261 ad
2655 2223 2970 2273 pressuras.
3004 2212 3129 2262 Noli
3156 2213 3374 2275 timere,

1782 2286 1918 2349 quia
1940 2291 1996 2336 te
2022 2282 2321 2335 conculcat
2346 2282 2535 2332 homo.
2564 2282 2689 2332 Uva
2711 2281 2897 2332 factus
2929 2295 3011 2340 es,
3037 2287 3102 2333 ut
3122 2283 3377 2335 calceris.

1785 2359 1850 2408 In
1872 2355 2142 2408 torculari
2166 2354 2460 2404 fructuosa
2486 2364 2753 2416 pressura
2774 2358 2880 2403 est.
2896 2354 3217 2406 Uvainvite
3241 2370 3381 2415 pres-

1785 2440 1980 2479 suram
2010 2440 2129 2478 non
2165 2426 2359 2477 sentit.
2396 2426 2621 2487 Integra
2653 2423 2899 2487 videtur,
2938 2424 3040 2476 sed
3079 2425 3220 2476 nihil
3245 2426 3377 2478 inde

1785 2503 1999 2550 manat.
2047 2497 2291 2548 Mittitur
2335 2497 2397 2546 in
2433 2494 2700 2546 torculari
2736 2512 2747 2543 :
2783 2495 3053 2558 calcatur,
3078 2496 3379 2559 premitur:

1785 2571 1996 2634 injuria
2028 2568 2252 2620 videtur
2295 2566 2417 2617 fieri
2461 2578 2595 2617 uvae
2622 2580 2635 2616 :
2663 2565 2765 2616 sed
2798 2565 2911 2616 ista
2938 2566 3145 2628 injuria
3177 2567 3386 2618 sterilis

1786 2654 1901 2693 non
1939 2643 2043 2702 est,
2067 2640 2183 2689 imo
2219 2638 2268 2688 si
2290 2637 2449 2687 nulla
2471 2635 2683 2698 injuria
2706 2636 2885 2698 ﬁeret,
2908 2636 3117 2688 sterilis
3128 2650 3386 2689 remane—

1786 2716 1888 2764 ret.
1904 2710 2288 2762 Attendamus
2303 2720 2437 2771 ergo
2451 2707 2599 2758 duos
2612 2706 2830 2768 hostes,
2847 2720 3022 2770 quem
3036 2708 3319 2770 videmus,
3338 2717 3386 2757 et

1789 2795 1959 2847 quem
1995 2793 2110 2832 non
2142 2779 2427 2839 videmus,
2451 2777 2748 2828 hominem
2780 2782 2840 2829 et
2872 2777 3183 2829 diabolum.
3216 2779 3385 2830 Illum

1791 2854 2117 2917 diligamus,
2166 2850 2347 2901 istum
2393 2860 2721 2900 caveamus.
2751 2849 2856 2899 Pro
2876 2848 3109 2900 homine
3135 2862 3382 2913 oremus,

1790 2931 1990 2978 contra
2012 2921 2305 2975 diabolum
2328 2933 2580 2983 oremus,
2605 2922 2662 2971 et
2678 2919 2939 2970 dicamus
2963 2921 3105 2971 Deo:
3139 2922 3386 2971 Miserere

1789 2998 1895 3048 mei
1917 2998 2071 3056 Deus,
2096 2994 2363 3059 quoniam
2395 2990 2729 3042 conculcaoit
2751 3006 2835 3039 me
2855 2991 3033 3039 homo.
3055 2991 3182 3040 Tota
3205 2993 3306 3052 die,
3326 2993 3384 3044 id

1793 3074 1899 3132 est,
1924 3067 2156 3118 assidue
2182 3064 2516 3128 impugnans
2528 3062 2719 3114 verbis
2736 3066 2793 3113 et
2804 3062 3275 3126 suggestionibus
3289 3065 3387 3112 tri-

1794 3140 1995 3191 bulavit
2016 3152 2118 3201 me,
2141 3135 2463 3187 manifestis
2472 3133 3024 3197 impugnationibus.
3041 3135 3249 3186 Contra
3266 3138 3388 3186 tales

1793 3215 1905 3265 iste
1937 3209 2199 3275 psalmus
2229 3207 2532 3258 confirmat
2566 3218 2698 3256 nos.
2740 3206 2984 3256 Necesse
3009 3210 3100 3257 est
3121 3207 3292 3272 enim,
3323 3214 3391 3261 ut

1723 3270 1772 3345 C
1800 3270 2246 3346 tales—patiamur
2265 3290 2452 3341 usque
2473 3278 2533 3327 in
2554 3277 2749 3340 ﬁnem,
2768 3287 2913 3339 quos
2933 3288 3051 3327 non
3066 3270 3390 3346 pateremur

1790 3359 1900 3414 nisi
1926 3354 2094 3404 nobis
2117 3350 2425 3415 expediret.
2440 3349 2641 3400 Omnis
2663 3361 2914 3412 namque
2933 3349 3171 3401 tentatio
3183 3353 3390 3414 proba-

1794 3434 1873 3485 tio
1895 3431 2010 3480 est:
2026 3426 2083 3475 et
2104 3435 2293 3474 omnis
2318 3420 2666 3484 probationis
2680 3421 2921 3472 effectus
2948 3421 3122 3473 habet
3135 3421 3388 3474 fructum

1793 3513 1982 3556 suum.
2003 3498 2071 3547 Et
2088 3492 2338 3545 ostendit
2358 3504 2458 3555 per
2477 3503 2620 3554 quos
2632 3491 2767 3542 facit
2780 3492 3042 3543 diabolus
3056 3493 3155 3557 huj
3164 3494 3392 3547 usmodl

1791 3567 2287 3638 impugnationem
2311 3563 2600 3638 Ecclesia},
2626 3575 2762 3638 cum
2786 3561 2914 3638 subj
2924 3565 3118 3638 ungi};

1856 3634 1906 3699 ὅ.
1937 3636 2338 3693 Concutuarunt
2376 3649 2459 3683 me
2490 3634 2706 3683 inimici
2750 3636 2856 3684 mei
2892 3641 3000 3684 tota
3025 3636 3127 3688 die.
3157 3637 3246 3688 Ad
3271 3650 3397 3689 mo-

1795 3716 1937 3768 dum
1960 3724 2112 3775 uvae,
2144 3720 2275 3773 quae
2290 3708 2568 3771 primetur
2591 3706 2650 3757 in
2675 3707 2959 3773 torculari,
2985 3713 3397 3772 oppresserunt

1796 3801 1887 3840 me
1910 3784 2172 3837 membra
2192 3778 2403 3830 diaboli
2427 3794 2445 3827 :
2475 3782 2533 3829 et
2554 3782 2867 3843 potuerunt
2887 3779 3091 3844 facere,
3118 3782 3391 3839 Quoniam

1800 3858 1955 3908 mulli
1984 3854 2229 3904 bellantes
2258 3850 2547 3901 adversum
2574 3865 2671 3899 me.
2690 3850 2849 3912 Quod
2874 3851 3153 3915 praemisit
3169 3852 3240 3903 de
3261 3865 3394 3915 uno,

1796 3942 1950 3982 nunc
1993 3926 2129 3977 dicit
2164 3923 2236 3974 de
2258 3922 2520 3986 pluribus
2549 3939 2559 3969 :
2589 3922 2724 3984 quia
2742 3922 2998 3974 omnium
3026 3924 3398 3987 reproborum

1798 4004 1971 4065 caput
1994 4003 2084 4049 est
2106 3994 2389 4055 diabolus,
2415 3992 2512 4065 qui
2538 3992 2709 4043 modo
2724 4005 2820 4065 per
2840 4006 2918 4065 se,
2941 3994 3113 4065 modo
3125 4007 3225 4058 per
3239 4010 3400 4042 mem-

1798 4063 1901 4125 bra
1924 4082 2032 4121 sua
2054 4065 2349 4119 conculcat
2373 4068 2429 4113 et
2450 4063 2752 4125 impugnat
2767 4063 2974 4114 Christi
2997 4077 3223 4127 corpus,
3252 4066 3404 4116 sicut

1800 4146 1958 4211 prius
1985 4139 2117 4191 fecit
2138 4140 2196 4187 et
2228 4137 2416 4211 caput.
2450 4132 2558 4185 Sed
2590 4134 2737 4184 inter
2761 4133 3006 4185 adversa
3042 4136 3222 4198 fortis,
3261 4135 3400 4198 quid

1802 4205 2136 4278 subjungat,
2169 4205 2498 4278 audiamus.

1862 4274 2014 4336 AIAb
2045 4277 2333 4329 altitudine
2364 4275 2489 4334 diei,
2516 4274 2575 4325 id
2612 4279 2719 4338 est,
2745 4288 2780 4325 a
2813 4275 3082 4337 superbia
3103 4275 3401 4338 temporali

1803 4354 2027 4408 timebo?
2062 4348 2231 4403 Absit
2261 4364 2272 4395 ε
2312 4346 2401 4398 vel
2426 4347 2638 4397 timebo
2662 4347 2734 4396 ab
2758 4346 3075 4407 altitudine,
3102 4346 3160 4396 id
3185 4350 3274 4396 est
3297 4358 3399 4409 po-

1805 4427 1998 4482 tentia.
2025 4433 2159 4486 qua:
2184 4417 2417 4481 quidem
2443 4416 2695 4467 timenda
2708 4428 2826 4467 non
2854 4421 2958 4477 est,
2987 4416 3123 4478 quia
3154 4415 3266 4467 diei
3292 4421 3398 4473 est,

1808 4502 1868 4554 id
1902 4502 2010 4560 est,
2045 4494 2116 4545 ad
2144 4498 2369 4552 tempus
2391 4500 2683 4560 conc_es_sa.
2710 4488 2873 4560 Hanc
2897 4499 3015 4537 non
3040 4486 3273 4546 timebo,
3300 4487 3400 4538 sed

1811 4556 2007 4640 potius
2031 4576 2193 4640 spem
2215 4573 2404 4640 meam
2448 4556 2620 4626 275
2648 4559 2999 4640 constituam
3024 4561 3094 4640 in“
3108 4565 3180 4611 te.
3209 4563 3276 4611 Et
3297 4563 3407 4612 hoc

1735 4639 1789 4711 Ι)
1814 4631 1901 4700 est
1927 4638 2078 4707 quod
2104 4633 2328 4711 subdit:
2358 4632 2471 4711 ligo
2497 4646 2625 4711 vero
2643 4631 2703 4679 in
2721 4636 2767 4711 te
2794 4631 3031 4711 sperabo,
3058 4633 3201 4683 Cum
3225 4637 3407 4711 trag-3.

1808 4702 1979 4780 ierint
2022 4713 2165 4770 dies,
2206 4705 2302 4768 qui
2346 4704 2445 4755 alti
2500 4704 2919 4780 sunt,__etenim
2951 4702 3025 4780 ad
3059 4708 3287 4780 tempus
3305 4703 3407 4780 alti

1810 4774 1967 4855 sunt,
1993 4785 2154 4839 linito
2180 4775 2559 4855 temporealti
2568 4774 2785 4855 tudinis
2809 4788 2936 4855 sum
2962 4777 3269 4855 timebunt,
3293 4777 3408 4855 [Ego

1808 4846 1928 4920 ὖέῖο
1958 4846 2029 4911 ’ίη
2073 4862 2117 4905 te
2152 4847 2393 4914 sperabo.
2432 4848 2497 4899 In
2524 4847 2614 4898 die
2645 4846 2844 4920 judicii
2870 4847 3153 4920 timebunt
3175 4848 3408 4911 quidem

1809 4919 1943 4994 mali
1992 4932 2141 4998 (Sap.
2182 4922 2278 4985 5.),
2323 4920 2425 4998 sed
2477 4919 2663 4998 securi
2689 4922 2859 4998 erunt
2885 4919 3047 4998 justi.
3085 4919 3231 4998 illud
3250 4921 3409 4998 enim

1819 4991 2010 5066 veniet
2046 4991 2204 5058 tunc,
2235 4992 2390 5066 quod
2437 4992 2764 5055 sperabant,
2800 4994 2953 5066 quod
2986 4991 3409 5053 desiderabant,

1811 5061 1967 5149 quod
1995 5073 2196 5149 venire
2217 5065 2476 5119 orabant.
2489 5066 2633 5149 dam
2668 5075 2731 5113 se
2764 5061 3019 5114 validum
3058 5068 3118 5115 et
3152 5068 3415 5115 constan-
3481 5077 3499 5091 ο

1813 5133 1927 5209 tem
1949 5143 2225 5204 'ostendit,
2254 5148 2388 5209 cum
2415 5133 2648 5186 subdit:

1871 5225 1920 5279 5.
1955 5224 2021 5272 In
2058 5218 2158 5267 Deo
2188 5208 2420 5279 laudabo
2453 5219 2720 5279 sermones
2755 5207 3246 5279 meos‘._s_ermones
3276 5218 3415 5257 suos

1812 5276 2023 5348 in'Deo
2064 5286 2278 5343 laudat,
2314 5278 2412 5343 qui
2455 5279 2515 5329 in
2554 5276 2663 5338 his,
2710 5289 2844 5339 quas
2875 5276 3181 5348 dicit,rnon
3199 5289 3279 5339 se,
3301 5276 3414 5348 sed

1819 5346 1997 5417 Deum
2019 5351 2406 5412 commendat.
2432 5348 2578 5398 Hinc
2600 5348 2726 5411 ipsa
2747 5348 2970 5397 Veritas
2993 5347 3107 5397 ait:
3136 5347 3257 5397 Mea
3281 5346 3418 5398 doc-

1816 5438 1961 5489 trina
2004 5444 2121 5485 non
2155 5429 2244 5479 est
2286 5434 2433 5479 mea,
2474 5418 2574 5470 sed
2612 5420 2741 5480 ejus
2781 5418 2881 5480 qui
2908 5417 3067 5467 misit
3102 5430 3196 5489 me
3233 5418 3415 5469 Patris

1811 5488 1987 5571 (.loan.
2027 5503 2116 5562 7.).
2146 5496 2368 5571 Aliquis
2392 5489 2983 5571 liberlaudatnurmum
3005 5490 3078 5539 ab
3107 5488 3299 5571 aliquo
3317 5501 3413 5540 no-

1814 5560 2033 5630 minato
2058 5560 2421 5629 Philosopho,
2448 5562 2572 5613 sive
2587 5574 2620 5611 a
2634 5560 2881 5625 perfecto
2894 5560 3274 5611 Grammatico
3287 5575 3420 5608 com-

1817 5629 2039 5715 positus
2064 5642 2287 5715 dicitur.
2311 5636 2547 5715 Quanta
2561 5631 2744 5715 magis
2760 5629 2838 5715 illi
2862 5642 3156 5715 serm‘ones
3175 5633 3419 5715 laudandi

1818 5701 1973 5780 sunt,
2013 5714 2110 5779 qui
2133 5725 2168 5764 a
2190 5713 2308 5762 Deo
2334 5707 2489 5780 sunt.
2516 5703 2625 5780 Sed
2638 5701 2886 5780 quodin
2911 5706 2963 5752 te
2986 5703 3085 5780 Dei
3109 5703 3421 5780 e_st,hono-

1818 5773 1977 5843 ratur
1999 5773 2050 5838 θ’
2070 5790 2157 5836 te:
2184 5786 2242 5834 et
2266 5785 2329 5830 tu
2352 5776 2535 5827 factus
2558 5773 2618 5824 in
2638 5776 2776 5836 Deo,
2811 5773 3182 5825 honoraberis
3211 5786 3246 5825 a
3277 5776 3415 5826 Deo.

1820 5862 1877 5914 Si
1899 5862 2116 5918 autem,
2142 5849 2377 5919 quodin
2406 5852 2461 5897 te
2480 5845 2712 5919 Dei‘est,
2738 5845 3110 5919 honoraveris
3134 5849 3413 5919 tanquam

1820 5936 2005 5994 tuum,
2040 5914 2178 5980 non'
2212 5921 2335 5985 Dei,
2357 5915 2648 5983 quomodo
2670 5915 2915 5980 populus
2937 5914 3032 5968 ille
3052 5915 3221 5979 longe
3242 5916 3426 5965 factus
