3880 6222
442 318 545 371 867

1502 314 1769 365 RUFINO
1804 315 2262 369 PRESBYTERO
2297 313 2677 365 ASCRIPTUS

3724 306 3807 359 Si}

437 434 529 504 est
554 439 624 504 a
651 426 884 483 sanctis,
915 424 996 474 sic
1039 428 1101 474 tu
1133 422 1313 504 longe.
1336 430 1630 504 a_sancto.
1659 427 1804 489 Ergo
1825 426 1881 477 in
1903 428 2022 504 Deo
2047 434 2099 504 Α
2127 420 2525 504 acceptabiles
2545 424 2913 504 habpis_ti,_et
2942 436 3045 504 me
3082 421 3433 504 exaudisti.
3460 421 3639 504 Sicut,
3672 426 3723 500 et
3764 423 3801 461 is

439 497 685 550 laudabo
715 508 1009 548 sermones
1022 507 1199 546 meos.
1222 496 1276 546 Si
1301 495 1360 546 in
1375 498 1512 559 Deo,
1525 509 1699 559 quare
1716 510 1877 548 meos
1896 502 2021 548 ?Sod

438 570 500 618 in
547 570 651 617 Deo
688 572 745 618 et
790 582 944 615 meos.
981 567 1044 613 In
1080 566 1207 626 Deo,
1243 566 1378 629 quia
1415 568 1487 617 ab
1523 568 1648 630 ipso
1677 584 1686 613 :
1716 583 1873 631 meos,
1899 570 2034 633 quia

435 640 647 703 accepi,
673 639 739 686 In
768 638 873 685 Deo
896 637 1123 700 speravi.
1152 638 1324 688 Paulo
1347 643 1480 688 ante
1504 638 1746 701 dixerat,
1767 641 2031 702 Sperabo.

436 715 565 763 Jam
603 709 752 759 dixit
787 708 1019 771 speravi,
1047 712 1325 770 tanquam
1350 721 1465 759 non
1490 708 1720 772 timens,
1758 714 2033 773 tanquam

437 782 833 832 confirmatus.
878 780 1001 826 Λόη
1051 778 1234 826 timebo
1265 779 1399 841 quid
1436 779 1604 840 faciat
1627 780 1772 828 mihi
1798 796 1942 830 caro.
1970 782 2029 832 Id

438 858 546 912 est,
577 851 816 914 quilibet
849 848 1115 899 carnalis.
1141 850 1279 911 Spes
1304 850 1423 900 fixa
1458 850 1518 900 in
1544 852 1660 901 Deo
1683 864 1912 903 omnem
1933 867 2033 903 ex-

436 922 589 986 pellit
608 922 887 971 timorem.
913 920 1041 982 Ipsa
1060 920 1232 969 etiam
1253 920 1582 971 transitoria
1595 923 1912 973 contemnit
1926 928 2033 974 tor-

438 998 649 1045 menta.
700 993 947 1041 Uenerat
996 990 1149 1041 enim
1196 991 1511 1042 caritatem.
1545 992 1790 1043 Generat
1813 994 2032 1057 patien-

438 1066 596 1127 tiam,
624 1064 836 1125 quibus
855 1060 1109 1113 calcatur
1132 1063 1406 1125 mundus,
1423 1068 1725 1131 superatur
1748 1064 2029 1117 diabolus.

437 1137 613 1197 Dicis,
660 1135 786 1183 Non
834 1132 1026 1181 timebo
1065 1133 1201 1196 quid
1236 1133 1405 1194 faciat
1440 1135 1582 1182 mihi
1614 1150 1741 1185 caro
1778 1141 1871 1187 :et
1895 1136 2032 1199 quid

444 1208 547 1259 tibi
568 1207 750 1258 facit?

497 1278 548 1331 6.
582 1278 708 1326 Tota
742 1276 826 1323 die
856 1273 1011 1322 verba
1036 1288 1157 1323 mea
1179 1275 1611 1326 exsecrabantur.
1628 1277 1689 1327 Id
1706 1282 1812 1337 est,
1842 1290 2031 1329 meam

436 1345 1255 1414 prmdicationemjudicabant
1268 1350 1594 1395 execrabilem
1605 1386 1615 1397 .
1641 1349 1679 1397 Α
1692 1348 1939 1397 dversum
1951 1365 2032 1397 me

435 1435 618 1469 omnes
651 1418 998 1481 cogitationes
1022 1432 1224 1478 eorum,
1259 1418 1320 1465 in
1343 1418 1571 1466 malum.
1605 1420 1847 1479 Reprobi
1879 1421 2031 1470 enim

436 1493 715 1543 adversus
734 1490 925 1552 justos
948 1501 1067 1538 non
1091 1489 1344 1551 cogitant
1367 1489 1479 1539 nisi
1500 1490 1715 1540 malum
1748 1491 1905 1554 (Psat.
1927 1491 2024 1553 7.):

440 1562 729 1625 quomodo
755 1573 873 1622 eos,
900 1565 957 1611 et
981 1572 1305 1611 sermonem
1326 1573 1522 1611 eorum
1536 1561 1759 1625 possint
1782 1564 2032 1611 destruere

436 1640 493 1686 et
533 1632 865 1685 adnihilare.
913 1633 1027 1681 Nec
1066 1631 1254 1681 solum
1290 1632 1550 1684 extranei
1587 1639 2029 1697 persequuntur,

437 1704 539 1756 sed
563 1705 735 1755 etiam
760 1702 1060 1753 domestici
1078 1706 1134 1752 et
1159 1703 1382 1765 privati.
1408 1705 1541 1754 Ideo
1568 1705 1899 1767 subjungit:

499 1777 547 1829 7.
568 1774 957 1826 lnhabitabunt
972 1779 1017 1821 et
1034 1773 1376 1822 abscondent:
1394 1775 1499 1837 ipsi
1525 1775 1836 1823 calcaneum
1852 1791 2032 1825 meum

435 1847 803 1896 observabant.
829 1846 1103 1896 Habitant
1123 1857 1352 1895 mecum
1375 1845 1436 1896 in
1460 1859 1579 1897 una
1601 1846 1789 1910 domo,
1823 1848 1884 1897 in
1918 1860 2033 1899 una

438 1919 709 1970 Ecclesia.
736 1916 1115 1968 Abscondunt
1139 1929 1200 1967 se
1214 1917 1324 1967 sub
1339 1918 1702 1969 vestimentis
1718 1919 1934 1982 ovium,
1951 1922 2032 1966 in-

434 1991 725 2042 trinsecus
748 1993 943 2039 autem
968 1991 1107 2037 sunt
1129 1985 1247 2050 lupi
1271 2000 1506 2051 rapaces
1525 1990 1734 2046 (Matth.
1751 1989 2031 2050 10.).Abs-

435 2062 692 2113 condunt
749 2073 811 2110 se
866 2065 1145 2120 tanquam
1194 2058 1574 2121 insidiatores,
1620 2059 2029 2124 exploratores,

437 2132 912 2197 parantlaqueos:
929 2130 977 2179 si
994 2142 1113 2180 non
1136 2130 1333 2180 statim
1349 2136 1595 2193 possunt
1609 2133 1826 2182 malum
1849 2135 2027 2189 facere,

435 2203 590 2267 quod
614 2202 886 2264 cogitant,
918 2200 1250 2251 calcaneum
1275 2201 1603 2258 observant,
1632 2205 1695 2251 ut
1719 2204 1806 2253 vel
1832 2202 1892 2252 in
1916 2204 2029 2253 fine

439 2275 689 2337 cogitata
709 2272 941 2322 valeant
958 2269 1285 2334 adimplere.
1312 2272 1433 2321 Mos
1458 2271 1566 2323 iste
1590 2271 1907 2323 diabolicus
1920 2279 2027 2335 est,

439 2345 534 2396 vel
557 2342 876 2405 eorum,qui
893 2341 1142 2391 ministri
1164 2343 1294 2403 ejus
1320 2346 1476 2403 sunt,
1502 2347 1563 2393 ut
1585 2345 1937 2403 calcaneum,
1971 2345 2030 2395 id

435 2419 542 2478 est,
586 2412 790 2464 ultima
833 2416 1033 2463 nostra
1064 2412 1345 2463 insidiosa
1376 2412 1679 2464 calliditate
1703 2415 2029 2467 observent.

433 2487 581 2537 Hinc
605 2484 907 2547 serpentia
933 2483 1172 2534 Domino
1196 2483 1267 2534 de
1288 2484 1528 2535 muliere
1553 2485 1770 2535 dictum
1791 2490 1911 2537 est:
1931 2486 2041 2540 Illa.

434 2562 599 2609 tuum
623 2554 952 2607 observabit
975 2559 1166 2618 caput,
1196 2559 1253 2605 et
1284 2560 1345 2606 tu
1375 2555 1737 2607 insidiaberis
1766 2557 2029 2609 calcaneo

429 2630 555 2693 ejus
605 2628 750 2690 (Gen.
792 2625 883 2689 3.).
927 2628 1161 2689 Semper
1196 2639 1331 2689 ergo
1357 2639 1559 2678 servus
1584 2628 1683 2678 Dei
1709 2628 1881 2678 debet
1902 2640 2029 2680 esse

431 2700 697 2764 vigilans,
725 2702 783 2750 et
808 2698 1261 2761 circumspectus
1285 2703 1481 2749 contra
1497 2699 1675 2763 hujus
1701 2699 1887 2750 callidi
1911 2712 2031 2751 ser-

430 2772 622 2836 pentis
645 2773 820 2834 caput
845 2783 858 2820 :
882 2774 1059 2832 atque
1082 2769 1261 2821 vitam
1282 2774 1339 2820 et
1353 2782 1543 2820 mores
1565 2783 1704 2822 suos
1719 2770 2029 2822 auxiliante

431 2843 677 2895 Domino
702 2842 784 2893 ita
805 2840 1127 2905 disponere,
1156 2845 1221 2892 ut
1241 2841 1651 2905 inhabitantes,
1691 2846 1748 2893 et
1777 2844 2027 2894 abscon-

433 2916 655 2977 dentes,
682 2913 780 2977 qui
813 2912 1146 2964 calcaneum
1169 2914 1500 2977 observant,
1526 2926 1713 2976 neque
1737 2913 1795 2964 in
1820 2915 2030 2977 princi-

432 2988 540 3052 pio,
567 2985 956 3049 nequeinflne
979 2984 1296 3043 inveniant,
1317 2985 1455 3048 quid
1477 2986 1913 3049 reprehendant.
1941 2990 2028 3039 Ita

430 3063 624 3110 autem
654 3058 1109 3109 observaverunt
1124 3055 1454 3108 calcaneum
1467 3068 1680 3107 meum.
1696 3057 1843 3107 Sicut
1864 3061 2027 3107 susti-

428 3134 667 3179 nuerunt
692 3130 942 3177 animam
958 3143 1155 3178 meam.
1185 3127 1313 3178 Mali
1327 3132 1500 3191 enim,
1519 3128 1686 3191 quasi
1702 3141 1879 3192 grave
1894 3145 2028 3189 pon-

2128 498 2486 563 promissione
2510 502 2619 544 tua.
2647 496 2790 558 Quia
2818 496 2985 559 (ΕωΑ
3001 494 3315 559 uguslino)
3348 494 3504 543 sicut
3519 492 3805 557 promise

2130 582 2243 629 ras,
2269 568 2377 619 hoc
2403 567 2587 631 egisti.
2608 566 2816 618 Dixisti
2842 570 2895 617 te
2907 566 3377 617 exauditurum
3398 565 3668 615 ﬂentem.
3689 564 3803 613 Gre»

2130 640 2268 702 didi,
2299 640 2447 701 flevi,
2474 638 2782 689 exauditus
2819 651 2970 688 sum.
3004 637 3241 689 Inveni
3266 640 3331 687 te
3356 634 3795 687 misericordem

2130 711 2191 762 in
2214 709 2620 774 promittendo,
2646 722 2906 761 veracem
2932 710 2996 759 in
3022 707 3380 759 reddendo.

2194 782 2279 836 10.
2317 782 2479 842 Tune,
2502 780 2561 831 id
2586 785 2690 843 est,
2733 794 2828 845 per
2853 786 3017 831 tuam
3056 779 3574 840 confractionem,
3619 782 3683 828 et
3708 789 3797 841 per

2130 866 2317 905 meam
2350 854 2869 911 annuntiationem,
2896 857 3318 901 convertentur
3348 850 3571 898 inimici
3605 850 3737 907 mei.
3768 863 3796 898 ε

2132 937 2239 975 sua
2260 924 2377 975 vita
2398 924 2565 985 mala,
2589 923 2668 974 ita
2692 927 2754 974 ut
2778 924 2898 975 sint
2916 929 3271 981 retrorsum,
3304 922 3371 972 id
3405 926 3519 981 est,
3542 932 3797 983 sequm

2132 997 2224 1046 tur
2255 999 2325 1044 te.
2353 993 2735 1045 Prmcedendo
2760 1007 2877 1045 non
2899 994 3116 1058 corrigi
3127 998 3235 1044 tur
3248 994 3470 1043 homo.
3486 994 3787 1042 Bonumes:

2129 1063 2207 1115 illi
2246 1069 2313 1115 ut
2348 1067 2657 1127 retrorsum
2682 1069 3073 1115 convertatur.
3123 1069 3190 1115 et
3235 1075 3438 1126 quem
3471 1061 3790 1126 prmoedere

2131 1134 2360 1187 volebat
2397 1140 2686 1198 sequatur.
2728 1135 3008 1187 Prmcedit
3045 1137 3246 1186 homo
3287 1147 3408 1199 per
3440 1134 3785 1197 superbiam-

2130 1206 2492 1258 Convertitur
2514 1209 2827 1257 retrorsum
2853 1219 2954 1270 per
2967 1205 3430 1257 humilitatem.
3452 1204 3779 1256 Prmcedere

2129 1277 2363 1341 appetit,
2394 1276 2491 1339 qui
2519 1275 2878 1328 voluntatem
2913 1289 3086 1327 suam
3124 1276 3265 1328 vult
3308 1277 3531 1327 facere.
3568 1277 3787 1326 Retror

2132 1360 2260 1398 sum
2282 1348 2365 1411 fit,
2392 1348 2491 1410 qui
2514 1359 2737 1411 semper
2760 1353 2994 1411 paratus
3020 1353 3115 1398 est
3141 1346 3430 1398 obedire.
3453 1349 3779 1398 Retrorsum

2130 1431 2265 1483 ergo
2287 1419 2694 1469 convertantur
2717 1418 2955 1481 inimici,
2982 1421 3050 1470 ut
3075 1419 3228 1469 flant
3258 1418 3535 1469 humiles
3551 1418 3653 1480 qui
3677 1418 3785 1466 {ne

2128 1495 2257 1541 rant
2302 1490 2551 1554 superbi.
2588 1492 2658 1540 Et
2694 1490 2776 1540 sic
2812 1494 2987 1541 erunt
3025 1489 3223 1549 amici,
3278 1490 3396 1552 qui
3422 1489 3663 1540 fuerant
3686 1490 3785 1537 ini-

2130 1561 2278 1612 mici.
2318 1561 2536 1612 Deinde
2556 1560 2825 1619 ostendit,
2853 1573 3029 1624 quam
3058 1561 3241 1613 velox
3270 1562 3358 1611 sit
3383 1560 3779 1611 misericordis

2128 1633 2243 1683 Dei.
2264 1645 2393 1683 cum
2420 1632 2749 1696 subjungit:
2777 1634 2843 1681 In
2867 1647 3207 1695 quacunque
3232 1632 3335 1681 die
3362 1633 3699 1682 invocata-0
3722 1636 3776 1679 te.

2131 1718 2237 1752 ecce
2286 1703 2526 1766 cognovi,
2566 1703 2828 1767 quoniam
2860 1704 3002 1751 Deus
3039 1718 3198 1750 meus
3234 1718 3313 1753 es.
3356 1702 3429 1754 Id
3469 1707 3584 1761 est,
3616 1714 3775 1753 meus

2060 1798 2113 1871 B
2132 1772 3607 1871 EFEE‘E‘QPmeIL‘E.$9.929:9119‘:ilfljiffémi
3625 1776 3773 1871 0.???

2130 1858 2359 1909 cunque
2383 1845 2522 1895 hora
2548 1849 2810 1909 peccator
2828 1858 3158 1896 conversus
3186 1845 3375 1896 fuerit
3406 1846 3617 1908 (Ezech.
3654 1844 3767 1903 18;.

2132 1921 2190 1968 et
2218 1916 2563 1980 ingemuerit
2589 1932 2601 1966 :
2620 1916 2812 1966 omnia
2825 1921 3065 1979 peccata
3084 1918 3216 1979 ejus
3234 1916 3653 1968 remittentur.
3668 1916 3768 1966 Ne-

2132 2000 2243 2051 que
2278 1989 2429 2038 enim
2462 1987 2653 2038 tardat
2683 1999 2784 2051 per
2827 1986 2950 2037 dies
2979 1991 3037 2037 et
3060 1998 3275 2043 annos,
3304 1987 3440 2050 sed,
3468 1987 3769 2038 Converti-

2130 2059 2272 2110 mini
2302 2059 2374 2109 ad
2398 2071 2489 2109 me
2514 2059 2628 2122 (ait)
2652 2063 2707 2109 et
2730 2070 2837 2121 ego
2861 2064 3120 2110 revertar
3143 2058 3221 2108 ad
3248 2070 3364 2110 vos
3400 2074 3415 2107 :
3455 2059 3765 2121 sequimini

2129 2136 2465 2190 retrorsum,
2494 2134 2552 2180 et
2596 2141 2701 2192 ego
2724 2129 2935 2180 ducam
2977 2142 3087 2181 vos
3122 2130 3318 2190 (Zach.
3359 2129 3389 2183 1
3424 2131 3465 2192 ).
3512 2130 3768 2180 Ecclesia

2130 2201 2303 2265 igitur
2320 2203 2537 2251 tantam
2551 2200 2856 2250 attendens
2868 2200 3132 2251 divinam
3149 2200 3767 2263 misericordiam,ideo

2131 2282 2149 2301 ·
2173 2284 2292 2323 non
2314 2271 2472 2335 dicit,
2494 2271 2622 2319 Ecce
2645 2271 2868 2334 cognovi
2885 2309 2900 2335 ,
2928 2270 3101 2333 idest,
3132 2272 3458 2322 manifeste
3477 2271 3765 2327 intellexi,

2130 2343 2407 2407 quoniam
2430 2344 2583 2393 Deus
2607 2355 2774 2393 meus
2799 2342 3111 2405 es.Magna
3126 2343 3411 2406 cognitio.
3430 2343 3573 2394 Non
3595 2344 3767 2393 aitco-

2129 2415 2324 2478 gnovi,
2351 2413 2621 2477 quoniam
2651 2415 2808 2464 Deus
2832 2426 2894 2463 es
2921 2427 2934 2463 :
2964 2413 3087 2473 sed,
3122 2414 3404 2477 quoniam
3429 2414 3587 2462 Deus
3620 2428 3767 2461 mat:

2129 2500 2195 2533 es.
2243 2487 2403 2535 Tuus
2449 2490 2540 2535 est
2583 2484 2756 2544 enim,
2791 2496 2926 2534 cum
2962 2484 3068 2549 tibi
3110 2484 3417 2536 subvenit.
3465 2485 3638 2535 Tuus
3660 2489 3761 2539 est.

2130 2569 2263 2606 cum
2288 2559 2353 2607 tu
2372 2556 2444 2605 ab
2465 2555 2561 2606 illo
2583 2553 2806 2605 alienus
2830 2567 2948 2606 non
2971 2567 3053 2605 es.
3073 2555 3245 2606 Unde
3270 2555 3520 2605 dicitur:
3551 2556 3760 2606 Beatus

2129 2627 2377 2692 populus
2390 2627 2561 2691 cujus
2577 2626 2854 2676 Dominus
2868 2628 3026 2677 Deus
3052 2627 3102 2689 ej
3112 2640 3184 2677 us
3208 2627 3379 2689 (ρεαι.
3408 2626 3435 2679 1
3446 2625 3588 2688 43.).
3606 2629 3759 2687 Cujus

2128 2699 2281 2750 enim
2296 2711 2413 2749 non
2436 2700 2559 2749 est?
2587 2698 2858 2748 Omnium
2882 2697 3120 2761 quidem
3145 2699 3305 2749 Deus
3328 2704 3442 2756 est,
3458 2697 3574 2749 sed
3588 2712 3755 2746 eorum

2127 2768 2371 2832 prOprie,
2416 2768 2517 2832 qui
2566 2781 2695 2819 eum
2733 2767 3003 2831 diligunt,
3044 2768 3273 2832 timent,
3300 2769 3643 2832 possident,
3668 2781 3758 2818 co-

2126 2841 2271 2891 lunt.
2298 2844 2427 2890 Jam
2451 2851 2651 2899 unum,
2678 2852 2810 2890 cum
2833 2840 2916 2890 eis
2943 2839 3133 2890 factus
3162 2852 3263 2903 per
3291 2837 3472 2907 277
3510 2851 3757 2890 conver-

2129 2911 2348 2963 sionem
2375 2913 2431 2963 et
2446 2911 2937 2975 participationem
2953 2912 3160 2974 gratim
3175 2911 3300 2973 Dei,
3315 2911 3532 2974 repetit
3548 2925 3751 2959 versum

2128 2995 2300 3046 quem
2325 2984 2445 3047 jam
2469 2983 2709 3045 dixerat,
2729 2987 2792 3034 ut
2817 2982 2997 3046 etipsi
3012 2995 3148 3033 cum
3167 2994 3237 3034 eo
3260 2986 3321 3034 et
3335 2982 3532 3046 ipsius
3550 2994 3750 3034 exem-

2123 3054 2216 3120 plo
2239 3054 2431 3106 dicant
2465 3070 2476 3104 :

2186 3124 2271 3179 11.
2307 3126 2369 3174 1η
2404 3126 2510 3174 Deo
2535 3124 2766 3174 laudabo
2791 3123 3031 3185 verbum,
3068 3130 3117 3174 et
3144 3126 3208 3174 in
3238 3125 3483 3174 Domino
3504 3125 3744 3177 laudabo

428 3201 538 3253 dus
565 3202 755 3252 ferunt
780 3200 1259 3288 vitajmjustorum
1279 3219 1289 3247 :
1312 3199 1464 3251 unde
1480 3201 1509 3250 J
1518 3199 1674 3288 udaei
1681 3200 1753 3251 de
1766 3204 2019 3288 Damonig
2047 3214 2097 3288 ρ
2122 3211 2405 3288 sermones,
2434 3200 2542 3248 etc.
2572 3197 2945 3288 Verbumhest
2966 3196 3305 3288 praedicatio
3325 3197 3399 3248 de
3423 3197 3547 3288 fide
3575 3214 3593 3249 :
3611 3212 3744 3263 quo.

429 3273 568 3337 [Leg.
596 3270 860 3332 Domino]
884 3270 1159 3321 dixerunt
1183 3285 1195 3319 :
1223 3271 1424 3321 Gravis
1449 3275 1537 3320 est
1566 3271 1733 3321 nobis
1750 3271 1918 3323 etiam
1945 3271 2017 3322 ad
2049 3267 2097 3288 ν
2124 3267 2295 3320 modo
2313 3269 2527 3319 trinum
2540 3273 2789 3319 etunum
2806 3267 3743 3333 Deumdebeamuscrederemfcni

424 3343 758 3396 videndum.
780 3341 1084 3391 Dissimilis
1099 3342 1353 3392 estenim
1372 3343 1640 3405 Operibus
1657 3346 1842 3391 nostris
1864 3344 2017 3407 )Sap.

420 3414 513 3477 2.).
558 3416 766 3465 Docuit
810 3417 1023 3475 tamen,
1067 3417 1123 3463 et
1178 3425 1278 3475 pro
1316 3413 1524 3463 talibus
1548 3426 1708 3464 orare
1736 3413 2015 3477 psalmus.

420 3483 853 3546 Quantumlibet
897 3483 1052 3533 enim
1091 3483 1262 3533 homo
1302 3488 1569 3545 peccator
1592 3484 1683 3545 sit,
1710 3490 1914 3548 potens
1937 3493 2021 3537 est

423 3555 707 3616 benignus
744 3557 897 3603 Deus
931 3553 1155 3603 salvare
1189 3552 1371 3603 illum.
1413 3555 1574 3605 Unde
1598 3560 1657 3606 et
1680 3557 2014 3620 subjungit:

504 3622 677 3691 276
704 3624 754 3678 8.
779 3624 888 3671 Pro
911 3624 1110 3683 nihilo,
1136 3623 1191 3672 id
1216 3629 1323 3683 est,
1358 3638 1455 3687 pro
1484 3626 1658 3676 nullis
1687 3628 2015 3689 prmceden-

420 3697 575 3747 tibus
598 3696 833 3755 meritis,
865 3695 1035 3741 salvos
1055 3695 1219 3756 facies
1258 3696 1393 3746 illos.
1423 3697 1523 3747 Vel
1557 3697 1639 3747 sic
1660 3697 1787 3747 illos
1822 3700 2016 3751 salvos

418 3767 609 3826 facies,
636 3770 701 3817 ut
725 3764 919 3815 nullus
957 3764 1057 3813 tibi
1080 3764 1240 3815 labor
1261 3765 1351 3816 sit.
1383 3768 1509 3817 Non
1536 3767 1819 3818 laborabis
1838 3769 1897 3819 in
1923 3783 2015 3821 sa-

417 3838 628 3899 nando,
643 3837 909 3899 quamvis
932 3848 1037 3886 nos
1051 3839 1389 3900 stupeamus
1402 3838 1461 3888 in
1484 3842 1820 3899 inspiciendo.
1844 3841 1905 3889 In
1923 3840 2013 3890 ira

415 3908 640 3972 populos
659 3906 984 3970 confrmges.
1011 3909 1100 3958 Ira
1116 3907 1344 3959 videtur
1360 3909 1461 3960 sed
1472 3912 1723 3974 paterna.
1742 3913 2015 3964 Irascitur

416 3984 577 4043 pater
603 3980 715 4031 ﬁlio
737 3984 1155 4044 praeceptorum
1178 3992 1417 4031 suorum
1441 3983 1799 4033 contemtori.
1826 3985 2011 4036 Iratus

416 4052 753 4115 colaphizat,
780 4051 968 4112 caedit,
1001 4050 1158 4103 ducit
1198 4052 1271 4103 ad
1312 4052 1593 4104 scholam:
1620 4054 1832 4119 frangit
1854 4069 2009 4120 eum,

308 4136 328 4155 κ
413 4133 448 4173 a
471 4124 737 4186 superbia
758 4122 1093 4186 deprimitin
1112 4122 1431 4187 disciplina.
1453 4128 1634 4186 Quam
1651 4128 1817 4178 multi
1834 4130 2012 4189 imple-

414 4198 622 4245 verunt
645 4193 885 4245 domum
908 4194 1028 4254 Dei,
1043 4194 1101 4244 in
1124 4194 1208 4244 ira
1228 4195 1354 4257 ejus
1379 4197 1669 4258 confracti,
1694 4198 1752 4248 id
1778 4203 1885 4262 est,
1910 4199 2009 4250 tri-

410 4263 801 4316 bulationibus
828 4264 965 4316 triti.
989 4266 1071 4315 Tu
1090 4264 1413 4329 confringes
1437 4280 1555 4327 eos,
1578 4273 1636 4319 et
1663 4280 1770 4332 ego
1794 4282 2006 4333 ponam

410 4341 631 4400 partem
644 4348 843 4400 meam
878 4336 951 4386 ad
973 4348 1174 4400 eorum
1201 4341 1657 4390 conversionem.
1684 4343 2007 4391 Annuntiabo

411 4398 495 4450 eis
516 4411 608 4450 me
632 4399 836 4451 fecisse
859 4400 1044 4450 multa
1067 4398 1234 4463 mala,
1252 4405 1309 4451 et
1330 4400 1427 4451 illa
1449 4401 1590 4451 mihi
1609 4414 1708 4464 per
1729 4405 2006 4453 confessio-

413 4483 547 4522 nem
571 4484 697 4522 esse
727 4470 1088 4522 condonata:
1117 4476 1183 4523 ut
1206 4472 1316 4537 ipsi
1340 4473 1641 4525 audientes
1664 4486 1783 4525 non
1807 4474 2011 4539 despe-

407 4549 539 4593 rent
561 4544 629 4593 de
660 4545 907 4607 peccatis
933 4548 1072 4608 suis,
1105 4545 1205 4596 sed
1229 4545 1493 4610 exemplo
1516 4558 1644 4598 meo
1668 4559 1768 4611 per
1786 4549 2008 4600 confes-

408 4613 631 4733 siiontem
677 4616 1021 4667 medicinam
1062 4622 1489 4682 consequantur
1532 4618 1752 4670 salutis.
1789 4621 1859 4670 Et
1878 4618 2004 4672 ideo

449 4697 515 4733 lCl
570 4698 581 4733 :

449 4685 581 4734 icit:

468 4754 519 4808 9.
554 4755 712 4819 Deus,
759 4757 928 4805 vitam
974 4772 1150 4807 meam
1188 4760 1520 4809 annuntiavi
1557 4760 1668 4811 tibi.
1707 4761 2002 4822 Quomodo

402 4826 773 4896 annuntiavit
794 4827 1005 4879 Paulus
1035 4830 1214 4881 vitam
1240 4844 1424 4895 suam,
1448 4832 1673 4883 dicens:
1711 4832 1820 4895 Qui
1840 4833 2000 4896 prius

403 4895 487 4947 fui
504 4895 894 4962 blasphemus,
912 4903 971 4949 et
992 4906 1340 4966 persecutor,
1353 4908 1412 4954 et
1432 4902 1489 4953 in
1490 4904 1508 4966 j
1519 4902 1746 4954 uriosus
1765 4919 1777 4953 :
1794 4895 1895 4955 sed
1911 4908 2000 4954 mi-

332 4995 347 5008 -
405 4967 773 5019 sericordiam
797 4973 1146 5021 consecutus
1170 4985 1300 5023 sum
1322 4975 1386 5034 (1.
1423 4974 1540 5022 Tim
1566 4973 1656 5037 1.).
1680 4976 1999 5027 Annuntia—

404 5040 490 5090 vit
523 5039 702 5091 vitam
727 5051 892 5090 suam
924 5053 1043 5091 non
1067 5041 1195 5101 sibi,
1220 5044 1322 5094 sed
1344 5043 1425 5094 illi
1450 5059 1463 5094 :
1500 5044 1637 5107 quia
1660 5045 1744 5096 sic
1765 5058 1995 5098 annun-

405 5109 589 5173 tiavit,
618 5113 682 5161 ut
702 5108 780 5161 illi
806 5110 1150 5176 crederetur,
1190 5125 1307 5164 non
1339 5114 1413 5165 ad
1438 5126 1547 5165 sua
1566 5114 1726 5167 lucra
1750 5120 1994 5181 tantum,

403 5182 504 5234 sed
552 5181 721 5233 illius.
767 5182 824 5232 Si
857 5185 1156 5247 propterea
1192 5185 1503 5236 annuntias
1526 5186 1707 5238 vitam
1730 5192 1905 5251 tuam,
1933 5192 1999 5242 ut

399 5254 543 5305 alios
583 5254 846 5319 exemplo
893 5259 990 5307 tuo
1024 5255 1235 5307 invites
1267 5256 1340 5307 ad
1374 5256 1818 5324 confessionem,
1843 5265 1901 5312 et
1923 5261 1995 5312 ad

397 5326 783 5390 accipiendam
813 5326 1008 5386 vitam,
1037 5339 1211 5391 quam
1242 5332 1306 5380 tu
1336 5329 1607 5393 accepisti
1638 5347 1649 5378 :
1687 5333 1995 5384 annuntias

400 5398 576 5449 vitam
603 5402 761 5449 tuam
784 5400 924 5461 Deo,
955 5411 988 5450 a
1012 5412 1127 5462 quo
1142 5400 1385 5464 gratiam
1408 5401 1699 5466 accepisti,
1718 5406 1994 5455 ethabobis

396 5469 722 5520 mercedem
751 5470 1105 5534 ampliorem,
1149 5473 1284 5535 quia
1316 5485 1388 5524 ex
1414 5486 1499 5535 eo,
1527 5474 1678 5536 quod
1701 5475 1991 5538 accepisti,

396 5551 514 5589 non
538 5540 801 5601 ingratus
817 5542 1078 5593 extitisti.
1098 5543 1334 5592 Posuisti
1350 5543 1621 5608 tacrymas
1634 5559 1779 5594 meas
1792 5547 1852 5595 in
1869 5561 1998 5595 con-

394 5614 568 5670 spectu
615 5616 723 5662 tuo.
772 5613 904 5663 Illas
945 5612 1245 5678 lacrymas,
1285 5628 1432 5678 quas
1463 5628 1572 5679 ego
1597 5616 1735 5682 fudi,
1760 5620 1993 5681 peccata

398 5689 526 5730 mea
548 5682 965 5746 annuntiando,
990 5685 1235 5747 posuisti
1256 5686 1317 5736 in
1338 5689 1649 5751 conspectu
1672 5691 1791 5750 tuo,
1808 5688 1864 5740 id
1880 5693 1990 5754 est,

2025 4581 2082 4655 D

2118 3339 2256 3390 dicit
2279 3340 2595 3404 Apostolus
2622 3352 2825 3403 :prope
2853 3343 2943 3390 est
2969 3341 3217 3391 verbum
3238 3340 3299 3390 in
3326 3352 3428 3391 ore
3453 3345 3582 3401 tuo,
3612 3342 3741 3392 etin

2118 3412 2288 3462 corde
2324 3416 2444 3472 tuo,
2480 3411 2589 3462 hoc
2615 3416 2706 3463 est
2729 3411 2977 3462 verbum
3001 3411 3140 3463 ﬁdei
3162 3412 3317 3475 quod
3341 3412 3741 3476 praedicamus

2117 3484 2285 3543 (Rom.
2335 3482 2461 3545 ‘10.).
2501 3483 2697 3534 Sermo
2730 3487 2821 3533 est
2852 3483 2923 3534 de
2946 3484 3229 3544 moribus,
3258 3483 3500 3546 quando
3525 3484 3739 3548 praedi—

2117 3558 2280 3605 catur
2315 3554 2483 3605 nobis
2509 3554 2755 3618 qualiter
2783 3553 3069 3606 debemus
3094 3554 3310 3614 vivere,
3340 3567 3522 3617 quam
3558 3560 3734 3619 caste,

2117 3638 2294 3689 quam
2318 3626 2525 3684 sobrie,
2543 3637 2717 3689 quam
2736 3625 2913 3689 juste,
2940 3638 3119 3689 quam
3143 3626 3251 3691 pie.
3279 3628 3351 3677 Et
3375 3628 3508 3678 haec
3537 3628 3735 3679 omnia

2115 3696 2395 3747 debemus
2419 3696 2493 3747 ad
2522 3698 2702 3748 Deum
2715 3697 2944 3760 referre,
2965 3701 3257 3759 quatenus
3272 3697 3336 3747 in
3352 3709 3422 3748 eo
3434 3698 3599 3760 quod
3614 3701 3733 3746 bene

2113 3767 2425 3831 credimus,
2473 3772 2577 3818 aut
2605 3768 2765 3831 juste
2797 3767 3076 3830 vivimus,
3109 3770 3213 3819 aut
3255 3772 3413 3818 recte
3435 3766 3732 3831 loquimur

2112 3838 2235 3902 (Tit.
2275 3838 2347 3901 ‘2.)
2380 3853 2392 3888 :
2436 3842 2494 3890 et
2528 3851 2636 3890 nos
2668 3839 2727 3889 in
2752 3840 2888 3899 Deo,
2915 3842 2973 3890 et
2996 3840 3153 3890 Deus
3176 3841 3239 3891 in
3260 3838 3433 3889 nobis
3458 3838 3731 3891 laudetur

2111 3913 2169 3960 et
2197 3910 2530 3961 honoretur.
2562 3912 2633 3961 Et
2657 3910 2792 3974 quia
2813 3909 2947 3961 fidei
2970 3921 3302 3962 sermonem
3328 3910 3617 3974 subsequi
3641 3910 3729 3961 de-

2108 3980 2205 4031 bet
2225 3980 2498 4032 fortitudo
2538 3982 2677 4046 spei,
2692 3985 2846 4033 recte
2873 3981 3218 4046 adjunctum
3243 3986 3362 4033 est:
3386 3981 3456 4029 In
3477 3983 3590 4031 Deo
3612 3997 3726 4046 spe-

2106 4053 2247 4112 ravi,
2273 4067 2383 4102 non
2402 4052 2591 4101 timebo
2613 4053 2748 4118 quid
2756 4053 2927 4116 faciat
2942 4054 3089 4102 mihi
3103 4053 3279 4103 homo.
3300 4053 3475 4104 Fides
3492 4052 3722 4114 dicitur,

2107 4124 2245 4186 quia
2269 4124 2334 4174 (lt
2356 4124 2416 4175 in
2452 4125 2588 4175 Deo.
2628 4126 2768 4189 Spes
2804 4128 3003 4176 autem
3042 4125 3208 4188 quasi
3235 4137 3359 4189 pes,
3393 4125 3536 4188 quia
3571 4125 3636 4174 in
3657 4137 3722 4175 eo

2105 4194 2388 4245 innititur.
2415 4196 2579 4247 Fides
2607 4197 2758 4248 valet
2779 4196 2949 4247 nobis
2978 4196 3051 4247 ad
3076 4196 3718 4259 justitiam,quiajustus

2105 4277 2180 4316 ex
2206 4266 2318 4317 ﬂde
2341 4266 2488 4318 vivit
2521 4267 2693 4328 (Rom.
2726 4267 2811 4328 1.),
2838 4266 3138 4318 Credendo
3156 4267 3217 4317 in
3242 4268 3433 4318 Deum
3459 4267 3716 4318 declinas

2102 4348 2137 4386 a
2159 4336 2331 4400 malo,
2357 4340 2415 4388 et
2429 4336 2571 4389 facis
2595 4339 2807 4389 bonum
2832 4338 2997 4399 (Psal.
3021 4337 3156 4401 33.).
3184 4339 3327 4390 Haec
3354 4343 3448 4390 est
3470 4339 3712 4402 justitia.

2103 4409 2242 4472 Spes
2254 4409 2422 4459 nobis
2440 4410 2591 4460 valet
2622 4409 2695 4460 ad
2709 4410 3043 4474 patientiam
3060 4414 3121 4462 et
3133 4414 3499 4462 contemtum
3518 4411 3713 4459 mundi.

2110 4479 2402 4543 Sperando
2450 4485 2682 4541 interna,
2709 4480 2867 4532 facile
2911 4482 3345 4533 contemnimus
3370 4486 3618 4542 terrena,
3663 4482 3716 4531 et

2109 4550 2326 4602 fortiter
2378 4550 2690 4602 toleramus
2733 4551 2979 4603 adversa
3023 4551 3198 4616 (Hebr.
3241 4553 3336 4614 6.).
3381 4553 3485 4604 Est
3520 4556 3711 4603 autem

2108 4622 2271 4684 quasi
2294 4622 2549 4674 anchora
2568 4626 2763 4675 nostra
2789 4636 2923 4688 spes
2948 4624 3007 4675 in
3029 4626 3169 4675 Deo.
3195 4624 3536 4675 Nautacum
3548 4625 3711 4675 timet

2102 4696 2522 4757 tempestatem,
2550 4694 2674 4758 ilgit
2689 4695 2999 4746 anchoram
3027 4707 3212 4747 suam.
3234 4696 3290 4747 Si
3312 4708 3426 4746 nos
3442 4699 3710 4744 anchoram

2100 4764 2223 4827 spei
2245 4765 2423 4816 ﬁxam
2446 4766 2507 4816 in
2530 4767 2647 4817 Deo
2662 4766 3058 4828 habuerimus,
3076 4766 3295 4818 nullam
3310 4766 3496 4831 hujus
3512 4764 3709 4817 mundi

2100 4839 2505 4899 tempestatem
2531 4836 2989 4889 formidabimus.
3028 4839 3157 4889 Non
3182 4838 3401 4889 timebo
3428 4838 3543 4903 (ait)
3570 4836 3704 4901 quid

2100 4906 2265 4957 faciat
2294 4907 2437 4958 mihi
2460 4908 2632 4958 homo
2658 4922 2672 4957 :
2698 4908 2831 4972 quia
2853 4912 2911 4959 et
2934 4909 2984 4959 si
3006 4908 3193 4960 aufert
3218 4908 3578 4973 temporalia,
3604 4910 3703 4960 ha-

2099 4978 2205 5029 beo
2232 4984 2427 5029 tamen
2450 4990 2585 5042 qum
2610 4979 2713 5031 tibi
2736 4979 2970 5031 offeram
2987 4979 3325 5044 spiritualia.

2160 5048 2245 5102 1‘2.
2306 5051 2369 5098 In
2413 5064 2497 5098 me
2550 5056 2693 5113 sunt,
2737 5050 2877 5100 Deus
2923 5056 3049 5099 vota
3102 5056 3217 5114 tua,
3277 5066 3398 5115 qua
3457 5050 3697 5112 reddam,

2098 5119 2438 5169 laudationes
2462 5119 2574 5169 tibi.
2600 5122 2740 5172 Haec
2763 5126 2899 5172 sunt
2921 5133 3058 5173 vera
3078 5121 3230 5173 dona
3240 5124 3298 5174 et
3311 5122 3696 5186 gratiamin-iii-

2096 5190 2184 5242 cia
2207 5203 2340 5254 quae
2361 5203 2395 5242 a
2416 5192 2584 5243 nobis
2617 5193 2796 5256 exigit
2819 5194 2991 5258 Deus,
3017 5193 3239 5245 scilicet
3265 5194 3363 5257 pia
3394 5200 3546 5253 vota,
3574 5208 3696 5247 san-

2096 5265 2189 5313 cta
2221 5261 2523 5326 desideria,
2560 5262 2703 5315 fides
2752 5269 2924 5325 recta,
2964 5277 3100 5327 spes
3133 5269 3308 5327 certa,
3349 5266 3557 5316 caritas
3581 5279 3689 5330 per-

2096 5333 2258 5384 fecta.
2297 5334 2566 5398 Quisquis
2594 5335 2729 5386 talia
2749 5340 2887 5386 vota
2908 5336 3206 5399 persolvit,
3218 5335 3425 5389 laudes
3440 5338 3687 5401 omnipo-

2095 5405 2239 5456 tenti
2276 5406 2521 5456 Domino
2554 5406 2758 5457 reddit.
2786 5408 2921 5458 Istaa
2945 5412 3085 5458 sunt
3108 5420 3266 5458 vera:
3290 5407 3530 5471 divitiae,
3556 5419 3684 5471 quas

2093 5488 2211 5528 non
2251 5476 2413 5528 timet
2440 5477 2615 5529 homo
2661 5477 2917 5542 perdere,
2957 5479 3068 5529 nisi
3112 5479 3238 5543 ipse
3274 5479 3417 5531 velit
3461 5478 3678 5531 auferte.

2094 5547 2363 5612 Quisquis
2388 5547 2513 5601 vult
2536 5551 2778 5601 Domino
2797 5552 2917 5601 Deo
2944 5562 3155 5602 vovere
3184 5554 3243 5601 et
3256 5551 3498 5604 reddere
3513 5551 3679 5612 gratui-

2093 5623 2217 5670 tum
2259 5621 2476 5686 votum,
2514 5621 2771 5685 seipsum
2806 5624 3019 5673 voveat
3046 5624 3105 5672 et
3141 5622 3368 5675 reddat.
3402 5624 3523 5676 Hoc
3545 5622 3674 5673 enim

2093 5691 2365 5756 exigitur,
2384 5691 2493 5743 hoc
2512 5692 2771 5745 debetur.
2794 5694 2992 5757 Imago
3015 5694 3264 5746 Caesaris
3288 5694 3674 5747 reddaturt‘te-

467 5827 485 5844 ³·
520 5816 779 5877 Negandi
802 5818 1077 5879 particula
1102 5821 1328 5873 videtur
1349 5825 1750 5889 expungenda,
1774 5826 1877 5878 aut
1898 5826 2304 5892 supplendum,
2327 5829 2568 5893 cognovi,
2591 5830 2698 5893 sed,
2722 5831 2823 5883 aut
2845 5829 2986 5893 quid
3010 5830 3211 5882 simile.
