3880 6222
100 401 256 456 869
1166 400 1237 450 ΙΝ
1274 396 1598 450 PSALMOS
1633 397 1838 448 LXXV
1874 397 2456 452 COMMENTARIUS.
3346 408 3451 463 870

102 517 284 577 sari,
311 517 503 579 imago
536 515 635 567 Dei
661 514 933 566 reddatur
973 514 1089 564 Deo
1116 514 1324 577 (Matth.
1371 510 1498 575 92.).
1526 514 1595 562 Et
1643 511 1751 561 hoc
1775 515 1830 586 Α
1861 512 2065 586 tientes
2094 513 2260 574 (Rom.
2308 512 2431 576 12.).
2459 515 2528 565 Et
2573 516 2818 569 iterum:
2855 519 2911 571 Si
2936 524 3132 572 autem
3156 522 3310 584 quod
3335 534 3452 574 non

102 589 389 651 quidem
411 588 635 651 justum
660 591 766 637 est.
793 586 1017 645 Quare?
1055 655 1059 656 ν
1505 651 1517 656 _
1775 583 1830 586 "
1858 583 2122 656 videmus
2169 597 2487 648 speramus,
2543 600 2641 650 per
2679 591 3010 653 patientiam
3044 583 3452 656 exspectamus

199 658 300 713 13.
351 658 623 716 Quoniam
669 655 916 727 eripuisti
962 655 1215 727 animam
1260 667 1435 727 meant
1483 651 1752 727 damorte.
1857 655 2029 727 (Rom.
2062 652 2153 717 8).
2188 656 2359 706 Modo
2396 669 2530 720 ergo
2562 651 2819 711 abundat
2853 662 3132 726 iniquitas
3157 651 3449 727 premens,

1856 726 1947 775 cui
1972 727 2189 777 resistit
2215 726 2440 787 justitia
2471 729 2709 792 patiens,
2746 736 2804 782 et
2845 746 2978 795 spes
3006 726 3360 788 indeticiens.
3390 726 3453 787 In

1855 801 2037 866 morte
2053 798 2216 861 justi,
2243 798 2366 849 sive
2394 798 2455 849 in
2476 800 2588 850 line
2606 800 2801 853 saeculi
2827 803 3096 866 iniquitas
3120 808 3381 859 transibit
3399 810 3456 859 et

1861 865 2033 942 279
2056 872 2178 942 jam
2202 882 2335 933 spes
2359 882 2476 921 non
2499 871 2623 933 erit,
2646 873 2781 934 quia
2791 874 2911 935 jam
2928 865 3233 938 possidere
3255 878 3456 942 incipit

1857 940 2011 1012 quod
2027 946 2110 1002 pal
2122 940 2300 991 ienter
2313 944 2689 1004 exspectavit.
2710 943 2953 995 Hincest
2969 948 3124 1008 quod
3142 940 3453 1012 Apostolus

1854 1010 1935 1059 ait
1966 1026 1977 1059 :
2009 1012 2218 1062 Beatus
2248 1012 2337 1063 vir
2374 1014 2473 1076 qui
2499 1013 2699 1064 suffert
2720 1015 3098 1068 tentationem
3127 1034 3139 1067 :
3180 1010 3454 1081 quoniam

1855 1092 1987 1154 cum
2015 1083 2291 1146 probatus
2314 1083 2502 1147 fuerit,
2527 1084 2769 1149 accipiet
2803 1098 3072 1137 coronam
3102 1088 3233 1141 vitae
3260 1089 3454 1154 (Jacob.

1856 1150 1943 1213 1.).
1973 1154 2202 1203 Interim
2222 1154 2280 1204 in
2298 1154 2667 1207 tribulatione
2683 1158 3040 1209 constitutus
3057 1158 3191 1222 quid
3214 1150 3459 1224 subjun-

1854 1226 1970 1286 gat,
2010 1224 2318 1275 audiamus
2346 1240 2358 1275 :

1914 1292 1964 1347 3.
1996 1294 2250 1344 Clamabo
2281 1296 2354 1345 ad
2378 1297 2547 1346 Deum
2571 1298 2932 1350 Altissimum.
2960 1301 3334 1353 Commendat
3354 1315 3455 1354 no—

1854 1364 1943 1415 bis
1961 1366 2143 1416 Deum
2163 1372 2444 1427 nostrum,
2464 1381 2595 1420 cum
2610 1370 2749 1421 dicit
2764 1371 3150 1435 Altissimum,
3170 1377 3456 1435 quatenus

1855 1437 2119 1508 exemplo
2131 1450 2236 1489 suo
2249 1450 2357 1489 nos
2376 1440 2582 1491 excitet
2597 1440 2668 1491 ad
2682 1441 3066 1505 clamandum,
3083 1443 3299 1495 scilicet
3322 1447 3457 1508 quia

100 729 513 781 Praeteritum
540 729 699 792 ponit
718 740 818 791 pro
842 726 1048 777 futuro.
1066 726 1169 785 Qui
1193 725 1345 775 enim
1372 723 1755 774 aeternitatem

99 804 347 852 mente
369 799 717 860 considerat,
732 797 1005 861 quicquid
1023 797 1263 848 transire
1282 799 1489 859 potest,
1503 795 1624 857 jam
1640 802 1757 842 tam-

106 884 327 935 quam
376 871 733 937 prteteritum
761 872 981 933 pensat.
1015 871 1098 919 Ac
1123 867 1172 917 si
1196 866 1445 918 diceret:
1474 865 1753 927 Quoniam

102 942 191 993 in
220 944 344 994 alia
366 944 487 995 vita
522 942 726 1006 eripies
769 942 1021 991 animam
1042 951 1231 990 meam
1261 950 1296 989 a
1316 940 1498 988 morte
1523 942 1752 988 aeterna.

108 1016 204 1063 Et
233 1016 397 1079 pedes
419 1029 559 1062 meos
582 1029 615 1061 a
642 1013 816 1077 lapsu.
848 1013 991 1074 Quia
1012 1011 1089 1060 ibi
1120 1009 1277 1060 nullo
1297 1008 1470 1079 modo
1493 1008 1754 1058 movebi-

108 1078 245 1137 tur
267 1087 341 1137 ad
367 1085 585 1137 malum
610 1096 739 1135 mea
772 1083 1017 1134 aﬂ‘ectio.
1054 1080 1138 1132 Ibi
1178 1079 1373 1131 nullus
1408 1078 1605 1141 lapsus
1628 1079 1753 1142 erit,

108 1159 257 1209 ubi
276 1158 520 1209 tentatio
543 1168 661 1206 non
685 1155 788 1205 erit
809 1155 911 1206 :ibi
927 1152 1125 1204 nullus
1140 1151 1336 1215 lapsus
1352 1150 1476 1212 erit,
1501 1150 1600 1200 ubi
1616 1152 1757 1197 beata

107 1229 406 1280 Trinitas
430 1228 553 1280 erit.
574 1227 723 1277 Bene
747 1238 880 1289 ergo
906 1224 1203 1275 subditur:
1226 1227 1285 1270 ut
1309 1220 1552 1285 placeam
1573 1235 1756 1269 coram

119 1300 252 1349 Deo
276 1300 343 1347 in
367 1299 575 1347 lumine
599 1297 909 1345 viventium.
938 1297 1138 1346 Coram
1176 1294 1295 1344 Deo
1340 1292 1401 1343 in
1425 1291 1641 1342 lumine
1664 1291 1755 1341 vi-

109 1371 415 1422 ventium
434 1368 807 1433 placebimus,
827 1366 1055 1429 quando
1072 1363 1425 1415 immortales
1436 1363 1629 1414 etsine
1638 1375 1752 1422 pec-

114 1440 811 1505 catoilliapparebimus.
846 1437 1069 1489 Similes
1093 1436 1247 1487 enim
1283 1435 1335 1486 ei
1353 1435 1585 1494 erimus,
1613 1444 1756 1505 quo-

110 1516 308 1565 niam
334 1504 663 1563 videbimus
683 1522 816 1565 eum
846 1509 1014 1559 sicuti
1047 1511 1136 1558 est
1163 1507 1229 1570 (1.
1252 1506 1413 1556 Joan.
1447 1505 1537 1568 3.).
1563 1505 1646 1554 lbi
1668 1504 1752 1555 lu-

114 1598 286 1637 men
312 1595 518 1636 verum
546 1585 601 1633 et
622 1585 838 1633 aeterna
854 1580 986 1631 vita.
1016 1579 1099 1629 Ibi
1124 1578 1429 1640 fulgebunt
1442 1575 1587 1639 justi
1604 1575 1756 1625 sicut

118 1657 231 1709 sol
256 1657 323 1707 in
344 1667 523 1719 regno
550 1654 729 1703 Patris
746 1662 947 1703 eorum
973 1650 1120 1714 (Sep.
1160 1648 1248 1711 3.).
1287 1650 1434 1710 Ergo
1458 1646 1626 1719 nobis
1653 1659 1753 1719 va-

117 1728 307 1779 leant
322 1717 451 1778 haec
474 1724 690 1784 omnia,
719 1728 783 1773 ut
806 1724 985 1773 Deum
1012 1721 1193 1785 gratis
1222 1719 1548 1783 diligamus,
1574 1717 1632 1768 in
1658 1717 1754 1769 illo

122 1810 485 1864 speremus:
506 1809 612 1847 nec
638 1794 946 1853 hominem,
973 1805 1079 1842 nec
1103 1792 1395 1864 diabolum
1422 1792 1748 1864 timeamus.

1855 1506 2190 1559 Altissimus
2213 1514 2321 1572 est,
2350 1510 2482 1572 quia
2514 1512 2953 1573 potentissimus
2991 1517 3098 1576 est,
3129 1515 3263 1577 quia
3287 1506 3458 1580 super

1853 1591 2054 1630 omnes
2076 1584 2179 1631 est.
2206 1580 2431 1631 Clamor
2453 1586 2647 1633 autem
2671 1583 2744 1633 ad
2774 1585 2958 1635 Deum
2990 1589 3079 1636 est
3104 1585 3456 1639 desiderium

1852 1656 2135 1701 nostrum.
2163 1653 2388 1712 Quanto
2417 1652 2547 1716 plus
2573 1653 2820 1716 quisque
2838 1655 3145 1715 desiderat,
3167 1661 3327 1708 tanto
3339 1671 3455 1709 am-

1853 1720 2003 1784 plius
2031 1722 2258 1774 clamat.
2291 1723 2440 1774 Dicit
2463 1723 2843 1783 Altissimum,
2870 1726 3009 1776 dicit
3032 1732 3091 1778 et
3115 1729 3451 1793 benignum,

1850 1805 1984 1843 cum
2010 1794 2237 1845 subdit:
2278 1794 2448 1843 Deum
2487 1795 2585 1859 qui
2608 1795 2853 1859 benefecil
2877 1797 3037 1846 mihi.
3066 1798 3213 1849 Audi
3239 1806 3456 1862 quanta

121 1861 485 1923 'foleremus
513 1867 716 1950 malos,
744 1866 925 1950 simus
950 1863 1203 1950 bonirde
1226 1864 1454 1950 nemine
1480 1861 1743 1950 despere-
1774 1876 1829 1950 B
1855 1863 2149 1950 beneficia,
2195 1868 2257 1915 ut
2300 1865 2545 1929 amplius
2591 1865 2796 1929 diligas
2839 1868 3044 1930 Deum,
3085 1873 3141 1920 et
3186 1861 3453 1924 devotius

122 1955 300 1993 mus.
330 1943 434 1990 Pro
479 1939 751 1989 omnibus
784 1936 891 2000 (Ea:
932 1933 1250 1997 Augustino)
1302 1945 1448 1996 quos
1475 1933 1742 1997 patimur,

124 2025 384 2064 oremus
412 2027 423 2060 :
450 2015 513 2060 ut
537 2012 593 2060 et
622 2009 713 2059 hic
749 2008 808 2058 in
841 2006 1058 2057 lumine
1083 2006 1230 2063 fidei,
1260 2007 1317 2056 et
1339 2004 1417 2054 ibi
1450 2004 1509 2053 in
1533 2004 1750 2056 lumine

127 2083 363 2148 speciei
381 2084 674 2142 tamquam
700 2078 759 2128 in
774 2077 991 2128 lumine
1007 2076 1329 2127 viventium
1352 2075 1413 2127 in
1436 2079 1749 2139 conspectu

126 2155 251 2207 Dei
278 2154 625 2218 placeamus.
654 2154 856 2200 Amen.

385 2273 558 2343 278
603 2264 968 2328 TITULUS
1012 2262 1335 2326 PSALMI
1382 2262 1549 2325 LVI.

203 2386 258 2439 1.
275 2386 339 2433 In
355 2386 519 2446 finem
534 2398 597 2446 ne
610 2380 904 2446 disperdas.
932 2378 1109 2446 Da_vid
1125 2379 1186 2425 in
1213 2376 1367 2446 tituli;
1379 2377 1749 2446 inscriptione,

127 2465 203 2497 cu
214 2438 267 2496 in
284 2438 492 2509 fugeret
504 2462 536 2493 a
548 2445 685 2507 facie
695 2438 834 2509 'Saul
846 2445 905 2489 in
917 2442 1228 2509 speluncam
1244 2439 1311 2509 (1ζ
1320 2440 1448 2509 _Reg.
1464 2438 1608 2492 2‘2fet
1622 2438 1749 2509 24.).

130 2505 383 2560 Psalmus
409 2512 501 2556 iste
529 2505 686 2554 tendit
710 2509 763 2553 in
799 2508 967 2561 linem,
1005 2507 1053 2550 id
1080 2510 1171 2559 est,
1200 2506 1251 2548 in
1279 2505 1553 2558 Christum,
1580 2506 1750 2552 admo-

131 2588 275 2621 nens
305 2578 368 2626 to,
393 2574 701 2631 quicumque
726 2582 796 2627 es,
824 2582 885 2631 ne
911 2568 1169 2631 tlisperdas
1194 2566 1368 2615 David.
1394 2565 1442 2610 id
1470 2571 1639 2631 est,no
1664 2569 1749 2614 de-

132 2639 367 2682 honoros
385 2628 642 2681 Christum
658 2631 715 2677 in
738 2629 881 2677 tituli
903 2628 1255 2690 inscriptione
1267 2641 1351 2673 mu
1361 2633 1455 2672 tata
1467 2640 1495 2673 a
1514 2633 1575 2684 te,
1597 2630 1645 2673 id
1660 2636 1750 2685 est,

130 2696 494 2745 subtrahendo
542 2696 757 2752 teipsum
803 2706 832 2737 a
867 2706 1019 2747 regno
1062 2692 1267 2743 Christi,
1301 2690 1493 2735 scilicet
1524 2693 1753 2745 negando

131 2761 410 2809 Christum
436 2770 603 2813 regem
629 2770 736 2802 esse
760 2756 1045 2801 Judteorum
1075 2770 1085 2800 :
1124 2753 1454 2809 insvriptione
1481 2753 1612 2797 tituli
1638 2768 1750 2800 mu-

132 2828 244 2870 tata
268 2836 299 2866 a
322 2819 627 2880 quihusdam
641 2824 776 2872 tunc,
795 2830 907 2864 cum
926 2815 1307 2880 fugeretDnvid,
1326 2814 1376 2880 id
1394 2814 1752 2880 e_st,__Christus,

131 2900 165 2931 a
195 2875 353 2935 facie:
378 2882 427 2928 id
453 2888 544 2933 est,
584 2896 613 2927 [ι
637 2880 921 2937 cognitione
960 2879 1096 2933 Saul,
1123 2878 1172 2921 id
1200 2881 1291 2931 est,
1329 2875 1536 2931 diaboli,
1562 2878 1639 2922 vel
1663 2880 1749 2923 Ju-

131 2948 398 2999 daaorum,
423 2945 475 2989 in
501 2943 814 3001 speluncam,
840 2942 995 2995 idest,
1023 2941 1077 2986 in
1102 2938 1463 3001 humanitatem
1482 2939 1559 2983 vel
1588 2940 1753 2998 sepul-

134 3021 314 3056 crum.
342 3000 543 3064 Propter
567 3005 658 3051 hoc
675 3005 811 3049 enim
836 3003 968 3061 quod
994 3002 1149 3047 solam
1176 3000 1751 3064 humanitatemgChristi

132 3062 513 3128 cognoverunt,
532 3072 579 3113 et
595 3068 647 3112 in
666 3067 897 3124 sepulcro
912 3062 1433 3128 mortuumviderunt,
1450 3062 1592 3128 nullo
1606 3064 1751 3109 modo

132 3124 464 3179 attendentes
491 3142 600 3175 esse
624 3130 808 3175 Deum:
839 3127 1045 3185 quidam
1066 3124 1198 3171 tituli
1238 3125 1619 3182 inscriptionem
1636 3138 1750 3172 mu-

134 3198 405 3243 taverunt,
430 3195 669 3247 negantes
688 3191 942 3237 Christum
961 3203 1069 3235 esse
1081 3199 1248 3246 regem
1264 3186 1551 3232 Judaeorum
1571 3185 1750 3248 (Joan.

133 3261 206 3307 19
242 3256 296 3315 ε).
326 3254 526 3301 Materia
561 3258 636 3299 est
668 3252 915 3315 Christus.
945 3254 998 3297 In
1032 3249 1526 3315 primapartosicut
1557 3250 1611 3315 in
1635 3251 1751 3296 aliis

1854 1934 2085 1986 clames.

1913 2005 1963 2059 4.
1988 2006 2135 2054 Misit
2160 2006 2220 2054 de
2244 2006 2382 2070 celo,
2426 2006 2595 2070 idest,
2620 2006 2691 2059 de
2729 2009 2959 2060 excelso
3004 2008 3095 2061 vel
3139 2009 3208 2061 de
3234 2016 3453 2064 secreto

1852 2078 2057 2129 suo.Et
2097 2077 2336 2126 liberavit
2352 2093 2452 2137 me,
2470 2078 2611 2127 dedit
2626 2080 2688 2127 in
2714 2080 3066 2144 opprobrium
3090 2082 3455 2133 conculcantes

1850 2163 1949 2197 me.
1978 2149 2230 2212 Dispersi
2256 2154 2392 2199 sunt
2417 2162 2517 2212 per
2539 2162 2739 2201 omnes
2753 2156 2957 2215 gentes
2979 2152 3086 2214 (Ea:
3107 2154 3452 2217 Augustino),

1851 2232 2142 2282 nusquam
2178 2219 2459 2270 habentes
2507 2221 2898 2283 stabilitatem,
2923 2235 3215 2286 nusquam
3241 2228 3451 2278 certam

1852 2290 2071 2342 sedem.
2088 2292 2390 2354 Propterea
2412 2293 2605 2342 autem
2625 2292 2815 2342 adhuc
2830 2292 3019 2344 Judaei
3039 2299 3264 2355 sunt,ut
3278 2294 3455 2347 libros

1852 2365 2081 2424 portent
2113 2362 2183 2411 ad
2224 2362 2622 2414 confusionem
2661 2375 2841 2413 suam.
2864 2366 2927 2414 In
2955 2364 3109 2427 quali
3131 2364 3272 2417 libro
3298 2372 3454 2429 sunt,

1851 2433 2085 2484 attende
2113 2449 2124 2483 :
2151 2434 2413 2485 Codicem
2439 2438 2628 2497 portat
2641 2435 2670 2484 J
2679 2434 2902 2499 udaeus,
2920 2435 3074 2487 unde
3092 2437 3286 2489 credat
3298 2439 3451 2490 Chri-

1854 2504 2096 2555 stianus.
2114 2505 2344 2555 Librarii
2358 2505 2539 2555 nostri
2553 2505 2688 2556 facti
2707 2509 2859 2557 sunt.
2883 2507 3095 2559 Deinde
3120 2509 3258 2571 quid
3283 2510 3457 2561 mise-

1853 2577 1925 2626 rit
1945 2576 2013 2625 de
2038 2576 2178 2628 caelo
2209 2577 2382 2633 Deus,
2408 2580 2509 2626 aut
2532 2577 2789 2639 aquibus
2806 2590 2938 2629 eum
2958 2577 3301 2637 liberaverit,
3332 2581 3456 2632 evi-

1854 2646 2057 2698 denter
2078 2647 2349 2711 insinuat,
2373 2660 2505 2697 cum
2539 2648 2842 2713 subjungit
2870 2663 2882 2698 :
2909 2650 3055 2698 Misit
3080 2651 3218 2699 Deus
3243 2653 3457 2701 miseri-

1853 2718 2093 2765 cordiam
2114 2733 2274 2766 suam
2294 2723 2341 2765 et
2364 2719 2632 2767 veritatem
2652 2733 2829 2768 suam.
2849 2721 2931 2771 De
2957 2720 3065 2771 hac
3082 2722 3357 2774 missione
3374 2723 3456 2774 di-

1854 2789 1931 2839 cit
1954 2790 2194 2839 Paulus:
2215 2790 2527 2853 Postquam
2543 2789 2698 2840 venit
2719 2790 3016 2854 plenitudo
3042 2793 3456 2857 temporis,mi-

1855 2860 1930 2911 sit
1975 2862 2129 2910 Deus
2176 2860 2380 2910 Filium
2433 2873 2604 2910 suum
2649 2860 2709 2911 in
2757 2862 2943 2925 terris,
2974 2867 3079 2913 etc.
3130 2864 3323 2926 (Galat.
3361 2865 3452 2928 4.).

1854 2932 2112 2983 Christus
2128 2935 2218 2982 est
2251 2944 2384 2996 ergo
2400 2932 2502 2982 Dei
2527 2931 2934 2993 misericordia,
2959 2934 3093 2996 quia
3112 2939 3345 2998 peccata
3371 2937 3456 2987 di-

1852 3002 2049 3054 mittit.
2078 3002 2338 3053 Christus
2367 3007 2457 3053 est
2486 3003 2702 3054 veritas
2734 3003 2908 3068 (Joan.
2937 3003 3062 3067 14.),
3097 3006 3233 3069 quia
3256 3006 3456 3071 implet

1853 3074 2006 3138 quod
2051 3074 2327 3137 promisit.
2370 3073 2621 3125 Attende
2660 3074 3109 3127 misericordiam
3138 3077 3211 3128 ad
3237 3082 3292 3130 te
3314 3079 3455 3131 mis-

1855 3159 1997 3205 sam,
2044 3150 2102 3197 et
2132 3149 2465 3197 convertere
2503 3158 2537 3195 a
2559 3146 2828 3208 peccatis.
2862 3146 3110 3199 Attende
3132 3149 3452 3215 veritatem,

1855 3223 1913 3269 et
1938 3229 2176 3267 securus
2202 3220 2326 3266 esto
2353 3215 2424 3267 de
2446 3216 2771 3280 promissis.

134 3287 363 3379 psalmis
389 3316 475 3362 ubi
502 3316 561 3361 de
585 3314 825 3379 passione
843 3312 965 3379 agit,
989 3287 1647 3379 pfmmittiiorationem.‘1n
1671 3326 1748 3359 se-

1923 3287 1974 3342 5.
1994 3288 2271 3351 Eteripuit
2289 3288 2541 3336 animam
2565 3302 2740 3337 meam
2753 3288 2815 3337 de
2834 3289 3008 3339 medio
3029 3289 3335 3341 catulorum
3352 3291 3456 3342 leo-

1866 3376 1989 3379 ,_-,.__
2040 3359 2141 3379 l\--:
2171 3364 2301 3379 ---..ι
2335 3359 2501 3379 --A--I.‘
2524 3358 2747 3379 1........Δ
2778 3365 2800 3379 n
2825 3362 3073 3379 n-_n_In__
3105 3363 3243 3379 __-_1-
3295 3377 3309 3379 n
3328 3378 3337 3379 κ
3364 3364 3381 3379 j

137 3372 320 3429 bunda
354 3382 492 3437 parte
527 3390 640 3435 quae
673 3376 870 3434 incipit,
904 3377 1035 3421 Misit
1068 3375 1127 3421 de
1148 3373 1273 3437 caelo
1305 3372 1609 3437 etliheravit
1642 3388 1747 3421 me:

141 3443 315 3500 tangit
338 3436 555 3486 breviter
577 3439 637 3484 de
660 3439 894 3496 passione
926 3451 1018 3483 sua
1042 3441 1087 3482 et
1111 3436 1499 3500 gloriﬁcatione.
1516 3436 1571 3481 In
1612 3438 1755 3482 tertia

137 3497 267 3565 qua}
302 3503 502 3561 incipit,
532 3502 761 3547 Paratum
799 3512 882 3546 cor
906 3500 1245 3565 meum_Deus
1272 3512 1282 3543 :
1309 3497 1621 3565 ostenditlse
1646 3513 1751 3565 ma-

139 3558 306 3626 gnam
353 3558 552 3610 laudem
588 3564 687 3626 Deo
719 3576 777 3608 ex
810 3575 903 3608 sua
941 3561 1303 3626 gloriﬁcatione
1328 3558 1502 3626 facere.
1530 3559 1755 3626 Ostendit

141 3622 388 3677 Christus
413 3628 469 3671 in
482 3627 573 3672 hoc
586 3625 779 3683 psalmo
799 3637 889 3681 per
910 3624 1209 3683 mysterium
1235 3634 1343 3667 sua:
1371 3622 1752 3679 incarnationis,

139 3690 412 3749 passionis
438 3694 485 3733 et
509 3687 1073 3749 resurrectionis,atque
1086 3683 1398 3749 ascensionis
1424 3688 1577 3749 totum
1602 3698 1752 3749 mun-

142 3745 275 3798 dum
304 3750 603 3799 Christianae
628 3750 743 3794 ﬁdei
769 3748 1160 3805 subjiciendum.
1198 3748 1289 3792 Per
1312 3745 1405 3791 hoc
1427 3746 1660 3793 videlicet
1683 3748 1758 3793 in-

146 3814 368 3860 tendens
393 3825 567 3858 omnes
592 3812 878 3865 admonere,
899 3814 951 3856 ut
976 3810 1151 3855 nullus
1171 3809 1237 3855 sit
1252 3808 1343 3867 qui
1360 3807 1479 3853 velit
1496 3822 1548 3854 se
1562 3810 1622 3855 ab
1647 3810 1756 3867 ejus

148 3890 316 3934 regno
340 3874 793 3933 perinﬁdelitatem
812 3872 1120 3918 subtrahere.
1148 3872 1204 3916 Et
1220 3870 1311 3916 hoc
1330 3869 1444 3916 facit
1470 3884 1755 3929 proponen-

143 3939 214 3985 do
231 3937 385 3983 nobis
403 3936 799 3982 incarnationem
818 3948 981 3989 suam,
998 3935 1304 3993 passionem,
1320 3936 1755 3990 resurrectionem,

145 4000 506 4047 ascensionem
532 4011 693 4044 suam.
721 3998 801 4043 Sic
824 4010 941 4055 ergo
975 3997 1154 4054 incipit
1180 4011 1190 4042 :

639 4092 1044 4156 PSALMUS
1104 4093 1273 4157 LVI.

216 4226 271 4282 2.
301 4228 547 4277 Miserere
589 4227 714 4288 mei,
753 4227 912 4289 Deus,
944 4228 1194 4275 miserere
1221 4227 1344 4278 mei.
1372 4227 1554 4278 Audis
1580 4226 1758 4290 magi-

151 4306 351 4354 strum
373 4304 632 4350 orantem
661 4316 671 4348 :
698 4298 856 4349 disce
878 4310 1057 4349 orare.
1085 4298 1169 4349 Ad
1189 4299 1301 4349 hoc
1312 4298 1464 4349 enim
1480 4298 1678 4357 oravit,
1698 4302 1764 4349 ut

149 4373 394 4425 doceret
415 4384 591 4423 orare.
638 4369 727 4421 Ad
759 4370 867 4421 hoc
898 4382 1104 4432 passus
1135 4373 1245 4431 est,
1281 4373 1345 4420 ut
1373 4370 1601 4421 doceret
1624 4368 1759 4432 pati.

150 4443 249 4497 Ad
276 4442 389 4494 hoc
412 4442 727 4494 resurrexit
741 4446 807 4492 ut
823 4441 1052 4493 doceret
1070 4453 1299 4503 sperare
1324 4443 1759 4489 resurrectionem.

149 4513 521 4567 Geminando
550 4512 887 4573 orationem,
912 4524 1181 4575 magnam
1209 4511 1375 4562 nobis
1392 4512 1648 4562 insinuat
1662 4523 1765 4561 ne-

151 4586 509 4639 cessitatem.
532 4586 727 4635 Potest
742 4585 915 4635 etiam
932 4584 1058 4635 haec
1074 4583 1352 4634 orationis
1368 4582 1675 4647 geminatio
1692 4582 1764 4633 ad

1860 3376 2013 3410 num.
2038 3359 2145 3422 Qui
2169 3364 2307 3410 sunt
2330 3359 2504 3411 catuli
2522 3358 2754 3411 leonum
2778 3365 2800 3409 ?
2825 3362 3076 3425 Populus
3105 3363 3252 3416 male
3286 3364 3458 3416 sedu-

1854 3437 1981 3484 ctus
1996 3444 2027 3480 a
2040 3431 2394 3495 principibus
2416 3431 2803 3483 sacerdotum.
2820 3433 2906 3484 Illi
2918 3433 3131 3495 leones,
3145 3434 3239 3486 isti
3252 3437 3454 3484 leonum

1854 3503 2046 3555 catuli.
2074 3503 2289 3553 Omnes
2314 3501 2687 3554 fremuerunt.
2715 3504 2929 3555 Omnes
2953 3505 3459 3558 circumdederunt

1857 3587 2010 3638 eum,
2037 3573 2107 3625 de
2141 3587 2385 3637 quorum
2418 3574 2607 3626 medio
2630 3574 2823 3626 anima
2845 3580 3039 3640 erepta
3062 3582 3171 3640 est,
3198 3577 3300 3629 sed
3333 3591 3458 3630 cor-

1857 3660 1964 3710 pus
1989 3645 2263 3696 octrisum.
2290 3644 2452 3696 Unde
2477 3649 2535 3696 et
2560 3645 2786 3697 subdit:
2807 3646 3054 3696 Dormivi
3068 3648 3418 3697 conturbatus
3443 3666 3454 3698 :

1858 3717 2041 3769 Nolite
2074 3716 2279 3780 (inquit
2320 3717 2614 3779 Dominus)
2663 3719 2861 3769 timere
2903 3730 3002 3769 eos
3046 3720 3143 3782 qui
3188 3719 3462 3772 occidunt

1856 3801 2083 3852 corpus,
2102 3790 2356 3839 animam
2371 3792 2566 3840 autem
2581 3801 2697 3840 non
2714 3793 2962 3853 possunt
2976 3790 3235 3842 occidere
3246 3791 3458 3853 (Matth.

1858 3860 1984 3922 10.).
2007 3859 2153 3920 Quid
2179 3859 2332 3910 enim
2355 3872 2560 3911 nocere
2579 3866 2829 3924 possunt
2852 3861 3039 3925 bonis,
3057 3862 3460 3915 tantummodo

1858 3944 2065 3995 corpus
2089 3931 2403 3983 occidendo
2430 3931 2894 3996 tlmoadjuvant,
2908 3933 3045 3984 dum
3063 3934 3231 3985 citius
3253 3937 3462 3985 mittunt

1857 4003 1929 4054 ad
1956 4015 2217 4065 regnum.
2244 4004 2452 4065 Aperte
2475 4005 2670 4053 autem
2690 4002 2847 4065 dicit,
2867 4004 3133 4053 DOrmivi.
3158 4007 3307 4057 Mors
3324 4010 3459 4055 enim

1860 4075 1909 4126 ei
1937 4086 2178 4123 somnus
2203 4072 2341 4123 fuit:
2361 4072 2495 4135 quia
2519 4086 2692 4135 quam
2712 4073 2873 4125 facile
2895 4074 3142 4138 quisque
3166 4082 3358 4139 potest
3384 4092 3464 4125 ex-

1860 4145 2020 4195 citari
2043 4156 2077 4195 a
2091 4156 2312 4207 somno,
2328 4147 2445 4194 tam
2473 4143 2635 4194 facile
2653 4143 2762 4195 fuit
2778 4145 3022 4197 Domino
3044 4152 3244 4198 nostro
3256 4161 3291 4199 a
3305 4154 3462 4196 morte

1860 4229 2179 4280 resurgere.
2204 4214 2368 4266 Unde
2390 4214 2513 4277 ipse
2529 4214 2611 4265 ait
2632 4228 2648 4264 :
2676 4217 3027 4266 Potestalem
3044 4216 3226 4268 habeo
3238 4220 3462 4277 ponendi

1860 4287 2112 4338 animam
2133 4299 2342 4345 meam,
2368 4288 2425 4337 et
2446 4285 2656 4336 iterum
2680 4285 2950 4336 sumendi
2972 4298 3099 4337 eam
3127 4287 3306 4349 (Joan.
3334 4287 3461 4349 10.).

1862 4358 2108 4407 Dormivi
2135 4358 2355 4423 (inquit)
2382 4356 2541 4420 prius
2567 4356 2625 4407 in
2644 4358 2909 4420 passione
2932 4357 3298 4409 conturbatus.
3323 4359 3461 4408 Tur-

1862 4429 1969 4481 bav
1980 4432 2146 4481 erunt
2169 4428 2266 4488 illi,
2285 4427 2557 4480 dormivit
2578 4426 2686 4479 ille.
2714 4428 2923 4491 Magna
2945 4426 3239 4479 humilitas
3256 4430 3461 4479 turbati.

1865 4502 2072 4565 Magna
2102 4504 2362 4566 potestas
2407 4497 2765 4549 dormientis.
2803 4499 2919 4548 Nec
2943 4501 3205 4562 poterant
3233 4500 3464 4550 turbare

1864 4572 1962 4634 illi,
1991 4573 2103 4623 nisi
2126 4574 2409 4636 quantum
2433 4569 2663 4620 volebat
2686 4567 2797 4620 ille.
2826 4568 2934 4630 Qui
2967 4568 3202 4621 fuerunt
3222 4569 3303 4621 illi
3326 4582 3463 4621 con-

153 4659 393 4711 diversa
415 4655 624 4713 referri,
648 4656 757 4733 hoc
780 4655 980 4733 modo:
998 4655 1245 4733 Miserere
1261 4639 1544 4733 meiwDeus,
1561 4654 1760 4733 dando
1786 4660 1843 4733 D
1866 4646 2248 4733 turbatores:
2242 4640 2892 4733 [fitijA’f-gtjljtjflﬁajgish
2902 4642 2955 4733 ἐξ
2949 4639 3225 4733 υξῖἓίῇξίξιξ
3245 4641 3465 4733 ξείὶῖυξς

154 4728 303 4781 mihi
316 4727 707 4779 constantiam
728 4726 788 4777 in
812 4725 1101 4790 passione,
1127 4726 1375 4775 Miserere
1399 4725 1530 4789 mei,
1556 4725 1761 4776 facien~

154 4802 236 4854 do
260 4811 356 4851 me
379 4811 699 4863 resurgere.
726 4799 795 4849 Et
809 4797 987 4848 debes
1012 4797 1287 4859 misereri,
1312 4797 1587 4855 Quoniam
1610 4797 1671 4845 in
1699 4802 1762 4861 te,

154 4885 283 4925 non
320 4871 383 4922 in
414 4869 544 4933 alio,
588 4869 811 4931 conﬁdit
834 4870 1029 4918 anima
1070 4883 1207 4917 mea.
1239 4870 1324 4919 Ac
1350 4867 1399 4919 si
1444 4867 1610 4929 dicat,
1638 4869 1765 4920 Non

158 4950 392 4996 tantum
426 4940 653 4993 conﬁdo
684 4941 743 4992 in
769 4944 822 4992 te
853 4940 911 4991 in
939 4940 1233 5004 praesenti,
1266 4938 1366 4990 sed
1391 4940 1644 4991 etiamin
1679 4939 1763 4991 fu-

158 5022 314 5068 turo.
330 5014 458 5064 Non
474 5012 797 5063 secundum
820 5023 1027 5074 corpus
1044 5014 1294 5071 tantum,
1319 5008 1414 5061 sed
1445 5010 1765 5063 secundum

158 5086 438 5137 animam.
465 5085 534 5135 Et
555 5083 683 5134 ideo
705 5082 896 5133 adhuc
930 5081 1143 5142 subdit,
1169 5086 1215 5130 et
1247 5081 1309 5129 in
1332 5081 1526 5131 umbra
1547 5082 1766 5132 alarum

159 5164 393 5207 tuarum
424 5152 664 5219 sperabo.
703 5155 752 5204 A
790 5151 965 5204 simili
997 5153 1215 5203 dictum
1249 5155 1340 5203 est
1360 5152 1470 5204 hoc
1496 5169 1507 5203 :
1536 5154 1689 5205 sicut
1705 5153 1765 5203 in

160 5226 479 5290 Evangelio
525 5224 806 5276 Dominus
838 5223 1159 5275 Jerusalem
1174 5224 1283 5274 ait:
1311 5224 1585 5285 Quotiens
1610 5223 1767 5275 volui

159 5309 515 5363 congregare
537 5297 683 5347 filios
698 5301 829 5347 tuos
847 5294 1337 5359 quemadmodum
1356 5298 1543 5355 gallina
1555 5311 1762 5356 congre-

160 5374 265 5434 gat
281 5368 431 5420 ﬁlios
466 5380 605 5418 suos
632 5368 740 5419 sub
765 5366 891 5430 alis,
917 5370 975 5417 et
989 5365 1223 5416 noluisti
1252 5366 1457 5428 (Matth.
1483 5365 1588 5429 23.)
1617 5367 1643 5414 9
1668 5366 1768 5417 Di-

161 5442 301 5494 vina
316 5439 555 5502 quidem
575 5439 803 5490 bonitas
827 5438 1076 5500 quodam
1095 5436 1261 5500 quasi
1282 5441 1543 5489 materno
1558 5438 1768 5489 affectu

160 5512 273 5563 alis
296 5522 423 5561 sua;
448 5508 857 5560 misericordiae
873 5513 931 5560 et
944 5508 1217 5572 potentiae
1232 5508 1682 5571 protegit,atque
1706 5511 1767 5556 ab

162 5584 319 5636 astu
342 5580 617 5633 vitiorum
638 5579 1206 5643 defenditsperantes
1228 5579 1287 5628 in
1311 5591 1388 5629 se.
1408 5579 1558 5629 Bene
1569 5582 1768 5631 autem

163 5654 552 5716 subjunctum
585 5656 677 5702 est
703 5668 712 5700 :
745 5652 915 5701 Donec
939 5655 1174 5699 transeat
1207 5650 1492 5714 iniquitas.
1521 5650 1686 5701 Modo
1710 5650 1770 5702 in

163 5726 278 5777 hoc
304 5722 522 5775 saeculo
534 5721 811 5785 quamdiu
826 5722 1296 5785 duratiniquitas,
1316 5720 1626 5784 unicuique
1633 5724 1770 5782 justo

166 5808 303 5861 spes
326 5793 661 5846 necessaria
706 5798 813 5857 est,
836 5797 903 5845 ut
937 5793 1219 5857 sperando
1245 5797 1462 5845 aeterna
1500 5794 1650 5844 bona
1671 5806 1771 5858 pa-

164 5868 380 5921 tienter
390 5864 559 5916 'mala
574 5864 897 5917 sustineant
926 5864 1276 5929 temporalia.
1293 5864 1440 5915 Hinc
1455 5863 1669 5917 Paulus
1679 5864 1776 5917 ad-

166 5941 373 5991 monet
406 5936 610 5986 dicens
636 5951 647 5984 ε
685 5934 792 5997 Spe
814 5936 1152 6000 gaudentes,
1200 5939 1260 5986 1n
1285 5936 1646 5989 tribulatione
1670 5948 1771 6001 pa-

1866 4721 2000 4767 runt
2029 4728 2158 4767 esse
2176 4714 2491 4765 imitatores
2508 4710 2960 4773 patriarcharum
2985 4717 3042 4763 et
3059 4712 3463 4776 prophetarum

1864 4786 2274 4839 rationabiliter
2298 4782 2637 4836 viventium.
2661 4782 2960 4844 Quomodo
2987 4783 3338 4849 occiderunt,
3365 4784 3464 4848 qui

1864 4860 2078 4912 ferrum
2122 4870 2240 4909 non
2269 4855 2645 4907 habuerunt?
2675 4855 2862 4902 Dentes
2894 4868 3079 4903 eorum
3111 4870 3273 4907 arma
3317 4862 3362 4906 et
3384 4871 3467 4906 3a-

1862 4932 2019 4996 gittw,
2044 4935 2089 4979 et
2106 4928 2297 4993 lingua
2320 4940 2525 4989 eorum,
2541 4925 2758 4989 gladius
2774 4930 2981 4977 acutus.
3001 4927 3218 4979 Dentes
3244 4928 3467 4993 signiﬁ-

1863 5007 1997 5055 cant
2020 4999 2349 5052 mordentes
2377 4997 2716 5059 locutiones,
2743 4996 2955 5059 quibus
2988 5001 3266 5063 tanquam
3290 5001 3465 5052 armis

1863 5079 1921 5127 et
1943 5073 2168 5137 sagittis
2206 5070 2378 5123 modo
2423 5069 2706 5129 cominus,
2745 5068 2917 5120 modo
2949 5068 3021 5121 de
3061 5069 3251 5136 longe,
3294 5072 3465 5124 modo

1863 5145 2184 5207 manifeste,
2207 5142 2377 5194 modo
2394 5140 2616 5193 occulte
2643 5139 2944 5192 vulnerare
2966 5141 3148 5193 moliti
3175 5144 3329 5193 sunt.
3354 5142 3465 5190 Noli

1863 5216 2156 5270 attendere
2187 5215 2437 5266 inermes
2473 5224 2701 5269 manus,
2735 5211 2836 5263 sed
2874 5224 2939 5262 os
2980 5216 3283 5263 armatum.
3326 5212 3466 5264 Inde

1864 5288 2090 5353 gladius
2115 5286 2407 5350 processit,
2439 5283 2592 5334 unde
2624 5283 2886 5334 Christus
2925 5283 3297 5347 occideretur,
3324 5295 3467 5347 quo-

1866 5359 2036 5411 modo
2072 5363 2127 5408 ct
2150 5358 2222 5409 de
2256 5371 2351 5408 ore
2376 5355 2604 5418 Christi,
2632 5354 2784 5406 unde
2820 5354 3009 5405 Judaei
3051 5354 3463 5406 occiderentur.

1867 5434 2012 5483 Nam
2041 5424 2395 5494 habet280
2420 5426 2508 5478 ille
2528 5425 2783 5491 gladium
2809 5424 2898 5475 bis
2918 5427 3170 5489 acutum,
3197 5430 3254 5475 et
3277 5438 3466 5476 resur-

1865 5515 2009 5568 gens
2036 5501 2317 5564 percussit
2347 5511 2466 5561 eos,
2486 5503 2552 5549 ut
2569 5497 2778 5549 faceret
2792 5495 2990 5546 ﬁdeles
3006 5494 3467 5568 suos._Illimalurn

1867 5565 2142 5642 gladium,
2169 5570 2261 5621 ille
2284 5571 2501 5621 bonum
2532 5582 2544 5618 :
2570 5568 2650 5642 illi
2673 5568 2914 5642 sagittas
2937 5565 3244 5642 malas,_ille
3268 5567 3468 5631 bonas,

1870 5636 2087 5700 scilicet
2102 5643 2276 5692 verba
2290 5643 2455 5703 bona,
2476 5639 2630 5691 unde
2658 5641 2893 5704 sagittat
2913 5652 3011 5689 cor
3028 5637 3215 5699 ﬁdele,
3240 5643 3304 5689 ut
3327 5653 3471 5688 nmo-

1869 5726 1980 5772 tur.
2008 5712 2247 5775 Quando
2292 5724 2427 5774 ergo
2474 5716 2899 5775 percusserunt,
2948 5710 3061 5761 nisi
3104 5710 3336 5774 quando
3363 5711 3472 5763 cla-

1869 5785 2211 5842 maverunt:
2260 5780 2556 5843 Cruciﬂge,
2587 5782 2855 5845 cruciﬂge
2903 5781 3110 5844 (Matth.
3151 5779 3260 5844 27;
3303 5782 3468 5831 Joan.

1871 5860 2017 5924 19.)?
2042 5857 2109 5906 Et
2132 5852 2272 5917 quid
2298 5850 2699 5924 tibifecerunt,
2735 5865 2768 5903 o
2791 5852 3034 5924 Domine
3066 5856 3095 5924 ἐξ
3121 5852 3353 5924 Exultat
3376 5851 3470 5903 hic

1873 5922 2188 5994 Prdpheta:
2222 5924 2380 5976 Vidit
2401 5922 2460 5973 in
2492 5924 2695 5988 spiritu
2726 5922 3037 5974 Dominum
3083 5922 3467 5981 humiliatum,
