  <div class='ocr_page' id='page_1' title='image "/cluster/home/n/w/nwhite01/storage/ocr_20150623/20-21/uva.x000826555/1049.png"; bbox 0 0 3880 6222; ppageno 0'>
   <div class='ocr_carea' id='block_1_1' title="bbox 457 302 3807 404">
    <p class='ocr_par' dir='ltr' id='par_1_1' title="bbox 457 302 3807 404">
     <span class='ocr_line' id='line_1_1' title="bbox 457 302 3807 404; baseline -0.006 0"><span class='ocrx_word' id='word_1_1' title='bbox 457 349 555 404; x_wconf 82' lang='grc'><strong>871</strong></span> <span class='ocrx_word' id='word_1_2' title='bbox 1510 345 1777 397; x_wconf 83' lang='lat' dir='ltr'><strong>RUFINO</strong></span> <span class='ocrx_word' id='word_1_3' title='bbox 1811 347 2273 398; x_wconf 74' lang='lat' dir='ltr'><strong>pnsssv&#39;rsao</strong></span> <span class='ocrx_word' id='word_1_4' title='bbox 2307 343 2698 398; x_wconf 79' lang='lat' dir='ltr'><strong>ASCRIPTUS</strong></span> <span class='ocrx_word' id='word_1_5' title='bbox 3218 302 3235 313; x_wconf 77' lang='grc'><em>’</em></span> <span class='ocrx_word' id='word_1_6' title='bbox 3730 330 3807 384; x_wconf 75' lang='grc' dir='ltr'><strong>8ῖ;</strong></span> 
     </span>
    </p>
   </div>
   <div class='ocr_carea' id='block_1_2' title="bbox 456 444 3807 534">
    <p class='ocr_par' dir='ltr' id='par_1_2' title="bbox 456 444 3807 534">
     <span class='ocr_line' id='line_1_2' title="bbox 456 444 3807 534; baseline -0.003 -22"><span class='ocrx_word' id='word_1_7' title='bbox 456 460 825 534; x_wconf 70' lang='lat' dir='ltr'><strong>flagellatam,</strong></span> <span class='ocrx_word' id='word_1_8' title='bbox 850 458 1090 534; x_wconf 70' lang='lat' dir='ltr'><strong>spiuinis</strong></span> <span class='ocrx_word' id='word_1_9' title='bbox 1114 459 1469 534; x_wconf 81' lang='lat' dir='ltr'><strong>coronatum,</strong></span> <span class='ocrx_word' id='word_1_10' title='bbox 1495 456 1651 534; x_wconf 83' lang='lat' dir='ltr'><strong>ligno</strong></span> <span class='ocrx_word' id='word_1_11' title='bbox 1680 470 2048 534; x_wconf 75' lang='lat' dir='ltr'><strong>suspensum.</strong></span> <span class='ocrx_word' id='word_1_12' title='bbox 2078 464 2132 534; x_wconf 76' lang='grc' dir='ltr'><strong>Α</strong></span> <span class='ocrx_word' id='word_1_13' title='bbox 2153 456 2587 509; x_wconf 74' lang='lat' dir='ltr'><strong>commendetur</strong></span> <span class='ocrx_word' id='word_1_14' title='bbox 2622 458 2679 534; x_wconf 76' lang='lat' dir='ltr'><strong>et</strong></span> <span class='ocrx_word' id='word_1_15' title='bbox 2711 464 2901 534; x_wconf 75' lang='lat' dir='ltr'><strong>opere.</strong></span> <span class='ocrx_word' id='word_1_16' title='bbox 2929 448 3472 534; x_wconf 45' lang='lat' dir='ltr'><strong>Deindeexjpleta</strong></span> <span class='ocrx_word' id='word_1_17' title='bbox 3520 444 3807 534; x_wconf 43' lang='lat' dir='ltr'><strong>Bilistage.</strong></span> 
     </span>
    </p>
   </div>
   <div class='ocr_carea' id='block_1_3' title="bbox 451 518 3807 590">
    <p class='ocr_par' dir='ltr' id='par_1_3' title="bbox 451 518 3807 590">
     <span class='ocr_line' id='line_1_3' title="bbox 451 518 3807 590; baseline -0.005 -8"><span class='ocrx_word' id='word_1_18' title='bbox 451 518 584 582; x_wconf 71' lang='lat' dir='ltr'><strong>Illos</strong></span> <span class='ocrx_word' id='word_1_19' title='bbox 616 518 945 590; x_wconf 80' lang='lat' dir='ltr'><strong>saevientes,</strong></span> <span class='ocrx_word' id='word_1_20' title='bbox 970 528 1130 577; x_wconf 88' lang='lat' dir='ltr'><strong>illum</strong></span> <span class='ocrx_word' id='word_1_21' title='bbox 1163 539 1296 578; x_wconf 89' lang='lat' dir='ltr'><strong>vero</strong></span> <span class='ocrx_word' id='word_1_22' title='bbox 1336 518 1693 578; x_wconf 78' lang='lat' dir='ltr'><strong>tolerantem.</strong></span> <span class='ocrx_word' id='word_1_23' title='bbox 1722 518 1854 579; x_wconf 82' lang='lat' dir='ltr'><strong>Illos</strong></span> <span class='ocrx_word' id='word_1_24' title='bbox 1884 529 2052 579; x_wconf 81' lang='lat' dir='ltr'><strong>exul-</strong></span> <span class='ocrx_word' id='word_1_25' title='bbox 2078 518 2132 534; x_wconf 67' lang='lat'>“</span> <span class='ocrx_word' id='word_1_26' title='bbox 2154 541 2386 580; x_wconf 88' lang='lat' dir='ltr'><strong>carnem</strong></span> <span class='ocrx_word' id='word_1_27' title='bbox 2431 538 2599 578; x_wconf 91' lang='lat' dir='ltr'><strong>suam</strong></span> <span class='ocrx_word' id='word_1_28' title='bbox 2643 523 2951 575; x_wconf 88' lang='lat' dir='ltr'><strong>denuntiat</strong></span> <span class='ocrx_word' id='word_1_29' title='bbox 2982 519 3437 583; x_wconf 81' lang='lat' dir='ltr'><strong>suscitandam,</strong></span> <span class='ocrx_word' id='word_1_30' title='bbox 3507 529 3668 568; x_wconf 81' lang='lat' dir='ltr'><strong>cum</strong></span> <span class='ocrx_word' id='word_1_31' title='bbox 3696 518 3807 567; x_wconf 81' lang='lat' dir='ltr'><strong>sub-</strong></span> 
     </span>
    </p>
   </div>
   <div class='ocr_carea' id='block_1_4' title="bbox 453 598 3793 668">
    <p class='ocr_par' dir='ltr' id='par_1_4' title="bbox 453 598 3793 668">
     <span class='ocr_line' id='line_1_4' title="bbox 453 598 3793 668; baseline -0.002 -14"><span class='ocrx_word' id='word_1_32' title='bbox 453 608 663 665; x_wconf 90' lang='lat' dir='ltr'><strong>tantes,</strong></span> <span class='ocrx_word' id='word_1_33' title='bbox 688 602 850 651; x_wconf 89' lang='lat' dir='ltr'><strong>illum</strong></span> <span class='ocrx_word' id='word_1_34' title='bbox 875 598 1039 661; x_wconf 90' lang='lat' dir='ltr'><strong>quasi</strong></span> <span class='ocrx_word' id='word_1_35' title='bbox 1066 599 1384 649; x_wconf 86' lang='lat' dir='ltr'><strong>victum.Et</strong></span> <span class='ocrx_word' id='word_1_36' title='bbox 1407 600 2054 661; x_wconf 88' lang='lat' dir='ltr'><strong>posttantumhumilia-</strong></span> <span class='ocrx_word' id='word_1_37' title='bbox 2150 599 2388 663; x_wconf 77' lang='lat' dir='ltr'><strong>jungit:</strong></span> <span class='ocrx_word' id='word_1_38' title='bbox 2633 665 2644 668; x_wconf 89' lang='lat'>_</span> <span class='ocrx_word' id='word_1_39' title='bbox 2723 666 2730 668; x_wconf 92' lang='lat'>_</span> <span class='ocrx_word' id='word_1_40' title='bbox 3374 661 3408 668; x_wconf 17' lang='lat' dir='ltr'><strong>_A</strong></span> <span class='ocrx_word' id='word_1_41' title='bbox 3490 661 3505 668; x_wconf 83' lang='lat'><em>_</em></span> <span class='ocrx_word' id='word_1_42' title='bbox 3708 663 3716 668; x_wconf 90' lang='lat'><strong>_</strong></span> <span class='ocrx_word' id='word_1_43' title='bbox 3785 660 3793 668; x_wconf 18' lang='grc' dir='ltr'><strong><em>ἢ</em></strong></span> 
     </span>
    </p>
   </div>
   <div class='ocr_carea' id='block_1_5' title="bbox 453 661 3811 734">
    <p class='ocr_par' dir='ltr' id='par_1_5' title="bbox 453 661 3811 734">
     <span class='ocr_line' id='line_1_5' title="bbox 453 661 3811 734; baseline -0.006 -9"><span class='ocrx_word' id='word_1_44' title='bbox 453 661 666 725; x_wconf 85' lang='lat' dir='ltr'><strong>tionem</strong></span> <span class='ocrx_word' id='word_1_45' title='bbox 691 670 963 734; x_wconf 74' lang='lat' dir='ltr'><strong>cognovit</strong></span> <span class='ocrx_word' id='word_1_46' title='bbox 985 682 1116 719; x_wconf 91' lang='lat' dir='ltr'><strong>eum</strong></span> <span class='ocrx_word' id='word_1_47' title='bbox 1150 674 1621 732; x_wconf 75' lang='lat' dir='ltr'><strong>resurrecturum,</strong></span> <span class='ocrx_word' id='word_1_48' title='bbox 1648 675 1704 721; x_wconf 85' lang='lat' dir='ltr'><strong>et</strong></span> <span class='ocrx_word' id='word_1_49' title='bbox 1741 671 1934 721; x_wconf 85' lang='lat' dir='ltr'><strong>omnia</strong></span> <span class='ocrx_word' id='word_1_50' title='bbox 1959 670 2055 721; x_wconf 87' lang='lat' dir='ltr'><strong>illa</strong></span> <span class='ocrx_word' id='word_1_51' title='bbox 2153 661 2163 663; x_wconf 14' lang='grc' dir='ltr'>ἡ</span> <span class='ocrx_word' id='word_1_52' title='bbox 2216 661 2550 731; x_wconf 63' lang='grc' dir='ltr'><strong>9ῘΕωευτ-9ε</strong></span> <span class='ocrx_word' id='word_1_53' title='bbox 2593 665 2770 731; x_wconf 76' lang='lat' dir='ltr'><strong>gloria</strong></span> <span class='ocrx_word' id='word_1_54' title='bbox 2802 681 2943 729; x_wconf 86' lang='lat' dir='ltr'><strong>mea,</strong></span> <span class='ocrx_word' id='word_1_55' title='bbox 2974 678 3214 727; x_wconf 67' lang='lat' dir='ltr'><strong>exsurge</strong></span> <span class='ocrx_word' id='word_1_56' title='bbox 3252 661 3625 734; x_wconf 68' lang='lat' dir='ltr'><strong>psalterium</strong></span> <span class='ocrx_word' id='word_1_57' title='bbox 3673 663 3725 734; x_wconf 70' lang='lat' dir='ltr'><strong>et</strong></span> <span class='ocrx_word' id='word_1_58' title='bbox 3753 661 3811 707; x_wconf 70' lang='lat' dir='ltr'><strong>ri-</strong></span> 
     </span>
    </p>
   </div>
   <div class='ocr_carea' id='block_1_6' title="bbox 453 731 3807 809">
    <p class='ocr_par' dir='ltr' id='par_1_6' title="bbox 453 731 3807 809">
     <span class='ocr_line' id='line_1_6' title="bbox 453 731 3807 809; baseline -0.005 -14"><span class='ocrx_word' id='word_1_59' title='bbox 453 757 585 809; x_wconf 68' lang='lat' dir='ltr'><strong>qum</strong></span> <span class='ocrx_word' id='word_1_60' title='bbox 618 731 876 795; x_wconf 78' lang='lat' dir='ltr'><strong>fecerunt</strong></span> <span class='ocrx_word' id='word_1_61' title='bbox 905 740 1094 791; x_wconf 61' lang='lat' dir='ltr'><strong>Judaei</strong></span> <span class='ocrx_word' id='word_1_62' title='bbox 1122 741 1447 804; x_wconf 66' lang='lat' dir='ltr'><strong>saevientes,</strong></span> <span class='ocrx_word' id='word_1_63' title='bbox 1482 731 1633 792; x_wconf 84' lang='lat' dir='ltr'><strong>facta</strong></span> <span class='ocrx_word' id='word_1_64' title='bbox 1659 754 1787 792; x_wconf 86' lang='lat' dir='ltr'><strong>esse</strong></span> <span class='ocrx_word' id='word_1_65' title='bbox 1821 742 2049 792; x_wconf 88' lang='lat' dir='ltr'><strong>inania:</strong></span> <span class='ocrx_word' id='word_1_66' title='bbox 2155 742 2337 792; x_wconf 84' lang='lat' dir='ltr'><strong>thara.</strong></span> <span class='ocrx_word' id='word_1_67' title='bbox 2366 737 2708 804; x_wconf 88' lang='lat' dir='ltr'><strong>Imperando</strong></span> <span class='ocrx_word' id='word_1_68' title='bbox 2726 737 2905 809; x_wconf 64' lang='lat' dir='ltr'><strong>dicit,</strong></span> <span class='ocrx_word' id='word_1_69' title='bbox 2921 736 3199 798; x_wconf 73' lang='lat' dir='ltr'><strong>Exsurge,</strong></span> <span class='ocrx_word' id='word_1_70' title='bbox 3231 736 3581 809; x_wconf 69' lang='lat' dir='ltr'><strong>tamquam</strong></span> <span class='ocrx_word' id='word_1_71' title='bbox 3603 731 3807 780; x_wconf 62' lang='lat' dir='ltr'><strong>habens</strong></span> 
     </span>
    </p>
   </div>
   <div class='ocr_carea' id='block_1_7' title="bbox 452 802 3811 877">
    <p class='ocr_par' dir='ltr' id='par_1_7' title="bbox 452 802 3811 877">
     <span class='ocr_line' id='line_1_7' title="bbox 452 802 3811 877; baseline -0.005 -11"><span class='ocrx_word' id='word_1_72' title='bbox 452 802 635 866; x_wconf 74' lang='lat' dir='ltr'><strong>elatus</strong></span> <span class='ocrx_word' id='word_1_73' title='bbox 682 812 892 877; x_wconf 88' lang='lat' dir='ltr'><strong>gaudio</strong></span> <span class='ocrx_word' id='word_1_74' title='bbox 936 817 1211 875; x_wconf 88' lang='lat' dir='ltr'><strong>tanquam</strong></span> <span class='ocrx_word' id='word_1_75' title='bbox 1258 802 1478 864; x_wconf 87' lang='lat' dir='ltr'><strong>videret</strong></span> <span class='ocrx_word' id='word_1_76' title='bbox 1515 812 1655 873; x_wconf 80' lang='lat' dir='ltr'><strong>fieri,</strong></span> <span class='ocrx_word' id='word_1_77' title='bbox 1689 813 1975 864; x_wconf 78' lang='lat' dir='ltr'><strong>exclamat</strong></span> <span class='ocrx_word' id='word_1_78' title='bbox 1998 816 2055 864; x_wconf 91' lang='lat' dir='ltr'><strong>et</strong></span> <span class='ocrx_word' id='word_1_79' title='bbox 2153 802 2473 877; x_wconf 77' lang='lat' dir='ltr'><strong>potentiam</strong></span> <span class='ocrx_word' id='word_1_80' title='bbox 2513 808 2765 873; x_wconf 87' lang='lat' dir='ltr'><strong>ponendi</strong></span> <span class='ocrx_word' id='word_1_81' title='bbox 2814 806 3074 858; x_wconf 90' lang='lat' dir='ltr'><strong>animam</strong></span> <span class='ocrx_word' id='word_1_82' title='bbox 3111 817 3314 864; x_wconf 89' lang='lat' dir='ltr'><strong>suam,</strong></span> <span class='ocrx_word' id='word_1_83' title='bbox 3366 802 3722 877; x_wconf 12' lang='lat' dir='ltr'><strong>et‘iterum</strong></span> <span class='ocrx_word' id='word_1_84' title='bbox 3744 813 3811 851; x_wconf 48' lang='lat' dir='ltr'><strong>su.</strong></span> 
     </span>
    </p>
   </div>
   <div class='ocr_carea' id='block_1_8' title="bbox 453 874 3812 943">
    <p class='ocr_par' dir='ltr' id='par_1_8' title="bbox 453 874 3812 943">
     <span class='ocr_line' id='line_1_8' title="bbox 453 874 3812 943; baseline -0.006 0"><span class='ocrx_word' id='word_1_85' title='bbox 453 886 629 937; x_wconf 78' lang='lat' dir='ltr'><strong>dicit:</strong></span> <span class='ocrx_word' id='word_1_86' title='bbox 686 874 708 877; x_wconf 55' lang='grc'><em>’</em></span> <span class='ocrx_word' id='word_1_87' title='bbox 1058 874 1069 875; x_wconf 21' lang='grc' dir='ltr'>ί</span> <span class='ocrx_word' id='word_1_88' title='bbox 2154 874 2351 936; x_wconf 74' lang='lat' dir='ltr'><strong>inendi</strong></span> <span class='ocrx_word' id='word_1_89' title='bbox 2375 895 2501 934; x_wconf 86' lang='lat' dir='ltr'><strong>eam</strong></span> <span class='ocrx_word' id='word_1_90' title='bbox 2518 882 2699 943; x_wconf 87' lang='lat' dir='ltr'><strong>(Joan.</strong></span> <span class='ocrx_word' id='word_1_91' title='bbox 2732 878 3124 941; x_wconf 85' lang='lat' dir='ltr'><strong>10.).Gloriam</strong></span> <span class='ocrx_word' id='word_1_92' title='bbox 3147 883 3368 927; x_wconf 88' lang='lat' dir='ltr'><strong>autem</strong></span> <span class='ocrx_word' id='word_1_93' title='bbox 3400 874 3567 925; x_wconf 85' lang='lat' dir='ltr'><strong>dicit</strong></span> <span class='ocrx_word' id='word_1_94' title='bbox 3590 886 3812 924; x_wconf 69' lang='lat' dir='ltr'><strong>carnem</strong></span> 
     </span>
    </p>
   </div>
   <div class='ocr_carea' id='block_1_9' title="bbox 513 946 3805 1017">
    <p class='ocr_par' dir='ltr' id='par_1_9' title="bbox 513 946 3805 1017">
     <span class='ocr_line' id='line_1_9' title="bbox 513 946 3805 1017; baseline -0.001 -11"><span class='ocrx_word' id='word_1_95' title='bbox 513 954 564 1009; x_wconf 90' lang='lat'><strong>6.</strong></span> <span class='ocrx_word' id='word_1_96' title='bbox 612 953 871 1003; x_wconf 74' lang='lat' dir='ltr'><strong>Exallare</strong></span> <span class='ocrx_word' id='word_1_97' title='bbox 913 969 1077 1017; x_wconf 83' lang='lat' dir='ltr'><strong>super</strong></span> <span class='ocrx_word' id='word_1_98' title='bbox 1125 953 1287 1011; x_wconf 67' lang='lat' dir='ltr'><strong>caelos,</strong></span> <span class='ocrx_word' id='word_1_99' title='bbox 1323 954 1480 1003; x_wconf 85' lang='lat' dir='ltr'><strong>Deus.</strong></span> <span class='ocrx_word' id='word_1_100' title='bbox 1529 955 1714 1005; x_wconf 88' lang='lat' dir='ltr'><strong>Homo</strong></span> <span class='ocrx_word' id='word_1_101' title='bbox 1761 954 1822 1005; x_wconf 91' lang='lat' dir='ltr'><strong>in</strong></span> <span class='ocrx_word' id='word_1_102' title='bbox 1865 967 2050 1006; x_wconf 89' lang='lat' dir='ltr'><strong>cruce.</strong></span> <span class='ocrx_word' id='word_1_103' title='bbox 2155 948 3100 1017; x_wconf 87' lang='lat' dir='ltr'><strong>suam,propterimmortalitatem</strong></span> <span class='ocrx_word' id='word_1_104' title='bbox 3118 946 3805 1017; x_wconf 27' lang='lat' dir='ltr'><strong>etdivinitatern.Allatas3</strong></span> 
     </span>
    </p>
   </div>
   <div class='ocr_carea' id='block_1_10' title="bbox 2153 1014 3812 1088">
    <p class='ocr_par' dir='ltr' id='par_1_10' title="bbox 2153 1014 3812 1088">
     <span class='ocr_line' id='line_1_10' title="bbox 2153 1014 3812 1088; baseline -0.008 -10"><span class='ocrx_word' id='word_1_105' title='bbox 2153 1027 2309 1078; x_wconf 88' lang='lat' dir='ltr'><strong>enim</strong></span> <span class='ocrx_word' id='word_1_106' title='bbox 2323 1014 2503 1088; x_wconf 77' lang='lat' dir='ltr'><strong>gloria</strong></span> <span class='ocrx_word' id='word_1_107' title='bbox 2525 1022 2631 1074; x_wconf 86' lang='lat' dir='ltr'><strong>fuit</strong></span> <span class='ocrx_word' id='word_1_108' title='bbox 2658 1020 2880 1072; x_wconf 86' lang='lat' dir='ltr'><strong>Christo</strong></span> <span class='ocrx_word' id='word_1_109' title='bbox 2905 1031 3247 1083; x_wconf 83' lang='lat' dir='ltr'><strong>exsurgere,</strong></span> <span class='ocrx_word' id='word_1_110' title='bbox 3277 1022 3479 1080; x_wconf 88' lang='lat' dir='ltr'><strong>atque</strong></span> <span class='ocrx_word' id='word_1_111' title='bbox 3506 1015 3596 1066; x_wconf 82' lang='lat' dir='ltr'><strong>ad</strong></span> <span class='ocrx_word' id='word_1_112' title='bbox 3630 1014 3812 1067; x_wconf 71' lang='lat' dir='ltr'><strong>dexte-</strong></span> 
     </span>
    </p>
   </div>
   <div class='ocr_carea' id='block_1_11' title="bbox 2154 1091 3808 1149">
    <p class='ocr_par' dir='ltr' id='par_1_11' title="bbox 2154 1091 3808 1149">
     <span class='ocr_line' id='line_1_11' title="bbox 2154 1091 3808 1149; baseline -0.01 0"><span class='ocrx_word' id='word_1_113' title='bbox 2154 1110 2277 1149; x_wconf 85' lang='lat' dir='ltr'><strong>ram</strong></span> <span class='ocrx_word' id='word_1_114' title='bbox 2302 1094 2486 1147; x_wconf 84' lang='lat' dir='ltr'><strong>Patris</strong></span> <span class='ocrx_word' id='word_1_115' title='bbox 2504 1093 2720 1145; x_wconf 90' lang='lat' dir='ltr'><strong>sedere.</strong></span> <span class='ocrx_word' id='word_1_116' title='bbox 2748 1092 3012 1142; x_wconf 90' lang='lat' dir='ltr'><strong>Declarat</strong></span> <span class='ocrx_word' id='word_1_117' title='bbox 3031 1091 3214 1141; x_wconf 88' lang='lat' dir='ltr'><strong>etiam</strong></span> <span class='ocrx_word' id='word_1_118' title='bbox 3243 1101 3385 1140; x_wconf 62' lang='lat' dir='ltr'><strong>suae</strong></span> <span class='ocrx_word' id='word_1_119' title='bbox 3410 1091 3808 1136; x_wconf 60' lang='lat' dir='ltr'><strong>resurrectionis</strong></span> 
     </span>
    </p>
   </div>
   <div class='ocr_carea' id='block_1_12' title="bbox 2154 1159 3808 1229">
    <p class='ocr_par' dir='ltr' id='par_1_12' title="bbox 2154 1159 3808 1229">
     <span class='ocr_line' id='line_1_12' title="bbox 2154 1159 3808 1229; baseline -0.007 -10"><span class='ocrx_word' id='word_1_120' title='bbox 2154 1168 2373 1229; x_wconf 88' lang='lat' dir='ltr'><strong>horam,</strong></span> <span class='ocrx_word' id='word_1_121' title='bbox 2399 1178 2530 1217; x_wconf 91' lang='lat' dir='ltr'><strong>cum</strong></span> <span class='ocrx_word' id='word_1_122' title='bbox 2552 1163 2749 1215; x_wconf 89' lang='lat' dir='ltr'><strong>subdit</strong></span> <span class='ocrx_word' id='word_1_123' title='bbox 2774 1178 2787 1212; x_wconf 92' lang='lat'><strong>:</strong></span> <span class='ocrx_word' id='word_1_124' title='bbox 2814 1163 3129 1225; x_wconf 70' lang='lat' dir='ltr'><strong>Exsurgam</strong></span> <span class='ocrx_word' id='word_1_125' title='bbox 3145 1160 3434 1209; x_wconf 76' lang='lat' dir='ltr'><strong>diluculo.</strong></span> <span class='ocrx_word' id='word_1_126' title='bbox 3457 1159 3650 1209; x_wconf 79' lang='lat' dir='ltr'><strong>Mane</strong></span> <span class='ocrx_word' id='word_1_127' title='bbox 3676 1159 3808 1229; x_wconf 78' lang='lat' dir='ltr'><strong>enin</strong></span> 
     </span>
    </p>
   </div>
   <div class='ocr_carea' id='block_1_13' title="bbox 2156 1228 3811 1303">
    <p class='ocr_par' dir='ltr' id='par_1_13' title="bbox 2156 1228 3811 1303">
     <span class='ocr_line' id='line_1_13' title="bbox 2156 1228 3811 1303; baseline -0.008 -13"><span class='ocrx_word' id='word_1_128' title='bbox 2156 1240 2337 1303; x_wconf 89' lang='lat' dir='ltr'><strong>prima</strong></span> <span class='ocrx_word' id='word_1_129' title='bbox 2361 1228 3213 1288; x_wconf 81' lang='lat' dir='ltr'><strong>SabbatiresurrexitDominus</strong></span> <span class='ocrx_word' id='word_1_130' title='bbox 3242 1231 3677 1293; x_wconf 70' lang='lat' dir='ltr'><strong>Jesus(Marc.</strong></span> <span class='ocrx_word' id='word_1_131' title='bbox 3710 1228 3811 1303; x_wconf 61' lang='lat' dir='ltr'><strong>ibit.</strong></span> 
     </span>
    </p>
   </div>
   <div class='ocr_carea' id='block_1_14' title="bbox 2157 1300 3811 1364">
    <p class='ocr_par' dir='ltr' id='par_1_14' title="bbox 2157 1300 3811 1364">
     <span class='ocr_line' id='line_1_14' title="bbox 2157 1300 3811 1364; baseline -0.007 -3"><span class='ocrx_word' id='word_1_132' title='bbox 2157 1300 2224 1360; x_wconf 77' lang='lat' dir='ltr'><strong>Et</strong></span> <span class='ocrx_word' id='word_1_133' title='bbox 2247 1308 2401 1360; x_wconf 92' lang='lat' dir='ltr'><strong>unde</strong></span> <span class='ocrx_word' id='word_1_134' title='bbox 2420 1320 2537 1359; x_wconf 89' lang='lat' dir='ltr'><strong>una</strong></span> <span class='ocrx_word' id='word_1_135' title='bbox 2556 1318 2688 1357; x_wconf 89' lang='lat' dir='ltr'><strong>caro</strong></span> <span class='ocrx_word' id='word_1_136' title='bbox 2713 1304 3049 1364; x_wconf 83' lang='lat' dir='ltr'><strong>resurrexit,</strong></span> <span class='ocrx_word' id='word_1_137' title='bbox 3084 1304 3223 1355; x_wconf 90' lang='lat' dir='ltr'><strong>inde</strong></span> <span class='ocrx_word' id='word_1_138' title='bbox 3259 1307 3693 1355; x_wconf 80' lang='lat' dir='ltr'><strong>surrexerunt</strong></span> <span class='ocrx_word' id='word_1_139' title='bbox 3718 1300 3811 1350; x_wconf 67' lang='lat' dir='ltr'><strong>dus</strong></span> 
     </span>
    </p>
   </div>
   <div class='ocr_carea' id='block_1_15' title="bbox 2155 1372 3809 1444">
    <p class='ocr_par' dir='ltr' id='par_1_15' title="bbox 2155 1372 3809 1444">
     <span class='ocr_line' id='line_1_15' title="bbox 2155 1372 3809 1444; baseline -0.007 -11"><span class='ocrx_word' id='word_1_140' title='bbox 2155 1393 2403 1444; x_wconf 88' lang='lat' dir='ltr'><strong>organa:</strong></span> <span class='ocrx_word' id='word_1_141' title='bbox 2427 1376 2762 1429; x_wconf 80' lang='lat' dir='ltr'><strong>Psalterium</strong></span> <span class='ocrx_word' id='word_1_142' title='bbox 2786 1374 3052 1428; x_wconf 83' lang='lat' dir='ltr'><strong>videlicet</strong></span> <span class='ocrx_word' id='word_1_143' title='bbox 3074 1379 3133 1427; x_wconf 89' lang='lat' dir='ltr'><strong>et</strong></span> <span class='ocrx_word' id='word_1_144' title='bbox 3159 1374 3433 1426; x_wconf 83' lang='lat' dir='ltr'><strong>Cithara.</strong></span> <span class='ocrx_word' id='word_1_145' title='bbox 3456 1372 3809 1424; x_wconf 76' lang='lat' dir='ltr'><strong>Psalterium</strong></span> 
     </span>
    </p>
   </div>
   <div class='ocr_carea' id='block_1_16' title="bbox 2158 1445 3813 1513">
    <p class='ocr_par' dir='ltr' id='par_1_16' title="bbox 2158 1445 3813 1513">
     <span class='ocr_line' id='line_1_16' title="bbox 2158 1445 3813 1513; baseline -0.005 -10"><span class='ocrx_word' id='word_1_146' title='bbox 2158 1453 2326 1503; x_wconf 90' lang='lat' dir='ltr'><strong>sonat</strong></span> <span class='ocrx_word' id='word_1_147' title='bbox 2368 1463 2403 1502; x_wconf 90' lang='lat' dir='ltr'><strong>a</strong></span> <span class='ocrx_word' id='word_1_148' title='bbox 2444 1447 2724 1513; x_wconf 83' lang='lat' dir='ltr'><strong>superiori</strong></span> <span class='ocrx_word' id='word_1_149' title='bbox 2755 1450 2933 1511; x_wconf 89' lang='lat' dir='ltr'><strong>parte,</strong></span> <span class='ocrx_word' id='word_1_150' title='bbox 2987 1446 3220 1497; x_wconf 80' lang='lat' dir='ltr'><strong>Cithara</strong></span> <span class='ocrx_word' id='word_1_151' title='bbox 3244 1446 3325 1496; x_wconf 88' lang='lat' dir='ltr'><strong>ab</strong></span> <span class='ocrx_word' id='word_1_152' title='bbox 3370 1445 3684 1497; x_wconf 79' lang='lat' dir='ltr'><strong>inferiori.</strong></span> <span class='ocrx_word' id='word_1_153' title='bbox 3726 1445 3813 1494; x_wconf 77' lang='lat' dir='ltr'><strong>Per</strong></span> 
     </span>
    </p>
   </div>
   <div class='ocr_carea' id='block_1_17' title="bbox 2156 1517 3808 1581">
    <p class='ocr_par' dir='ltr' id='par_1_17' title="bbox 2156 1517 3808 1581">
     <span class='ocr_line' id='line_1_17' title="bbox 2156 1517 3808 1581; baseline -0.005 -8"><span class='ocrx_word' id='word_1_154' title='bbox 2156 1534 2389 1573; x_wconf 87' lang='lat' dir='ltr'><strong>carnem</strong></span> <span class='ocrx_word' id='word_1_155' title='bbox 2414 1533 2581 1573; x_wconf 87' lang='lat' dir='ltr'><strong>suam</strong></span> <span class='ocrx_word' id='word_1_156' title='bbox 2604 1519 2891 1570; x_wconf 88' lang='lat' dir='ltr'><strong>Dominus</strong></span> <span class='ocrx_word' id='word_1_157' title='bbox 2914 1517 3033 1569; x_wconf 92' lang='lat' dir='ltr'><strong>duo</strong></span> <span class='ocrx_word' id='word_1_158' title='bbox 3057 1530 3277 1581; x_wconf 85' lang='lat' dir='ltr'><strong>genera</strong></span> <span class='ocrx_word' id='word_1_159' title='bbox 3303 1517 3633 1568; x_wconf 86' lang='lat' dir='ltr'><strong>factorum</strong></span> <span class='ocrx_word' id='word_1_160' title='bbox 3647 1530 3808 1576; x_wconf 44' lang='lat' dir='ltr'><strong>open-</strong></span> 
     </span>
    </p>
   </div>
   <div class='ocr_carea' id='block_1_18' title="bbox 456 1585 3809 1658">
    <p class='ocr_par' dir='ltr' id='par_1_18' title="bbox 456 1585 3809 1658">
     <span class='ocr_line' id='line_1_18' title="bbox 456 1585 3809 1658; baseline -0.003 -12"><span class='ocrx_word' id='word_1_161' title='bbox 456 1607 569 1658; x_wconf 90' lang='lat' dir='ltr'><strong>que</strong></span> <span class='ocrx_word' id='word_1_162' title='bbox 594 1594 652 1644; x_wconf 92' lang='lat' dir='ltr'><strong>in</strong></span> <span class='ocrx_word' id='word_1_163' title='bbox 668 1605 914 1657; x_wconf 85' lang='lat' dir='ltr'><strong>persona</strong></span> <span class='ocrx_word' id='word_1_164' title='bbox 937 1592 1164 1642; x_wconf 89' lang='lat' dir='ltr'><strong>Domini</strong></span> <span class='ocrx_word' id='word_1_165' title='bbox 1197 1592 1335 1643; x_wconf 88' lang='lat' dir='ltr'><strong>dicit</strong></span> <span class='ocrx_word' id='word_1_166' title='bbox 1364 1610 1375 1643; x_wconf 95' lang='lat'>:</span> <span class='ocrx_word' id='word_1_167' title='bbox 1476 1585 1489 1587; x_wconf 63' lang='grc'>⁷</span> <span class='ocrx_word' id='word_1_168' title='bbox 2156 1597 2251 1644; x_wconf 87' lang='lat' dir='ltr'><strong>tus</strong></span> <span class='ocrx_word' id='word_1_169' title='bbox 2277 1597 2382 1653; x_wconf 90' lang='lat' dir='ltr'><strong>est,</strong></span> <span class='ocrx_word' id='word_1_170' title='bbox 2398 1590 2618 1642; x_wconf 89' lang='lat' dir='ltr'><strong>scilicet</strong></span> <span class='ocrx_word' id='word_1_171' title='bbox 2639 1588 2913 1640; x_wconf 87' lang='lat' dir='ltr'><strong>miracula</strong></span> <span class='ocrx_word' id='word_1_172' title='bbox 2945 1592 3002 1638; x_wconf 93' lang='lat' dir='ltr'><strong>et</strong></span> <span class='ocrx_word' id='word_1_173' title='bbox 3025 1588 3364 1652; x_wconf 86' lang='lat' dir='ltr'><strong>passiones.</strong></span> <span class='ocrx_word' id='word_1_174' title='bbox 3399 1585 3706 1639; x_wconf 79' lang='lat' dir='ltr'><strong>Miracula</strong></span> <span class='ocrx_word' id='word_1_175' title='bbox 3726 1585 3809 1636; x_wconf 77' lang='lat' dir='ltr'><strong>de-</strong></span> 
     </span>
    </p>
   </div>
   <div class='ocr_carea' id='block_1_19' title="bbox 520 1658 3807 1729">
    <p class='ocr_par' dir='ltr' id='par_1_19' title="bbox 520 1658 3807 1729">
     <span class='ocr_line' id='line_1_19' title="bbox 520 1658 3807 1729; baseline -0.003 -13"><span class='ocrx_word' id='word_1_176' title='bbox 520 1665 569 1718; x_wconf 92' lang='lat'><strong>7.</strong></span> <span class='ocrx_word' id='word_1_177' title='bbox 597 1666 877 1729; x_wconf 84' lang='lat' dir='ltr'><strong>Laqueum</strong></span> <span class='ocrx_word' id='word_1_178' title='bbox 896 1669 1228 1728; x_wconf 81' lang='lat' dir='ltr'><strong>paraverunt</strong></span> <span class='ocrx_word' id='word_1_179' title='bbox 1247 1664 1469 1727; x_wconf 78' lang='lat' dir='ltr'><strong>pedibus</strong></span> <span class='ocrx_word' id='word_1_180' title='bbox 1488 1664 1636 1725; x_wconf 77' lang='lat' dir='ltr'><strong>meis,</strong></span> <span class='ocrx_word' id='word_1_181' title='bbox 1662 1664 1831 1729; x_wconf 85' lang='lat' dir='ltr'><strong>idest,</strong></span> <span class='ocrx_word' id='word_1_182' title='bbox 1859 1663 2058 1729; x_wconf 85' lang='lat' dir='ltr'><strong>decep-</strong></span> <span class='ocrx_word' id='word_1_183' title='bbox 2156 1677 2332 1728; x_wconf 86' lang='lat' dir='ltr'><strong>super</strong></span> <span class='ocrx_word' id='word_1_184' title='bbox 2356 1663 2604 1723; x_wconf 87' lang='lat' dir='ltr'><strong>fuerunt,</strong></span> <span class='ocrx_word' id='word_1_185' title='bbox 2632 1660 2930 1725; x_wconf 84' lang='lat' dir='ltr'><strong>passiones</strong></span> <span class='ocrx_word' id='word_1_186' title='bbox 2953 1659 3027 1710; x_wconf 89' lang='lat' dir='ltr'><strong>ab</strong></span> <span class='ocrx_word' id='word_1_187' title='bbox 3057 1659 3336 1711; x_wconf 88' lang='lat' dir='ltr'><strong>inferiori.</strong></span> <span class='ocrx_word' id='word_1_188' title='bbox 3366 1659 3488 1711; x_wconf 88' lang='lat' dir='ltr'><strong>Illa.</strong></span> <span class='ocrx_word' id='word_1_189' title='bbox 3521 1670 3673 1722; x_wconf 69' lang='lat' dir='ltr'><strong>qua:</strong></span> <span class='ocrx_word' id='word_1_190' title='bbox 3694 1658 3807 1708; x_wconf 67' lang='lat' dir='ltr'><strong>tesi:</strong></span> 
     </span>
    </p>
   </div>
   <div class='ocr_carea' id='block_1_20' title="bbox 455 1729 3804 1799">
    <p class='ocr_par' dir='ltr' id='par_1_20' title="bbox 455 1729 3804 1799">
     <span class='ocr_line' id='line_1_20' title="bbox 455 1729 3804 1799; baseline -0.003 -11"><span class='ocrx_word' id='word_1_191' title='bbox 455 1737 669 1788; x_wconf 88' lang='lat' dir='ltr'><strong>tionem</strong></span> <span class='ocrx_word' id='word_1_192' title='bbox 690 1735 917 1786; x_wconf 88' lang='lat' dir='ltr'><strong>actibus</strong></span> <span class='ocrx_word' id='word_1_193' title='bbox 940 1734 1085 1785; x_wconf 91' lang='lat' dir='ltr'><strong>meis</strong></span> <span class='ocrx_word' id='word_1_194' title='bbox 1116 1735 1550 1799; x_wconf 72' lang='lat' dir='ltr'><strong>prtetenderunt</strong></span> <span class='ocrx_word' id='word_1_195' title='bbox 1582 1752 1593 1785; x_wconf 90' lang='lat'>:</span> <span class='ocrx_word' id='word_1_196' title='bbox 1622 1748 1656 1786; x_wconf 92' lang='lat' dir='ltr'><strong>a</strong></span> <span class='ocrx_word' id='word_1_197' title='bbox 1679 1736 2053 1788; x_wconf 89' lang='lat' dir='ltr'><strong>similitudine</strong></span> <span class='ocrx_word' id='word_1_198' title='bbox 2153 1733 2428 1786; x_wconf 88' lang='lat' dir='ltr'><strong>miracula</strong></span> <span class='ocrx_word' id='word_1_199' title='bbox 2469 1733 2665 1785; x_wconf 89' lang='lat' dir='ltr'><strong>divina</strong></span> <span class='ocrx_word' id='word_1_200' title='bbox 2708 1735 2887 1792; x_wconf 89' lang='lat' dir='ltr'><strong>erant,</strong></span> <span class='ocrx_word' id='word_1_201' title='bbox 2925 1729 3031 1781; x_wconf 89' lang='lat' dir='ltr'><strong>sed</strong></span> <span class='ocrx_word' id='word_1_202' title='bbox 3055 1742 3154 1794; x_wconf 89' lang='lat' dir='ltr'><strong>per</strong></span> <span class='ocrx_word' id='word_1_203' title='bbox 3189 1743 3454 1782; x_wconf 87' lang='lat' dir='ltr'><strong>carnem</strong></span> <span class='ocrx_word' id='word_1_204' title='bbox 3484 1731 3649 1782; x_wconf 71' lang='lat' dir='ltr'><strong>fecit</strong></span> <span class='ocrx_word' id='word_1_205' title='bbox 3680 1730 3804 1779; x_wconf 63' lang='lat' dir='ltr'><strong>Car:-</strong></span> 
     </span>
    </p>
   </div>
   <div class='ocr_carea' id='block_1_21' title="bbox 453 1801 3802 1897">
    <p class='ocr_par' dir='ltr' id='par_1_21' title="bbox 453 1801 3802 1897">
     <span class='ocr_line' id='line_1_21' title="bbox 453 1801 3802 1897; baseline -0.002 -38"><span class='ocrx_word' id='word_1_206' title='bbox 453 1809 596 1868; x_wconf 90' lang='lat' dir='ltr'><strong>avis,</strong></span> <span class='ocrx_word' id='word_1_207' title='bbox 624 1819 758 1888; x_wconf 62' lang='lat' dir='ltr'><strong>quae</strong></span> <span class='ocrx_word' id='word_1_208' title='bbox 780 1807 839 1856; x_wconf 93' lang='lat' dir='ltr'><strong>in</strong></span> <span class='ocrx_word' id='word_1_209' title='bbox 856 1806 1059 1869; x_wconf 89' lang='lat' dir='ltr'><strong>laqueo</strong></span> <span class='ocrx_word' id='word_1_210' title='bbox 1086 1806 1324 1897; x_wconf 54' lang='lat' dir='ltr'><strong>predibus</strong></span> <span class='ocrx_word' id='word_1_211' title='bbox 1336 1806 1715 1897; x_wconf 42' lang='lat' dir='ltr'><strong>retiu‘eturﬁt</strong></span> <span class='ocrx_word' id='word_1_212' title='bbox 1738 1807 2055 1856; x_wconf 78' lang='lat' dir='ltr'><strong>incurvave-</strong></span> <span class='ocrx_word' id='word_1_213' title='bbox 2080 1825 2134 1897; x_wconf 84' lang='lat' dir='ltr'><strong>B</strong></span> <span class='ocrx_word' id='word_1_214' title='bbox 2161 1820 2297 1897; x_wconf 80' lang='lat' dir='ltr'><strong>ergo</strong></span> <span class='ocrx_word' id='word_1_215' title='bbox 2329 1805 2543 1897; x_wconf 52' lang='lat' dir='ltr'><strong>divinaL</strong></span> <span class='ocrx_word' id='word_1_216' title='bbox 2558 1815 2803 1897; x_wconf 73' lang='lat' dir='ltr'><strong>operans</strong></span> <span class='ocrx_word' id='word_1_217' title='bbox 2838 1801 3181 1897; x_wconf 61' lang='lat' dir='ltr'><strong>psalterium</strong></span> <span class='ocrx_word' id='word_1_218' title='bbox 3212 1807 3328 1853; x_wconf 89' lang='lat' dir='ltr'><strong>est.</strong></span> <span class='ocrx_word' id='word_1_219' title='bbox 3548 1801 3802 1897; x_wconf 65' lang='lat' dir='ltr'><strong>humana</strong></span> 
     </span>
    </p>
   </div>
   <div class='ocr_carea' id='block_1_22' title="bbox 452 1024 2055 1089">
    <p class='ocr_par' dir='ltr' id='par_1_22' title="bbox 452 1024 2055 1089">
     <span class='ocr_line' id='line_1_22' title="bbox 452 1024 2055 1089; baseline -0.002 -11"><span class='ocrx_word' id='word_1_220' title='bbox 452 1029 608 1078; x_wconf 89' lang='lat' dir='ltr'><strong>Deus</strong></span> <span class='ocrx_word' id='word_1_221' title='bbox 627 1038 799 1089; x_wconf 89' lang='lat' dir='ltr'><strong>super</strong></span> <span class='ocrx_word' id='word_1_222' title='bbox 823 1024 1015 1076; x_wconf 69' lang='lat' dir='ltr'><strong>caelos.</strong></span> <span class='ocrx_word' id='word_1_223' title='bbox 1034 1025 1455 1075; x_wconf 87' lang='lat' dir='ltr'><strong>Remaneantin</strong></span> <span class='ocrx_word' id='word_1_224' title='bbox 1476 1029 1623 1076; x_wconf 89' lang='lat' dir='ltr'><strong>terra</strong></span> <span class='ocrx_word' id='word_1_225' title='bbox 1640 1026 1950 1077; x_wconf 67' lang='lat' dir='ltr'><strong>saevientes</strong></span> <span class='ocrx_word' id='word_1_226' title='bbox 1965 1029 2055 1076; x_wconf 93' lang='lat' dir='ltr'><strong>:tu</strong></span> 
     </span>
    </p>
   </div>
   <div class='ocr_carea' id='block_1_23' title="bbox 450 1095 2052 1161">
    <p class='ocr_par' dir='ltr' id='par_1_23' title="bbox 450 1095 2052 1161">
     <span class='ocr_line' id='line_1_23' title="bbox 450 1095 2052 1161; baseline -0.002 -12"><span class='ocrx_word' id='word_1_227' title='bbox 450 1099 510 1149; x_wconf 91' lang='lat' dir='ltr'><strong>in</strong></span> <span class='ocrx_word' id='word_1_228' title='bbox 534 1097 677 1149; x_wconf 69' lang='lat' dir='ltr'><strong>caelo</strong></span> <span class='ocrx_word' id='word_1_229' title='bbox 722 1095 1156 1159; x_wconf 88' lang='lat' dir='ltr'><strong>estojudicans.</strong></span> <span class='ocrx_word' id='word_1_230' title='bbox 1206 1096 1271 1144; x_wconf 87' lang='lat' dir='ltr'><strong>Et</strong></span> <span class='ocrx_word' id='word_1_231' title='bbox 1298 1097 1357 1143; x_wconf 80' lang='lat' dir='ltr'><strong>in</strong></span> <span class='ocrx_word' id='word_1_232' title='bbox 1387 1098 1540 1144; x_wconf 78' lang='lat' dir='ltr'><strong>omni</strong></span> <span class='ocrx_word' id='word_1_233' title='bbox 1564 1102 1706 1145; x_wconf 72' lang='lat' dir='ltr'><strong>terra</strong></span> <span class='ocrx_word' id='word_1_234' title='bbox 1729 1097 1907 1161; x_wconf 85' lang='lat' dir='ltr'><strong>gloria</strong></span> <span class='ocrx_word' id='word_1_235' title='bbox 1939 1102 1975 1146; x_wconf 66' lang='lat' dir='ltr'><strong>tr;</strong></span> <span class='ocrx_word' id='word_1_236' title='bbox 1999 1113 2052 1145; x_wconf 89' lang='lat' dir='ltr'><strong>a.</strong></span> 
     </span>
    </p>
   </div>
   <div class='ocr_carea' id='block_1_24' title="bbox 452 1167 2054 1230">
    <p class='ocr_par' dir='ltr' id='par_1_24' title="bbox 452 1167 2054 1230">
     <span class='ocr_line' id='line_1_24' title="bbox 452 1167 2054 1230; baseline -0.001 -9"><span class='ocrx_word' id='word_1_237' title='bbox 452 1170 697 1221; x_wconf 90' lang='lat' dir='ltr'><strong>Domino</strong></span> <span class='ocrx_word' id='word_1_238' title='bbox 721 1167 876 1219; x_wconf 90' lang='lat' dir='ltr'><strong>enim</strong></span> <span class='ocrx_word' id='word_1_239' title='bbox 899 1167 1187 1217; x_wconf 84' lang='lat' dir='ltr'><strong>residente</strong></span> <span class='ocrx_word' id='word_1_240' title='bbox 1208 1167 1418 1219; x_wconf 65' lang='lat' dir='ltr'><strong>incmlo</strong></span> <span class='ocrx_word' id='word_1_241' title='bbox 1435 1168 1507 1218; x_wconf 86' lang='lat' dir='ltr'><strong>ad</strong></span> <span class='ocrx_word' id='word_1_242' title='bbox 1525 1168 1821 1221; x_wconf 81' lang='lat' dir='ltr'><strong>dexteram</strong></span> <span class='ocrx_word' id='word_1_243' title='bbox 1848 1170 1971 1219; x_wconf 74' lang='lat' dir='ltr'><strong>Pat&#39;</strong></span> <span class='ocrx_word' id='word_1_244' title='bbox 2007 1182 2054 1230; x_wconf 90' lang='lat' dir='ltr'><strong>s,</strong></span> 
     </span>
    </p>
   </div>
   <div class='ocr_carea' id='block_1_25' title="bbox 451 1236 2054 1303">
    <p class='ocr_par' dir='ltr' id='par_1_25' title="bbox 451 1236 2054 1303">
     <span class='ocr_line' id='line_1_25' title="bbox 451 1236 2054 1303; baseline -0.002 -12"><span class='ocrx_word' id='word_1_245' title='bbox 451 1241 667 1303; x_wconf 90' lang='lat' dir='ltr'><strong>ubique</strong></span> <span class='ocrx_word' id='word_1_246' title='bbox 694 1244 970 1290; x_wconf 88' lang='lat' dir='ltr'><strong>terrarum</strong></span> <span class='ocrx_word' id='word_1_247' title='bbox 987 1238 1292 1300; x_wconf 63' lang='lat' dir='ltr'><strong>praedicata</strong></span> <span class='ocrx_word' id='word_1_248' title='bbox 1311 1244 1402 1289; x_wconf 90' lang='lat' dir='ltr'><strong>est</strong></span> <span class='ocrx_word' id='word_1_249' title='bbox 1416 1236 1595 1302; x_wconf 81' lang='lat' dir='ltr'><strong>gloria</strong></span> <span class='ocrx_word' id='word_1_250' title='bbox 1618 1238 2054 1290; x_wconf 83' lang='lat' dir='ltr'><strong>resurrectionis</strong></span> 
     </span>
    </p>
   </div>
   <div class='ocr_carea' id='block_1_26' title="bbox 450 1308 2055 1375">
    <p class='ocr_par' dir='ltr' id='par_1_26' title="bbox 450 1308 2055 1375">
     <span class='ocr_line' id='line_1_26' title="bbox 450 1308 2055 1375; baseline -0.001 -13"><span class='ocrx_word' id='word_1_251' title='bbox 450 1313 595 1375; x_wconf 90' lang='lat' dir='ltr'><strong>ejus,</strong></span> <span class='ocrx_word' id='word_1_252' title='bbox 624 1315 679 1361; x_wconf 91' lang='lat' dir='ltr'><strong>et</strong></span> <span class='ocrx_word' id='word_1_253' title='bbox 721 1308 1039 1359; x_wconf 84' lang='lat' dir='ltr'><strong>divinitatis</strong></span> <span class='ocrx_word' id='word_1_254' title='bbox 1066 1309 1248 1369; x_wconf 82' lang='lat' dir='ltr'><strong>(Marc.</strong></span> <span class='ocrx_word' id='word_1_255' title='bbox 1296 1308 1418 1370; x_wconf 75' lang='lat'><strong>16.).</strong></span> <span class='ocrx_word' id='word_1_256' title='bbox 1470 1309 1797 1361; x_wconf 82' lang='lat' dir='ltr'><strong>Exaltatum</strong></span> <span class='ocrx_word' id='word_1_257' title='bbox 1824 1310 1883 1360; x_wconf 91' lang='lat' dir='ltr'><strong>in</strong></span> <span class='ocrx_word' id='word_1_258' title='bbox 1911 1308 2055 1361; x_wconf 70' lang='lat' dir='ltr'><strong>caelo</strong></span> 
     </span>
    </p>
   </div>
   <div class='ocr_carea' id='block_1_27' title="bbox 452 1379 2056 1441">
    <p class='ocr_par' dir='ltr' id='par_1_27' title="bbox 452 1379 2056 1441">
     <span class='ocr_line' id='line_1_27' title="bbox 452 1379 2056 1441; baseline -0.001 -8"><span class='ocrx_word' id='word_1_259' title='bbox 452 1382 760 1433; x_wconf 89' lang='lat' dir='ltr'><strong>Dominum</strong></span> <span class='ocrx_word' id='word_1_260' title='bbox 782 1391 898 1429; x_wconf 91' lang='lat' dir='ltr'><strong>non</strong></span> <span class='ocrx_word' id='word_1_261' title='bbox 923 1379 1209 1441; x_wconf 89' lang='lat' dir='ltr'><strong>videmus,</strong></span> <span class='ocrx_word' id='word_1_262' title='bbox 1230 1380 1333 1430; x_wconf 92' lang='lat' dir='ltr'><strong>sed</strong></span> <span class='ocrx_word' id='word_1_263' title='bbox 1357 1380 1664 1431; x_wconf 90' lang='lat' dir='ltr'><strong>credimus.</strong></span> <span class='ocrx_word' id='word_1_264' title='bbox 1682 1382 1748 1431; x_wconf 92' lang='lat' dir='ltr'><strong>In</strong></span> <span class='ocrx_word' id='word_1_265' title='bbox 1767 1381 1925 1432; x_wconf 85' lang='lat' dir='ltr'><strong>omni</strong></span> <span class='ocrx_word' id='word_1_266' title='bbox 1951 1393 2056 1432; x_wconf 68' lang='lat' dir='ltr'><strong>au-</strong></span> 
     </span>
    </p>
   </div>
   <div class='ocr_carea' id='block_1_28' title="bbox 457 1449 2051 1513">
    <p class='ocr_par' dir='ltr' id='par_1_28' title="bbox 457 1449 2051 1513">
     <span class='ocr_line' id='line_1_28' title="bbox 457 1449 2051 1513; baseline 0 -10"><span class='ocrx_word' id='word_1_267' title='bbox 457 1457 570 1504; x_wconf 90' lang='lat' dir='ltr'><strong>tem</strong></span> <span class='ocrx_word' id='word_1_268' title='bbox 598 1455 745 1502; x_wconf 91' lang='lat' dir='ltr'><strong>terra</strong></span> <span class='ocrx_word' id='word_1_269' title='bbox 769 1449 1006 1513; x_wconf 85' lang='lat' dir='ltr'><strong>gloriam</strong></span> <span class='ocrx_word' id='word_1_270' title='bbox 1041 1450 1167 1513; x_wconf 88' lang='lat' dir='ltr'><strong>ejus</strong></span> <span class='ocrx_word' id='word_1_271' title='bbox 1213 1464 1330 1500; x_wconf 93' lang='lat' dir='ltr'><strong>non</strong></span> <span class='ocrx_word' id='word_1_272' title='bbox 1357 1452 1583 1502; x_wconf 85' lang='lat' dir='ltr'><strong>tantum</strong></span> <span class='ocrx_word' id='word_1_273' title='bbox 1612 1450 1926 1513; x_wconf 86' lang='lat' dir='ltr'><strong>credimus,</strong></span> <span class='ocrx_word' id='word_1_274' title='bbox 1952 1450 2051 1503; x_wconf 84' lang='lat' dir='ltr'><strong>sed</strong></span> 
     </span>
    </p>
   </div>
   <div class='ocr_carea' id='block_1_29' title="bbox 455 1520 2060 1587">
    <p class='ocr_par' dir='ltr' id='par_1_29' title="bbox 455 1520 2060 1587">
     <span class='ocr_line' id='line_1_29' title="bbox 455 1520 2060 1587; baseline -0.001 -12"><span class='ocrx_word' id='word_1_275' title='bbox 455 1525 628 1576; x_wconf 90' lang='lat' dir='ltr'><strong>etiam</strong></span> <span class='ocrx_word' id='word_1_276' title='bbox 649 1522 936 1574; x_wconf 88' lang='lat' dir='ltr'><strong>videmus.</strong></span> <span class='ocrx_word' id='word_1_277' title='bbox 962 1520 1176 1572; x_wconf 89' lang='lat' dir='ltr'><strong>Deinde</strong></span> <span class='ocrx_word' id='word_1_278' title='bbox 1196 1522 1267 1571; x_wconf 85' lang='lat' dir='ltr'><strong>ad</strong></span> <span class='ocrx_word' id='word_1_279' title='bbox 1279 1523 1455 1573; x_wconf 88' lang='lat' dir='ltr'><strong>verba</strong></span> <span class='ocrx_word' id='word_1_280' title='bbox 1469 1522 1754 1587; x_wconf 88' lang='lat' dir='ltr'><strong>passionis</strong></span> <span class='ocrx_word' id='word_1_281' title='bbox 1775 1522 1943 1583; x_wconf 89' lang='lat' dir='ltr'><strong>redit,</strong></span> <span class='ocrx_word' id='word_1_282' title='bbox 1969 1527 2060 1575; x_wconf 84' lang='lat' dir='ltr'><strong>at-</strong></span> 
     </span>
    </p>
   </div>
   <div class='ocr_carea' id='block_1_30' title="bbox 456 1876 2053 1942">
    <p class='ocr_par' dir='ltr' id='par_1_30' title="bbox 456 1876 2053 1942">
     <span class='ocr_line' id='line_1_30' title="bbox 456 1876 2053 1942; baseline 0 -14"><span class='ocrx_word' id='word_1_283' title='bbox 456 1885 591 1928; x_wconf 76' lang='lat' dir='ltr'><strong>runt</strong></span> <span class='ocrx_word' id='word_1_284' title='bbox 613 1879 864 1927; x_wconf 85' lang='lat' dir='ltr'><strong>animam</strong></span> <span class='ocrx_word' id='word_1_285' title='bbox 898 1879 1395 1938; x_wconf 85' lang='lat' dir='ltr'><strong>meam.Quantum</strong></span> <span class='ocrx_word' id='word_1_286' title='bbox 1421 1876 1493 1927; x_wconf 93' lang='lat' dir='ltr'><strong>ad</strong></span> <span class='ocrx_word' id='word_1_287' title='bbox 1520 1877 1847 1940; x_wconf 89' lang='lat' dir='ltr'><strong>opinionem</strong></span> <span class='ocrx_word' id='word_1_288' title='bbox 1867 1890 2053 1942; x_wconf 87' lang='lat' dir='ltr'><strong>suam,</strong></span> 
     </span>
    </p>
   </div>
   <div class='ocr_carea' id='block_1_31' title="bbox 456 1948 2056 2012">
    <p class='ocr_par' dir='ltr' id='par_1_31' title="bbox 456 1948 2056 2012">
     <span class='ocr_line' id='line_1_31' title="bbox 456 1948 2056 2012; baseline -0.003 -11"><span class='ocrx_word' id='word_1_289' title='bbox 456 1953 541 2001; x_wconf 86' lang='lat' dir='ltr'><strong>Ita</strong></span> <span class='ocrx_word' id='word_1_290' title='bbox 569 1950 721 2000; x_wconf 89' lang='lat' dir='ltr'><strong>enim</strong></span> <span class='ocrx_word' id='word_1_291' title='bbox 733 1951 1083 2012; x_wconf 86' lang='lat' dir='ltr'><strong>putaverunt</strong></span> <span class='ocrx_word' id='word_1_292' title='bbox 1097 1948 1594 2009; x_wconf 85' lang='lat' dir='ltr'><strong>eamincurvasse,</strong></span> <span class='ocrx_word' id='word_1_293' title='bbox 1610 1954 1674 1999; x_wconf 91' lang='lat' dir='ltr'><strong>ut</strong></span> <span class='ocrx_word' id='word_1_294' title='bbox 1684 1949 1932 2012; x_wconf 91' lang='lat' dir='ltr'><strong>amplius</strong></span> <span class='ocrx_word' id='word_1_295' title='bbox 1956 1965 2056 1998; x_wconf 88' lang='lat' dir='ltr'><strong>non</strong></span> 
     </span>
    </p>
   </div>
   <div class='ocr_carea' id='block_1_32' title="bbox 458 2018 2058 2086">
    <p class='ocr_par' dir='ltr' id='par_1_32' title="bbox 458 2018 2058 2086">
     <span class='ocr_line' id='line_1_32' title="bbox 458 2018 2058 2086; baseline -0.001 -14"><span class='ocrx_word' id='word_1_296' title='bbox 458 2026 657 2086; x_wconf 89' lang='lat' dir='ltr'><strong>posset</strong></span> <span class='ocrx_word' id='word_1_297' title='bbox 703 2019 776 2070; x_wconf 90' lang='lat' dir='ltr'><strong>ad</strong></span> <span class='ocrx_word' id='word_1_298' title='bbox 823 2032 1025 2078; x_wconf 90' lang='lat' dir='ltr'><strong>corpus</strong></span> <span class='ocrx_word' id='word_1_299' title='bbox 1072 2018 1255 2070; x_wconf 90' lang='lat' dir='ltr'><strong>redire</strong></span> <span class='ocrx_word' id='word_1_300' title='bbox 1295 2024 1352 2069; x_wconf 90' lang='lat' dir='ltr'><strong>et</strong></span> <span class='ocrx_word' id='word_1_301' title='bbox 1373 2032 1689 2083; x_wconf 89' lang='lat' dir='ltr'><strong>resurgere.</strong></span> <span class='ocrx_word' id='word_1_302' title='bbox 1712 2021 1834 2070; x_wconf 82' lang='lat' dir='ltr'><strong>Hoc</strong></span> <span class='ocrx_word' id='word_1_303' title='bbox 1862 2026 2058 2071; x_wconf 89' lang='lat' dir='ltr'><strong>autem</strong></span> 
     </span>
    </p>
   </div>
   <div class='ocr_carea' id='block_1_33' title="bbox 458 2089 2062 2156">
    <p class='ocr_par' dir='ltr' id='par_1_33' title="bbox 458 2089 2062 2156">
     <span class='ocr_line' id='line_1_33' title="bbox 458 2089 2062 2156; baseline 0 -14"><span class='ocrx_word' id='word_1_304' title='bbox 458 2092 615 2156; x_wconf 92' lang='lat' dir='ltr'><strong>quod</strong></span> <span class='ocrx_word' id='word_1_305' title='bbox 640 2091 710 2141; x_wconf 92' lang='lat' dir='ltr'><strong>de</strong></span> <span class='ocrx_word' id='word_1_306' title='bbox 736 2092 932 2140; x_wconf 90' lang='lat' dir='ltr'><strong>nostro</strong></span> <span class='ocrx_word' id='word_1_307' title='bbox 948 2089 1287 2140; x_wconf 86' lang='lat' dir='ltr'><strong>Redemtore</strong></span> <span class='ocrx_word' id='word_1_308' title='bbox 1313 2089 1539 2149; x_wconf 90' lang='lat' dir='ltr'><strong>dicitur,</strong></span> <span class='ocrx_word' id='word_1_309' title='bbox 1561 2090 1816 2153; x_wconf 88' lang='lat' dir='ltr'><strong>quotidie</strong></span> <span class='ocrx_word' id='word_1_310' title='bbox 1839 2103 1874 2141; x_wconf 93' lang='lat' dir='ltr'><strong>a</strong></span> <span class='ocrx_word' id='word_1_311' title='bbox 1898 2090 2062 2142; x_wconf 82' lang='lat' dir='ltr'><strong>mali-</strong></span> 
     </span>
    </p>
   </div>
   <div class='ocr_carea' id='block_1_34' title="bbox 460 2160 2063 2227">
    <p class='ocr_par' dir='ltr' id='par_1_34' title="bbox 460 2160 2063 2227">
     <span class='ocr_line' id='line_1_34' title="bbox 460 2160 2063 2227; baseline 0.001 -15"><span class='ocrx_word' id='word_1_312' title='bbox 460 2164 591 2227; x_wconf 88' lang='lat' dir='ltr'><strong>gnis</strong></span> <span class='ocrx_word' id='word_1_313' title='bbox 610 2161 903 2226; x_wconf 88' lang='lat' dir='ltr'><strong>spiritibus</strong></span> <span class='ocrx_word' id='word_1_314' title='bbox 927 2164 1124 2211; x_wconf 88' lang='lat' dir='ltr'><strong>contra</strong></span> <span class='ocrx_word' id='word_1_315' title='bbox 1138 2173 1245 2210; x_wconf 89' lang='lat' dir='ltr'><strong>nos</strong></span> <span class='ocrx_word' id='word_1_316' title='bbox 1257 2160 1463 2223; x_wconf 88' lang='lat' dir='ltr'><strong>agitur.</strong></span> <span class='ocrx_word' id='word_1_317' title='bbox 1481 2162 1599 2222; x_wconf 91' lang='lat' dir='ltr'><strong>Laq</strong></span> <span class='ocrx_word' id='word_1_318' title='bbox 1609 2173 1780 2211; x_wconf 90' lang='lat' dir='ltr'><strong>ueum</strong></span> <span class='ocrx_word' id='word_1_319' title='bbox 1805 2161 1958 2212; x_wconf 90' lang='lat' dir='ltr'><strong>enim</strong></span> <span class='ocrx_word' id='word_1_320' title='bbox 1971 2175 2063 2225; x_wconf 88' lang='lat' dir='ltr'><strong>pe-</strong></span> 
     </span>
    </p>
   </div>
   <div class='ocr_carea' id='block_1_35' title="bbox 461 2230 2060 2295">
    <p class='ocr_par' dir='ltr' id='par_1_35' title="bbox 461 2230 2060 2295">
     <span class='ocr_line' id='line_1_35' title="bbox 461 2230 2060 2295; baseline -0.001 -11"><span class='ocrx_word' id='word_1_321' title='bbox 461 2234 633 2284; x_wconf 89' lang='lat' dir='ltr'><strong>dibus</strong></span> <span class='ocrx_word' id='word_1_322' title='bbox 654 2231 867 2282; x_wconf 89' lang='lat' dir='ltr'><strong>nostris</strong></span> <span class='ocrx_word' id='word_1_323' title='bbox 885 2235 1102 2295; x_wconf 88' lang='lat' dir='ltr'><strong>parant,</strong></span> <span class='ocrx_word' id='word_1_324' title='bbox 1129 2231 1263 2293; x_wconf 87' lang='lat' dir='ltr'><strong>quia</strong></span> <span class='ocrx_word' id='word_1_325' title='bbox 1275 2230 1497 2281; x_wconf 89' lang='lat' dir='ltr'><strong>occulta</strong></span> <span class='ocrx_word' id='word_1_326' title='bbox 1516 2236 1871 2283; x_wconf 81' lang='lat' dir='ltr'><strong>tentamenta</strong></span> <span class='ocrx_word' id='word_1_327' title='bbox 1892 2233 2060 2283; x_wconf 91' lang='lat' dir='ltr'><strong>bonis</strong></span> 
     </span>
    </p>
   </div>
   <div class='ocr_carea' id='block_1_36' title="bbox 460 2301 2061 2366">
    <p class='ocr_par' dir='ltr' id='par_1_36' title="bbox 460 2301 2061 2366">
     <span class='ocr_line' id='line_1_36' title="bbox 460 2301 2061 2366; baseline 0.001 -12"><span class='ocrx_word' id='word_1_328' title='bbox 460 2304 677 2355; x_wconf 88' lang='lat' dir='ltr'><strong>nostris</strong></span> <span class='ocrx_word' id='word_1_329' title='bbox 706 2302 933 2353; x_wconf 81' lang='lat' dir='ltr'><strong>actibus</strong></span> <span class='ocrx_word' id='word_1_330' title='bbox 979 2301 1365 2365; x_wconf 70' lang='lat' dir='ltr'><strong>prmtendunt,</strong></span> <span class='ocrx_word' id='word_1_331' title='bbox 1393 2306 1457 2352; x_wconf 94' lang='lat' dir='ltr'><strong>ut</strong></span> <span class='ocrx_word' id='word_1_332' title='bbox 1493 2302 1824 2366; x_wconf 86' lang='lat' dir='ltr'><strong>impediant.</strong></span> <span class='ocrx_word' id='word_1_333' title='bbox 1852 2305 2061 2355; x_wconf 87' lang='lat' dir='ltr'><strong>Anima</strong></span> 
     </span>
    </p>
   </div>
   <div class='ocr_carea' id='block_1_37' title="bbox 459 2372 2058 2434">
    <p class='ocr_par' dir='ltr' id='par_1_37' title="bbox 459 2372 2058 2434">
     <span class='ocr_line' id='line_1_37' title="bbox 459 2372 2058 2434; baseline -0.001 -8"><span class='ocrx_word' id='word_1_334' title='bbox 459 2386 597 2427; x_wconf 89' lang='lat' dir='ltr'><strong>vero</strong></span> <span class='ocrx_word' id='word_1_335' title='bbox 620 2375 972 2434; x_wconf 89' lang='lat' dir='ltr'><strong>incurvatur,</strong></span> <span class='ocrx_word' id='word_1_336' title='bbox 997 2385 1130 2423; x_wconf 90' lang='lat' dir='ltr'><strong>cum</strong></span> <span class='ocrx_word' id='word_1_337' title='bbox 1155 2372 1224 2423; x_wconf 87' lang='lat' dir='ltr'><strong>de</strong></span> <span class='ocrx_word' id='word_1_338' title='bbox 1249 2373 1397 2423; x_wconf 88' lang='lat' dir='ltr'><strong>bono</strong></span> <span class='ocrx_word' id='word_1_339' title='bbox 1412 2372 1485 2423; x_wconf 91' lang='lat' dir='ltr'><strong>ad</strong></span> <span class='ocrx_word' id='word_1_340' title='bbox 1502 2373 1716 2424; x_wconf 88' lang='lat' dir='ltr'><strong>malum</strong></span> <span class='ocrx_word' id='word_1_341' title='bbox 1734 2376 2058 2426; x_wconf 86' lang='lat' dir='ltr'><strong>reﬂectitur.</strong></span> 
     </span>
    </p>
   </div>
   <div class='ocr_carea' id='block_1_38' title="bbox 459 2444 2061 2505">
    <p class='ocr_par' dir='ltr' id='par_1_38' title="bbox 459 2444 2061 2505">
     <span class='ocr_line' id='line_1_38' title="bbox 459 2444 2061 2505; baseline 0.001 -9"><span class='ocrx_word' id='word_1_342' title='bbox 459 2445 668 2497; x_wconf 86' lang='lat' dir='ltr'><strong>Anima</strong></span> <span class='ocrx_word' id='word_1_343' title='bbox 689 2444 1040 2503; x_wconf 85' lang='lat' dir='ltr'><strong>incurvatur,</strong></span> <span class='ocrx_word' id='word_1_344' title='bbox 1070 2445 1338 2505; x_wconf 91' lang='lat' dir='ltr'><strong>quotiens</strong></span> <span class='ocrx_word' id='word_1_345' title='bbox 1363 2444 1605 2495; x_wconf 89' lang='lat' dir='ltr'><strong>terrenis</strong></span> <span class='ocrx_word' id='word_1_346' title='bbox 1630 2444 1925 2497; x_wconf 85' lang='lat' dir='ltr'><strong>desideriis</strong></span> <span class='ocrx_word' id='word_1_347' title='bbox 1950 2446 2061 2497; x_wconf 89' lang='lat' dir='ltr'><strong>im-</strong></span> 
     </span>
    </p>
   </div>
   <div class='ocr_carea' id='block_1_39' title="bbox 463 2514 2059 2580">
    <p class='ocr_par' dir='ltr' id='par_1_39' title="bbox 463 2514 2059 2580">
     <span class='ocr_line' id='line_1_39' title="bbox 463 2514 2059 2580; baseline 0.001 -13"><span class='ocrx_word' id='word_1_348' title='bbox 463 2516 721 2580; x_wconf 89' lang='lat' dir='ltr'><strong>plicatur.</strong></span> <span class='ocrx_word' id='word_1_349' title='bbox 749 2514 896 2565; x_wconf 87' lang='lat' dir='ltr'><strong>Hinc</strong></span> <span class='ocrx_word' id='word_1_350' title='bbox 908 2514 1186 2577; x_wconf 89' lang='lat' dir='ltr'><strong>Propheta</strong></span> <span class='ocrx_word' id='word_1_351' title='bbox 1209 2515 1279 2565; x_wconf 90' lang='lat' dir='ltr'><strong>de</strong></span> <span class='ocrx_word' id='word_1_352' title='bbox 1292 2514 1608 2566; x_wconf 82' lang='lat' dir='ltr'><strong>immundis</strong></span> <span class='ocrx_word' id='word_1_353' title='bbox 1626 2516 1925 2580; x_wconf 89' lang='lat' dir='ltr'><strong>spiritibus</strong></span> <span class='ocrx_word' id='word_1_354' title='bbox 1948 2517 2059 2568; x_wconf 87' lang='lat' dir='ltr'><strong>ait:</strong></span> 
     </span>
    </p>
   </div>
   <div class='ocr_carea' id='block_1_40' title="bbox 460 2585 2062 2649">
    <p class='ocr_par' dir='ltr' id='par_1_40' title="bbox 460 2585 2062 2649">
     <span class='ocr_line' id='line_1_40' title="bbox 460 2585 2062 2649; baseline 0.001 -12"><span class='ocrx_word' id='word_1_355' title='bbox 460 2587 566 2649; x_wconf 92' lang='lat' dir='ltr'><strong>Qui</strong></span> <span class='ocrx_word' id='word_1_356' title='bbox 591 2585 1076 2637; x_wconf 67' lang='lat' dir='ltr'><strong>dixeruntanima:</strong></span> <span class='ocrx_word' id='word_1_357' title='bbox 1094 2590 1235 2637; x_wconf 68' lang='lat' dir='ltr'><strong>tum:</strong></span> <span class='ocrx_word' id='word_1_358' title='bbox 1257 2588 1575 2647; x_wconf 88' lang='lat' dir='ltr'><strong>Incurvare,</strong></span> <span class='ocrx_word' id='word_1_359' title='bbox 1602 2590 1669 2638; x_wconf 90' lang='lat' dir='ltr'><strong>ut</strong></span> <span class='ocrx_word' id='word_1_360' title='bbox 1694 2592 2062 2639; x_wconf 90' lang='lat' dir='ltr'><strong>transeamus</strong></span> 
     </span>
    </p>
   </div>
   <div class='ocr_carea' id='block_1_41' title="bbox 464 2656 2060 2722">
    <p class='ocr_par' dir='ltr' id='par_1_41' title="bbox 464 2656 2060 2722">
     <span class='ocr_line' id='line_1_41' title="bbox 464 2656 2060 2722; baseline 0.001 -16"><span class='ocrx_word' id='word_1_361' title='bbox 464 2658 607 2722; x_wconf 80' lang='lat' dir='ltr'><strong>(Isai.</strong></span> <span class='ocrx_word' id='word_1_362' title='bbox 633 2656 695 2711; x_wconf 84' lang='grc'><strong>51</strong></span> <span class='ocrx_word' id='word_1_363' title='bbox 708 2656 760 2720; x_wconf 92' lang='grc'><strong>.).</strong></span> <span class='ocrx_word' id='word_1_364' title='bbox 781 2658 954 2708; x_wconf 87' lang='lat' dir='ltr'><strong>Recta</strong></span> <span class='ocrx_word' id='word_1_365' title='bbox 969 2657 1179 2720; x_wconf 87' lang='lat' dir='ltr'><strong>quippe</strong></span> <span class='ocrx_word' id='word_1_366' title='bbox 1198 2659 1311 2709; x_wconf 85' lang='lat' dir='ltr'><strong>stat</strong></span> <span class='ocrx_word' id='word_1_367' title='bbox 1321 2658 1532 2721; x_wconf 91' lang='lat' dir='ltr'><strong>anima,</strong></span> <span class='ocrx_word' id='word_1_368' title='bbox 1547 2671 1680 2709; x_wconf 90' lang='lat' dir='ltr'><strong>cum</strong></span> <span class='ocrx_word' id='word_1_369' title='bbox 1707 2671 1958 2722; x_wconf 89' lang='lat' dir='ltr'><strong>superna</strong></span> <span class='ocrx_word' id='word_1_370' title='bbox 1974 2662 2060 2708; x_wconf 87' lang='lat' dir='ltr'><strong>de-</strong></span> 
     </span>
    </p>
   </div>
   <div class='ocr_carea' id='block_1_42' title="bbox 463 2728 2063 2791">
    <p class='ocr_par' dir='ltr' id='par_1_42' title="bbox 463 2728 2063 2791">
     <span class='ocr_line' id='line_1_42' title="bbox 463 2728 2063 2791; baseline -0.001 -12"><span class='ocrx_word' id='word_1_371' title='bbox 463 2730 693 2791; x_wconf 88' lang='lat' dir='ltr'><strong>siderat,</strong></span> <span class='ocrx_word' id='word_1_372' title='bbox 719 2729 776 2779; x_wconf 90' lang='lat' dir='ltr'><strong>et</strong></span> <span class='ocrx_word' id='word_1_373' title='bbox 809 2740 1175 2791; x_wconf 83' lang='lat' dir='ltr'><strong>nequaquam</strong></span> <span class='ocrx_word' id='word_1_374' title='bbox 1201 2728 1446 2780; x_wconf 83' lang='lat' dir='ltr'><strong>flectitur</strong></span> <span class='ocrx_word' id='word_1_375' title='bbox 1466 2728 1540 2780; x_wconf 88' lang='lat' dir='ltr'><strong>ad</strong></span> <span class='ocrx_word' id='word_1_376' title='bbox 1562 2730 1695 2781; x_wconf 90' lang='lat' dir='ltr'><strong>ima.</strong></span> <span class='ocrx_word' id='word_1_377' title='bbox 1724 2730 1832 2781; x_wconf 91' lang='lat' dir='ltr'><strong>Sed</strong></span> <span class='ocrx_word' id='word_1_378' title='bbox 1850 2733 2063 2790; x_wconf 83' lang='lat' dir='ltr'><strong>maligni</strong></span> 
     </span>
    </p>
   </div>
   <div class='ocr_carea' id='block_1_43' title="bbox 464 2798 2064 2865">
    <p class='ocr_par' dir='ltr' id='par_1_43' title="bbox 464 2798 2064 2865">
     <span class='ocr_line' id='line_1_43' title="bbox 464 2798 2064 2865; baseline 0.002 -15"><span class='ocrx_word' id='word_1_379' title='bbox 464 2800 720 2864; x_wconf 87' lang='lat' dir='ltr'><strong>spiritus,</strong></span> <span class='ocrx_word' id='word_1_380' title='bbox 757 2811 891 2849; x_wconf 90' lang='lat' dir='ltr'><strong>cum</strong></span> <span class='ocrx_word' id='word_1_381' title='bbox 919 2798 1068 2849; x_wconf 83' lang='lat' dir='ltr'><strong>hanc</strong></span> <span class='ocrx_word' id='word_1_382' title='bbox 1083 2799 1142 2849; x_wconf 90' lang='lat' dir='ltr'><strong>in</strong></span> <span class='ocrx_word' id='word_1_383' title='bbox 1170 2812 1276 2851; x_wconf 90' lang='lat' dir='ltr'><strong>sua</strong></span> <span class='ocrx_word' id='word_1_384' title='bbox 1298 2801 1639 2852; x_wconf 88' lang='lat' dir='ltr'><strong>rectitudine</strong></span> <span class='ocrx_word' id='word_1_385' title='bbox 1666 2803 1815 2853; x_wconf 90' lang='lat' dir='ltr'><strong>stare</strong></span> <span class='ocrx_word' id='word_1_386' title='bbox 1840 2802 2064 2865; x_wconf 86' lang='lat' dir='ltr'><strong>conspi-</strong></span> 
     </span>
    </p>
   </div>
   <div class='ocr_carea' id='block_1_44' title="bbox 465 2870 2066 2936">
    <p class='ocr_par' dir='ltr' id='par_1_44' title="bbox 465 2870 2066 2936">
     <span class='ocr_line' id='line_1_44' title="bbox 465 2870 2066 2936; baseline 0.001 -14"><span class='ocrx_word' id='word_1_387' title='bbox 465 2873 644 2930; x_wconf 87' lang='lat' dir='ltr'><strong>ciunt,</strong></span> <span class='ocrx_word' id='word_1_388' title='bbox 670 2883 770 2935; x_wconf 90' lang='lat' dir='ltr'><strong>per</strong></span> <span class='ocrx_word' id='word_1_389' title='bbox 792 2883 919 2922; x_wconf 89' lang='lat' dir='ltr'><strong>eam</strong></span> <span class='ocrx_word' id='word_1_390' title='bbox 947 2870 1188 2921; x_wconf 89' lang='lat' dir='ltr'><strong>transire</strong></span> <span class='ocrx_word' id='word_1_391' title='bbox 1200 2884 1316 2923; x_wconf 90' lang='lat' dir='ltr'><strong>non</strong></span> <span class='ocrx_word' id='word_1_392' title='bbox 1338 2877 1601 2936; x_wconf 90' lang='lat' dir='ltr'><strong>possunt.</strong></span> <span class='ocrx_word' id='word_1_393' title='bbox 1623 2872 1887 2924; x_wconf 87' lang='lat' dir='ltr'><strong>Transire</strong></span> <span class='ocrx_word' id='word_1_394' title='bbox 1898 2885 2066 2924; x_wconf 90' lang='lat' dir='ltr'><strong>nam-</strong></span> 
     </span>
    </p>
   </div>
   <div class='ocr_carea' id='block_1_45' title="bbox 463 2941 2068 3008">
    <p class='ocr_par' dir='ltr' id='par_1_45' title="bbox 463 2941 2068 3008">
     <span class='ocr_line' id='line_1_45' title="bbox 463 2941 2068 3008; baseline 0.001 -14"><span class='ocrx_word' id='word_1_395' title='bbox 463 2956 574 3007; x_wconf 90' lang='lat' dir='ltr'><strong>que</strong></span> <span class='ocrx_word' id='word_1_396' title='bbox 600 2954 798 2994; x_wconf 90' lang='lat' dir='ltr'><strong>eorum</strong></span> <span class='ocrx_word' id='word_1_397' title='bbox 815 2945 906 2992; x_wconf 91' lang='lat' dir='ltr'><strong>est</strong></span> <span class='ocrx_word' id='word_1_398' title='bbox 934 2942 1232 2993; x_wconf 87' lang='lat' dir='ltr'><strong>immunda</strong></span> <span class='ocrx_word' id='word_1_399' title='bbox 1256 2941 1333 2993; x_wconf 93' lang='lat' dir='ltr'><strong>illi</strong></span> <span class='ocrx_word' id='word_1_400' title='bbox 1356 2943 1637 2994; x_wconf 89' lang='lat' dir='ltr'><strong>desideria</strong></span> <span class='ocrx_word' id='word_1_401' title='bbox 1663 2957 1948 3008; x_wconf 87' lang='lat' dir='ltr'><strong>spargere.</strong></span> <span class='ocrx_word' id='word_1_402' title='bbox 1969 2944 2068 2994; x_wconf 89' lang='lat' dir='ltr'><strong>Di-</strong></span> 
     </span>
    </p>
   </div>
   <div class='ocr_carea' id='block_1_46' title="bbox 463 3015 2065 3078">
    <p class='ocr_par' dir='ltr' id='par_1_46' title="bbox 463 3015 2065 3078">
     <span class='ocr_line' id='line_1_46' title="bbox 463 3015 2065 3078; baseline 0.001 -14"><span class='ocrx_word' id='word_1_403' title='bbox 463 3019 604 3065; x_wconf 84' lang='lat' dir='ltr'><strong>cunt</strong></span> <span class='ocrx_word' id='word_1_404' title='bbox 627 3026 787 3077; x_wconf 92' lang='lat' dir='ltr'><strong>ergo,</strong></span> <span class='ocrx_word' id='word_1_405' title='bbox 801 3015 1128 3076; x_wconf 82' lang='lat' dir='ltr'><strong>Incurvare,</strong></span> <span class='ocrx_word' id='word_1_406' title='bbox 1142 3016 1207 3065; x_wconf 93' lang='lat' dir='ltr'><strong>ut</strong></span> <span class='ocrx_word' id='word_1_407' title='bbox 1221 3015 1586 3066; x_wconf 87' lang='lat' dir='ltr'><strong>transeamus</strong></span> <span class='ocrx_word' id='word_1_408' title='bbox 1605 3030 1616 3065; x_wconf 88' lang='lat'><strong>:</strong></span> <span class='ocrx_word' id='word_1_409' title='bbox 1632 3016 1767 3078; x_wconf 88' lang='lat' dir='ltr'><strong>quia</strong></span> <span class='ocrx_word' id='word_1_410' title='bbox 1784 3015 1842 3066; x_wconf 91' lang='lat' dir='ltr'><strong>in</strong></span> <span class='ocrx_word' id='word_1_411' title='bbox 1862 3016 1988 3078; x_wconf 93' lang='lat' dir='ltr'><strong>ipsa</strong></span> <span class='ocrx_word' id='word_1_412' title='bbox 2003 3028 2065 3067; x_wconf 88' lang='lat' dir='ltr'><strong>se</strong></span> 
     </span>
    </p>
   </div>
   <div class='ocr_carea' id='block_1_47' title="bbox 456 3084 2060 3149">
    <p class='ocr_par' dir='ltr' id='par_1_47' title="bbox 456 3084 2060 3149">
     <span class='ocr_line' id='line_1_47' title="bbox 456 3084 2060 3149; baseline 0 -12"><span class='ocrx_word' id='word_1_413' title='bbox 456 3086 529 3137; x_wconf 88' lang='lat' dir='ltr'><strong>ad</strong></span> <span class='ocrx_word' id='word_1_414' title='bbox 552 3086 668 3137; x_wconf 89' lang='lat' dir='ltr'><strong>ima</strong></span> <span class='ocrx_word' id='word_1_415' title='bbox 701 3084 1021 3149; x_wconf 79' lang='lat' dir='ltr'><strong>appetenda</strong></span> <span class='ocrx_word' id='word_1_416' title='bbox 1048 3097 1165 3136; x_wconf 90' lang='lat' dir='ltr'><strong>non</strong></span> <span class='ocrx_word' id='word_1_417' title='bbox 1198 3085 1410 3148; x_wconf 88' lang='lat' dir='ltr'><strong>dejicit,</strong></span> <span class='ocrx_word' id='word_1_418' title='bbox 1439 3089 1635 3138; x_wconf 91' lang='lat' dir='ltr'><strong>contra</strong></span> <span class='ocrx_word' id='word_1_419' title='bbox 1658 3086 1806 3138; x_wconf 89' lang='lat' dir='ltr'><strong>hanc</strong></span> <span class='ocrx_word' id='word_1_420' title='bbox 1831 3086 2060 3137; x_wconf 89' lang='lat' dir='ltr'><strong>illorum</strong></span> 
     </span>
    </p>
   </div>
   <div class='ocr_carea' id='block_1_48' title="bbox 456 3156 2060 3221">
    <p class='ocr_par' dir='ltr' id='par_1_48' title="bbox 456 3156 2060 3221">
     <span class='ocr_line' id='line_1_48' title="bbox 456 3156 2060 3221; baseline 0.001 -13"><span class='ocrx_word' id='word_1_421' title='bbox 456 3157 803 3221; x_wconf 79' lang='lat' dir='ltr'><strong>perversitas</strong></span> <span class='ocrx_word' id='word_1_422' title='bbox 828 3156 1160 3207; x_wconf 89' lang='lat' dir='ltr'><strong>nullatenus</strong></span> <span class='ocrx_word' id='word_1_423' title='bbox 1193 3156 1563 3221; x_wconf 89' lang='lat' dir='ltr'><strong>convalescit,</strong></span> <span class='ocrx_word' id='word_1_424' title='bbox 1598 3160 1655 3208; x_wconf 91' lang='lat' dir='ltr'><strong>et</strong></span> <span class='ocrx_word' id='word_1_425' title='bbox 1690 3157 1931 3209; x_wconf 89' lang='lat' dir='ltr'><strong>transire</strong></span> <span class='ocrx_word' id='word_1_426' title='bbox 1960 3170 2060 3221; x_wconf 91' lang='lat' dir='ltr'><strong>per</strong></span> 
     </span>
    </p>
   </div>
   <div class='ocr_carea' id='block_1_49' title="bbox 2161 1871 3799 1946">
    <p class='ocr_par' dir='ltr' id='par_1_49' title="bbox 2161 1871 3799 1946">
     <span class='ocr_line' id='line_1_49' title="bbox 2161 1871 3799 1946; baseline -0.005 -17"><span class='ocrx_word' id='word_1_427' title='bbox 2161 1879 2386 1942; x_wconf 87' lang='lat' dir='ltr'><strong>patiens</strong></span> <span class='ocrx_word' id='word_1_428' title='bbox 2432 1876 2649 1946; x_wconf 80' lang='lat' dir='ltr'><strong>cithara</strong></span> <span class='ocrx_word' id='word_1_429' title='bbox 2671 1877 2799 1925; x_wconf 90' lang='lat' dir='ltr'><strong>est:</strong></span> <span class='ocrx_word' id='word_1_430' title='bbox 2846 1871 3252 1946; x_wconf 83' lang='lat' dir='ltr'><strong>illuminentur</strong></span> <span class='ocrx_word' id='word_1_431' title='bbox 3299 1874 3491 1946; x_wconf 58' lang='lat' dir='ltr'><strong>caeci,</strong></span> <span class='ocrx_word' id='word_1_432' title='bbox 3517 1876 3799 1946; x_wconf 79' lang='lat' dir='ltr'><strong>sanentur</strong></span> 
     </span>
    </p>
   </div>
   <div class='ocr_carea' id='block_1_50' title="bbox 2162 1942 3802 2013">
    <p class='ocr_par' dir='ltr' id='par_1_50' title="bbox 2162 1942 3802 2013">
     <span class='ocr_line' id='line_1_50' title="bbox 2162 1942 3802 2013; baseline -0.005 -12"><span class='ocrx_word' id='word_1_433' title='bbox 2162 1949 2383 2013; x_wconf 67' lang='lat' dir='ltr'><strong>aegroti,</strong></span> <span class='ocrx_word' id='word_1_434' title='bbox 2409 1942 2716 2009; x_wconf 74' lang='lat' dir='ltr'><strong>resurgant</strong></span> <span class='ocrx_word' id='word_1_435' title='bbox 2737 1943 2969 2006; x_wconf 90' lang='lat' dir='ltr'><strong>mortui,</strong></span> <span class='ocrx_word' id='word_1_436' title='bbox 3008 1955 3189 1994; x_wconf 89' lang='lat' dir='ltr'><strong>sonus</strong></span> <span class='ocrx_word' id='word_1_437' title='bbox 3211 1942 3498 2008; x_wconf 82' lang='lat' dir='ltr'><strong>psalterii</strong></span> <span class='ocrx_word' id='word_1_438' title='bbox 3523 1948 3643 1995; x_wconf 84' lang='lat' dir='ltr'><strong>est.</strong></span> <span class='ocrx_word' id='word_1_439' title='bbox 3678 1945 3802 1994; x_wconf 78' lang='lat' dir='ltr'><strong>Esu-</strong></span> 
     </span>
    </p>
   </div>
   <div class='ocr_carea' id='block_1_51' title="bbox 2162 2013 3797 2082">
    <p class='ocr_par' dir='ltr' id='par_1_51' title="bbox 2162 2013 3797 2082">
     <span class='ocr_line' id='line_1_51' title="bbox 2162 2013 3797 2082; baseline -0.004 -11"><span class='ocrx_word' id='word_1_440' title='bbox 2162 2020 2288 2082; x_wconf 90' lang='lat' dir='ltr'><strong>riat,</strong></span> <span class='ocrx_word' id='word_1_441' title='bbox 2326 2019 2499 2081; x_wconf 89' lang='lat' dir='ltr'><strong>sitiat,</strong></span> <span class='ocrx_word' id='word_1_442' title='bbox 2546 2015 2811 2078; x_wconf 89' lang='lat' dir='ltr'><strong>dormiat,</strong></span> <span class='ocrx_word' id='word_1_443' title='bbox 2838 2013 3177 2077; x_wconf 85' lang='lat' dir='ltr'><strong>ﬂagelletur,</strong></span> <span class='ocrx_word' id='word_1_444' title='bbox 3232 2015 3584 2078; x_wconf 81' lang='lat' dir='ltr'><strong>occidatur,</strong></span> <span class='ocrx_word' id='word_1_445' title='bbox 3646 2026 3797 2078; x_wconf 81' lang='lat' dir='ltr'><strong>sepe-</strong></span> 
     </span>
    </p>
   </div>
   <div class='ocr_carea' id='block_1_52' title="bbox 2160 2086 3797 2154">
    <p class='ocr_par' dir='ltr' id='par_1_52' title="bbox 2160 2086 3797 2154">
     <span class='ocr_line' id='line_1_52' title="bbox 2160 2086 3797 2154; baseline -0.002 -12"><span class='ocrx_word' id='word_1_446' title='bbox 2160 2091 2353 2154; x_wconf 90' lang='lat' dir='ltr'><strong>liatur,</strong></span> <span class='ocrx_word' id='word_1_447' title='bbox 2379 2100 2560 2140; x_wconf 90' lang='lat' dir='ltr'><strong>sonus</strong></span> <span class='ocrx_word' id='word_1_448' title='bbox 2584 2086 2821 2141; x_wconf 78' lang='lat' dir='ltr'><strong>citharae</strong></span> <span class='ocrx_word' id='word_1_449' title='bbox 2849 2088 2958 2137; x_wconf 88' lang='lat' dir='ltr'><strong>est.</strong></span> <span class='ocrx_word' id='word_1_450' title='bbox 2984 2086 3183 2136; x_wconf 89' lang='lat' dir='ltr'><strong>Habes</strong></span> <span class='ocrx_word' id='word_1_451' title='bbox 3211 2098 3355 2149; x_wconf 87' lang='lat' dir='ltr'><strong>ergo</strong></span> <span class='ocrx_word' id='word_1_452' title='bbox 3383 2087 3455 2137; x_wconf 90' lang='lat' dir='ltr'><strong>in</strong></span> <span class='ocrx_word' id='word_1_453' title='bbox 3480 2100 3611 2138; x_wconf 86' lang='lat' dir='ltr'><strong>una</strong></span> <span class='ocrx_word' id='word_1_454' title='bbox 3638 2098 3797 2138; x_wconf 79' lang='lat' dir='ltr'><strong>came</strong></span> 
     </span>
    </p>
   </div>
   <div class='ocr_carea' id='block_1_53' title="bbox 2163 2155 3795 2227">
    <p class='ocr_par' dir='ltr' id='par_1_53' title="bbox 2163 2155 3795 2227">
     <span class='ocr_line' id='line_1_53' title="bbox 2163 2155 3795 2227; baseline -0.006 -14"><span class='ocrx_word' id='word_1_455' title='bbox 2163 2161 2498 2227; x_wconf 86' lang='lat' dir='ltr'><strong>psalterium</strong></span> <span class='ocrx_word' id='word_1_456' title='bbox 2521 2164 2578 2211; x_wconf 90' lang='lat' dir='ltr'><strong>et</strong></span> <span class='ocrx_word' id='word_1_457' title='bbox 2593 2157 2889 2208; x_wconf 86' lang='lat' dir='ltr'><strong>citharam.</strong></span> <span class='ocrx_word' id='word_1_458' title='bbox 2919 2157 2989 2207; x_wconf 89' lang='lat' dir='ltr'><strong>Et</strong></span> <span class='ocrx_word' id='word_1_459' title='bbox 3011 2155 3126 2207; x_wconf 86' lang='lat' dir='ltr'><strong>ista</strong></span> <span class='ocrx_word' id='word_1_460' title='bbox 3148 2156 3267 2207; x_wconf 91' lang='lat' dir='ltr'><strong>duo</strong></span> <span class='ocrx_word' id='word_1_461' title='bbox 3292 2169 3530 2221; x_wconf 88' lang='lat' dir='ltr'><strong>genera</strong></span> <span class='ocrx_word' id='word_1_462' title='bbox 3558 2160 3795 2207; x_wconf 79' lang='lat' dir='ltr'><strong>factorum</strong></span> 
     </span>
    </p>
   </div>
   <div class='ocr_carea' id='block_1_54' title="bbox 2162 2227 3797 2297">
    <p class='ocr_par' dir='ltr' id='par_1_54' title="bbox 2162 2227 3797 2297">
     <span class='ocr_line' id='line_1_54' title="bbox 2162 2227 3797 2297; baseline -0.004 -14"><span class='ocrx_word' id='word_1_463' title='bbox 2162 2232 2549 2297; x_wconf 89' lang='lat' dir='ltr'><strong>impleverunt</strong></span> <span class='ocrx_word' id='word_1_464' title='bbox 2572 2227 2970 2292; x_wconf 85' lang='lat' dir='ltr'><strong>Evangelium,</strong></span> <span class='ocrx_word' id='word_1_465' title='bbox 2989 2230 3048 2278; x_wconf 91' lang='lat' dir='ltr'><strong>et</strong></span> <span class='ocrx_word' id='word_1_466' title='bbox 3069 2227 3797 2291; x_wconf 66' lang='lat' dir='ltr'><strong>prmdicanturGentibus.</strong></span> 
     </span>
    </p>
   </div>
   <div class='ocr_carea' id='block_1_55' title="bbox 2163 2298 3487 2364">
    <p class='ocr_par' dir='ltr' id='par_1_55' title="bbox 2163 2298 3487 2364">
     <span class='ocr_line' id='line_1_55' title="bbox 2163 2298 3487 2364; baseline -0.005 -9"><span class='ocrx_word' id='word_1_467' title='bbox 2163 2307 2233 2355; x_wconf 91' lang='lat' dir='ltr'><strong>Et</strong></span> <span class='ocrx_word' id='word_1_468' title='bbox 2255 2304 2347 2355; x_wconf 91' lang='lat' dir='ltr'><strong>hic</strong></span> <span class='ocrx_word' id='word_1_469' title='bbox 2374 2304 2596 2354; x_wconf 86' lang='lat' dir='ltr'><strong>fructus</strong></span> <span class='ocrx_word' id='word_1_470' title='bbox 2620 2298 2908 2364; x_wconf 88' lang='lat' dir='ltr'><strong>passionis</strong></span> <span class='ocrx_word' id='word_1_471' title='bbox 2931 2303 2990 2349; x_wconf 89' lang='lat' dir='ltr'><strong>et</strong></span> <span class='ocrx_word' id='word_1_472' title='bbox 3010 2299 3487 2351; x_wconf 87' lang='lat' dir='ltr'><strong>resurrectionis.</strong></span> 
     </span>
    </p>
   </div>
   <div class='ocr_carea' id='block_1_56' title="bbox 2226 2368 3795 2435">
    <p class='ocr_par' dir='ltr' id='par_1_56' title="bbox 2226 2368 3795 2435">
     <span class='ocr_line' id='line_1_56' title="bbox 2226 2368 3795 2435; baseline -0.001 -13"><span class='ocrx_word' id='word_1_473' title='bbox 2226 2374 2311 2428; x_wconf 82' lang='grc'><strong>10.</strong></span> <span class='ocrx_word' id='word_1_474' title='bbox 2341 2372 2637 2435; x_wconf 81' lang='lat' dir='ltr'><strong>Conﬁtebor</strong></span> <span class='ocrx_word' id='word_1_475' title='bbox 2661 2370 2756 2419; x_wconf 73' lang='lat' dir='ltr'><strong>tibi</strong></span> <span class='ocrx_word' id='word_1_476' title='bbox 2798 2371 2861 2417; x_wconf 84' lang='lat' dir='ltr'><strong>in</strong></span> <span class='ocrx_word' id='word_1_477' title='bbox 2884 2368 3125 2433; x_wconf 72' lang='lat' dir='ltr'><strong>populis,</strong></span> <span class='ocrx_word' id='word_1_478' title='bbox 3150 2368 3327 2432; x_wconf 89' lang='lat' dir='ltr'><strong>idest,</strong></span> <span class='ocrx_word' id='word_1_479' title='bbox 3354 2372 3683 2435; x_wconf 85' lang='lat' dir='ltr'><strong>acquiram</strong></span> <span class='ocrx_word' id='word_1_480' title='bbox 3706 2369 3795 2421; x_wconf 69' lang='lat' dir='ltr'><strong>tibi</strong></span> 
     </span>
    </p>
   </div>
   <div class='ocr_carea' id='block_1_57' title="bbox 2163 2440 3794 2503">
    <p class='ocr_par' dir='ltr' id='par_1_57' title="bbox 2163 2440 3794 2503">
     <span class='ocr_line' id='line_1_57' title="bbox 2163 2440 3794 2503; baseline -0.006 -6"><span class='ocrx_word' id='word_1_481' title='bbox 2163 2446 2524 2497; x_wconf 90' lang='lat' dir='ltr'><strong>confessores</strong></span> <span class='ocrx_word' id='word_1_482' title='bbox 2568 2443 2628 2494; x_wconf 92' lang='lat' dir='ltr'><strong>in</strong></span> <span class='ocrx_word' id='word_1_483' title='bbox 2670 2440 2911 2503; x_wconf 69' lang='lat' dir='ltr'><strong>Judaeis,</strong></span> <span class='ocrx_word' id='word_1_484' title='bbox 2956 2445 3015 2491; x_wconf 90' lang='lat' dir='ltr'><strong>et</strong></span> <span class='ocrx_word' id='word_1_485' title='bbox 3046 2440 3335 2489; x_wconf 85' lang='lat' dir='ltr'><strong>Psalmum</strong></span> <span class='ocrx_word' id='word_1_486' title='bbox 3380 2442 3579 2491; x_wconf 77' lang='lat' dir='ltr'><strong>dicam</strong></span> <span class='ocrx_word' id='word_1_487' title='bbox 3613 2442 3716 2491; x_wconf 73' lang='lat' dir='ltr'><strong>tibi</strong></span> <span class='ocrx_word' id='word_1_488' title='bbox 3744 2442 3794 2489; x_wconf 68' lang='lat' dir='ltr'><strong>is</strong></span> 
     </span>
    </p>
   </div>
   <div class='ocr_carea' id='block_1_58' title="bbox 2165 2511 3793 2577">
    <p class='ocr_par' dir='ltr' id='par_1_58' title="bbox 2165 2511 3793 2577">
     <span class='ocr_line' id='line_1_58' title="bbox 2165 2511 3793 2577; baseline -0.002 -10"><span class='ocrx_word' id='word_1_489' title='bbox 2165 2516 2434 2576; x_wconf 76' lang='lat' dir='ltr'><strong>Gentibus,</strong></span> <span class='ocrx_word' id='word_1_490' title='bbox 2451 2515 2618 2574; x_wconf 88' lang='lat' dir='ltr'><strong>idest,</strong></span> <span class='ocrx_word' id='word_1_491' title='bbox 2637 2513 2774 2564; x_wconf 80' lang='lat' dir='ltr'><strong>tales</strong></span> <span class='ocrx_word' id='word_1_492' title='bbox 2797 2512 3094 2575; x_wconf 89' lang='lat' dir='ltr'><strong>acquiram</strong></span> <span class='ocrx_word' id='word_1_493' title='bbox 3118 2511 3180 2562; x_wconf 91' lang='lat' dir='ltr'><strong>in</strong></span> <span class='ocrx_word' id='word_1_494' title='bbox 3202 2512 3527 2577; x_wconf 87' lang='lat' dir='ltr'><strong>Gentibus,</strong></span> <span class='ocrx_word' id='word_1_495' title='bbox 3544 2515 3652 2576; x_wconf 87' lang='lat' dir='ltr'><strong>qui</strong></span> <span class='ocrx_word' id='word_1_496' title='bbox 3670 2515 3793 2573; x_wconf 70' lang='lat' dir='ltr'><strong>psal-</strong></span> 
     </span>
    </p>
   </div>
   <div class='ocr_carea' id='block_1_59' title="bbox 2164 2584 3792 2649">
    <p class='ocr_par' dir='ltr' id='par_1_59' title="bbox 2164 2584 3792 2649">
     <span class='ocr_line' id='line_1_59' title="bbox 2164 2584 3792 2649; baseline -0.004 -10"><span class='ocrx_word' id='word_1_497' title='bbox 2164 2602 2325 2639; x_wconf 91' lang='lat' dir='ltr'><strong>mum</strong></span> <span class='ocrx_word' id='word_1_498' title='bbox 2350 2584 2742 2649; x_wconf 76' lang='lat' dir='ltr'><strong>dicent,-idest,</strong></span> <span class='ocrx_word' id='word_1_499' title='bbox 2760 2585 2906 2635; x_wconf 90' lang='lat' dir='ltr'><strong>bene</strong></span> <span class='ocrx_word' id='word_1_500' title='bbox 2926 2584 3344 2647; x_wconf 90' lang='lat' dir='ltr'><strong>operabuntur.</strong></span> <span class='ocrx_word' id='word_1_501' title='bbox 3369 2584 3487 2635; x_wconf 86' lang='lat' dir='ltr'><strong>Vel</strong></span> <span class='ocrx_word' id='word_1_502' title='bbox 3508 2585 3638 2645; x_wconf 70' lang='lat' dir='ltr'><strong>tibi,</strong></span> <span class='ocrx_word' id='word_1_503' title='bbox 3657 2588 3792 2645; x_wconf 73' lang='lat' dir='ltr'><strong>idest,</strong></span> 
     </span>
    </p>
   </div>
   <div class='ocr_carea' id='block_1_60' title="bbox 2162 2653 3792 2719">
    <p class='ocr_par' dir='ltr' id='par_1_60' title="bbox 2162 2653 3792 2719">
     <span class='ocr_line' id='line_1_60' title="bbox 2162 2653 3792 2719; baseline -0.006 -7"><span class='ocrx_word' id='word_1_504' title='bbox 2162 2661 2236 2712; x_wconf 91' lang='lat' dir='ltr'><strong>ad</strong></span> <span class='ocrx_word' id='word_1_505' title='bbox 2287 2660 2563 2711; x_wconf 88' lang='lat' dir='ltr'><strong>honorem</strong></span> <span class='ocrx_word' id='word_1_506' title='bbox 2608 2661 2793 2718; x_wconf 88' lang='lat' dir='ltr'><strong>tuum,</strong></span> <span class='ocrx_word' id='word_1_507' title='bbox 2844 2653 3134 2717; x_wconf 82' lang='lat' dir='ltr'><strong>conﬁtebor</strong></span> <span class='ocrx_word' id='word_1_508' title='bbox 3174 2659 3233 2706; x_wconf 91' lang='lat' dir='ltr'><strong>et</strong></span> <span class='ocrx_word' id='word_1_509' title='bbox 3268 2656 3570 2719; x_wconf 74' lang='lat' dir='ltr'><strong>psalmum</strong></span> <span class='ocrx_word' id='word_1_510' title='bbox 3598 2657 3792 2717; x_wconf 71' lang='lat' dir='ltr'><strong>dicam,</strong></span> 
     </span>
    </p>
   </div>
   <div class='ocr_carea' id='block_1_61' title="bbox 2162 2726 3793 2794">
    <p class='ocr_par' dir='ltr' id='par_1_61' title="bbox 2162 2726 3793 2794">
     <span class='ocr_line' id='line_1_61' title="bbox 2162 2726 3793 2794; baseline -0.002 -12"><span class='ocrx_word' id='word_1_511' title='bbox 2162 2731 2330 2794; x_wconf 91' lang='lat' dir='ltr'><strong>idest,</strong></span> <span class='ocrx_word' id='word_1_512' title='bbox 2366 2730 2595 2781; x_wconf 89' lang='lat' dir='ltr'><strong>laudem</strong></span> <span class='ocrx_word' id='word_1_513' title='bbox 2638 2733 2695 2779; x_wconf 87' lang='lat' dir='ltr'><strong>et</strong></span> <span class='ocrx_word' id='word_1_514' title='bbox 2738 2728 2951 2778; x_wconf 89' lang='lat' dir='ltr'><strong>bonam</strong></span> <span class='ocrx_word' id='word_1_515' title='bbox 2992 2726 3394 2790; x_wconf 89' lang='lat' dir='ltr'><strong>operationem</strong></span> <span class='ocrx_word' id='word_1_516' title='bbox 3435 2727 3793 2792; x_wconf 62' lang='lat' dir='ltr'><strong>medicabo,</strong></span> 
     </span>
    </p>
   </div>
   <div class='ocr_carea' id='block_1_62' title="bbox 2162 2796 3791 2859">
    <p class='ocr_par' dir='ltr' id='par_1_62' title="bbox 2162 2796 3791 2859">
     <span class='ocr_line' id='line_1_62' title="bbox 2162 2796 3791 2859; baseline -0.002 -5"><span class='ocrx_word' id='word_1_517' title='bbox 2162 2815 2279 2854; x_wconf 91' lang='lat' dir='ltr'><strong>non</strong></span> <span class='ocrx_word' id='word_1_518' title='bbox 2305 2802 2493 2853; x_wconf 90' lang='lat' dir='ltr'><strong>solum</strong></span> <span class='ocrx_word' id='word_1_519' title='bbox 2525 2800 2584 2851; x_wconf 91' lang='lat' dir='ltr'><strong>in</strong></span> <span class='ocrx_word' id='word_1_520' title='bbox 2607 2798 2854 2859; x_wconf 68' lang='lat' dir='ltr'><strong>Judaais,</strong></span> <span class='ocrx_word' id='word_1_521' title='bbox 2893 2796 2998 2848; x_wconf 89' lang='lat' dir='ltr'><strong>sed</strong></span> <span class='ocrx_word' id='word_1_522' title='bbox 3037 2797 3215 2848; x_wconf 88' lang='lat' dir='ltr'><strong>etiam</strong></span> <span class='ocrx_word' id='word_1_523' title='bbox 3238 2798 3306 2848; x_wconf 91' lang='lat' dir='ltr'><strong>in</strong></span> <span class='ocrx_word' id='word_1_524' title='bbox 3357 2799 3680 2851; x_wconf 86' lang='lat' dir='ltr'><strong>Gentibus.</strong></span> <span class='ocrx_word' id='word_1_525' title='bbox 3704 2802 3791 2850; x_wconf 73' lang='lat' dir='ltr'><strong>At-</strong></span> 
     </span>
    </p>
   </div>
   <div class='ocr_carea' id='block_1_63' title="bbox 2164 2869 3788 2937">
    <p class='ocr_par' dir='ltr' id='par_1_63' title="bbox 2164 2869 3788 2937">
     <span class='ocr_line' id='line_1_63' title="bbox 2164 2869 3788 2937; baseline -0.002 -12"><span class='ocrx_word' id='word_1_526' title='bbox 2164 2872 2335 2925; x_wconf 90' lang='lat' dir='ltr'><strong>tende</strong></span> <span class='ocrx_word' id='word_1_527' title='bbox 2348 2872 2500 2937; x_wconf 91' lang='lat' dir='ltr'><strong>quod</strong></span> <span class='ocrx_word' id='word_1_528' title='bbox 2518 2871 2642 2936; x_wconf 90' lang='lat' dir='ltr'><strong>ipse</strong></span> <span class='ocrx_word' id='word_1_529' title='bbox 2664 2869 2845 2920; x_wconf 87' lang='lat' dir='ltr'><strong>Filius</strong></span> <span class='ocrx_word' id='word_1_530' title='bbox 2873 2869 2976 2919; x_wconf 92' lang='lat' dir='ltr'><strong>Dei</strong></span> <span class='ocrx_word' id='word_1_531' title='bbox 3005 2880 3080 2920; x_wconf 82' lang='lat' dir='ltr'><strong>ex</strong></span> <span class='ocrx_word' id='word_1_532' title='bbox 3103 2870 3541 2932; x_wconf 69' lang='lat' dir='ltr'><strong>tantajustitiae</strong></span> <span class='ocrx_word' id='word_1_533' title='bbox 3564 2871 3788 2923; x_wconf 84' lang='lat' dir='ltr'><strong>actione</strong></span> 
     </span>
    </p>
   </div>
   <div class='ocr_carea' id='block_1_64' title="bbox 2163 2940 3783 3008">
    <p class='ocr_par' dir='ltr' id='par_1_64' title="bbox 2163 2940 3783 3008">
     <span class='ocr_line' id='line_1_64' title="bbox 2163 2940 3783 3008; baseline -0.004 -12"><span class='ocrx_word' id='word_1_534' title='bbox 2163 2957 2281 2997; x_wconf 92' lang='lat' dir='ltr'><strong>non</strong></span> <span class='ocrx_word' id='word_1_535' title='bbox 2294 2944 2503 3008; x_wconf 62' lang='lat' dir='ltr'><strong>quaerit</strong></span> <span class='ocrx_word' id='word_1_536' title='bbox 2523 2941 2763 3006; x_wconf 86' lang='lat' dir='ltr'><strong>gloriam</strong></span> <span class='ocrx_word' id='word_1_537' title='bbox 2788 2952 2975 3004; x_wconf 88' lang='lat' dir='ltr'><strong>suam,</strong></span> <span class='ocrx_word' id='word_1_538' title='bbox 3001 2940 3104 2991; x_wconf 88' lang='lat' dir='ltr'><strong>sed</strong></span> <span class='ocrx_word' id='word_1_539' title='bbox 3128 2940 3256 3004; x_wconf 89' lang='lat' dir='ltr'><strong>ejus</strong></span> <span class='ocrx_word' id='word_1_540' title='bbox 3280 2942 3387 3004; x_wconf 89' lang='lat' dir='ltr'><strong>qui</strong></span> <span class='ocrx_word' id='word_1_541' title='bbox 3417 2943 3597 2994; x_wconf 87' lang='lat' dir='ltr'><strong>misit</strong></span> <span class='ocrx_word' id='word_1_542' title='bbox 3618 2956 3783 2995; x_wconf 89' lang='lat' dir='ltr'><strong>eum:</strong></span> 
     </span>
    </p>
   </div>
   <div class='ocr_carea' id='block_1_65' title="bbox 2164 3010 3782 3079">
    <p class='ocr_par' dir='ltr' id='par_1_65' title="bbox 2164 3010 3782 3079">
     <span class='ocr_line' id='line_1_65' title="bbox 2164 3010 3782 3079; baseline -0.004 -11"><span class='ocrx_word' id='word_1_543' title='bbox 2164 3019 2228 3068; x_wconf 91' lang='lat' dir='ltr'><strong>ut</strong></span> <span class='ocrx_word' id='word_1_544' title='bbox 2249 3028 2366 3067; x_wconf 93' lang='lat' dir='ltr'><strong>non</strong></span> <span class='ocrx_word' id='word_1_545' title='bbox 2398 3014 2671 3079; x_wconf 81' lang='lat' dir='ltr'><strong>glorietur</strong></span> <span class='ocrx_word' id='word_1_546' title='bbox 2691 3013 2749 3063; x_wconf 93' lang='lat' dir='ltr'><strong>in</strong></span> <span class='ocrx_word' id='word_1_547' title='bbox 2774 3024 2837 3063; x_wconf 87' lang='lat' dir='ltr'><strong>se</strong></span> <span class='ocrx_word' id='word_1_548' title='bbox 2860 3010 3050 3062; x_wconf 88' lang='lat' dir='ltr'><strong>omnis</strong></span> <span class='ocrx_word' id='word_1_549' title='bbox 3074 3024 3228 3075; x_wconf 88' lang='lat' dir='ltr'><strong>caro,</strong></span> <span class='ocrx_word' id='word_1_550' title='bbox 3252 3012 3363 3064; x_wconf 89' lang='lat' dir='ltr'><strong>sed</strong></span> <span class='ocrx_word' id='word_1_551' title='bbox 3382 3014 3491 3077; x_wconf 78' lang='lat' dir='ltr'><strong>qui</strong></span> <span class='ocrx_word' id='word_1_552' title='bbox 3517 3018 3782 3075; x_wconf 71' lang='lat' dir='ltr'><strong>gloriatur,</strong></span> 
     </span>
    </p>
   </div>
   <div class='ocr_carea' id='block_1_66' title="bbox 2161 3081 3781 3150">
    <p class='ocr_par' dir='ltr' id='par_1_66' title="bbox 2161 3081 3781 3150">
     <span class='ocr_line' id='line_1_66' title="bbox 2161 3081 3781 3150; baseline -0.001 -11"><span class='ocrx_word' id='word_1_553' title='bbox 2161 3088 2221 3139; x_wconf 91' lang='lat' dir='ltr'><strong>in</strong></span> <span class='ocrx_word' id='word_1_554' title='bbox 2247 3087 2492 3139; x_wconf 91' lang='lat' dir='ltr'><strong>Domino</strong></span> <span class='ocrx_word' id='word_1_555' title='bbox 2532 3084 2809 3150; x_wconf 87' lang='lat' dir='ltr'><strong>glorietur</strong></span> <span class='ocrx_word' id='word_1_556' title='bbox 2832 3081 2904 3145; x_wconf 73' lang='grc'><strong>(2.</strong></span> <span class='ocrx_word' id='word_1_557' title='bbox 2945 3084 3069 3134; x_wconf 83' lang='lat' dir='ltr'><strong>Cor.</strong></span> <span class='ocrx_word' id='word_1_558' title='bbox 3105 3082 3235 3147; x_wconf 69' lang='lat'><strong>10.).</strong></span> <span class='ocrx_word' id='word_1_559' title='bbox 3268 3085 3345 3136; x_wconf 89' lang='lat' dir='ltr'><strong>Et</strong></span> <span class='ocrx_word' id='word_1_560' title='bbox 3364 3085 3587 3138; x_wconf 83' lang='lat' dir='ltr'><strong>merito</strong></span> <span class='ocrx_word' id='word_1_561' title='bbox 3614 3084 3781 3138; x_wconf 83' lang='lat' dir='ltr'><strong>confl-</strong></span> 
     </span>
    </p>
   </div>
   <div class='ocr_carea' id='block_1_67' title="bbox 2160 3154 2891 3221">
    <p class='ocr_par' dir='ltr' id='par_1_67' title="bbox 2160 3154 2891 3221">
     <span class='ocr_line' id='line_1_67' title="bbox 2160 3154 2891 3221; baseline -0.01 -10"><span class='ocrx_word' id='word_1_562' title='bbox 2160 3160 2322 3211; x_wconf 89' lang='lat' dir='ltr'><strong>tebor</strong></span> <span class='ocrx_word' id='word_1_563' title='bbox 2348 3158 2449 3209; x_wconf 91' lang='lat' dir='ltr'><strong>tibi</strong></span> <span class='ocrx_word' id='word_1_564' title='bbox 2472 3160 2499 3208; x_wconf 75' lang='lat' dir='ltr'><strong>‘l</strong></span> <span class='ocrx_word' id='word_1_565' title='bbox 2525 3162 2583 3209; x_wconf 89' lang='lat' dir='ltr'><strong>et</strong></span> <span class='ocrx_word' id='word_1_566' title='bbox 2612 3154 2855 3221; x_wconf 87' lang='lat' dir='ltr'><strong>psallam</strong></span> <span class='ocrx_word' id='word_1_567' title='bbox 2878 3170 2891 3205; x_wconf 86' lang='lat'>:</span> 
     </span>
    </p>
   </div>
   <div class='ocr_carea' id='block_1_68' title="bbox 454 3226 3779 3318">
    <p class='ocr_par' dir='ltr' id='par_1_68' title="bbox 454 3226 3779 3318">
     <span class='ocr_line' id='line_1_68' title="bbox 454 3226 3779 3318; baseline -0.001 -38"><span class='ocrx_word' id='word_1_568' title='bbox 454 3240 582 3310; x_wconf 74' lang='lat' dir='ltr'><strong>eam</strong></span> <span class='ocrx_word' id='word_1_569' title='bbox 606 3232 935 3309; x_wconf 77' lang='lat' dir='ltr'><strong>nequeunt,_</strong></span> <span class='ocrx_word' id='word_1_570' title='bbox 956 3240 1128 3291; x_wconf 87' lang='lat' dir='ltr'><strong>quam</strong></span> <span class='ocrx_word' id='word_1_571' title='bbox 1154 3232 1351 3279; x_wconf 89' lang='lat' dir='ltr'><strong>contra</strong></span> <span class='ocrx_word' id='word_1_572' title='bbox 1374 3241 1434 3279; x_wconf 90' lang='lat' dir='ltr'><strong>se</strong></span> <span class='ocrx_word' id='word_1_573' title='bbox 1458 3228 1698 3318; x_wconf 64' lang='lat' dir='ltr'><strong>rigidam</strong></span> <span class='ocrx_word' id='word_1_574' title='bbox 1722 3228 1783 3280; x_wconf 90' lang='lat' dir='ltr'><strong>in</strong></span> <span class='ocrx_word' id='word_1_575' title='bbox 1807 3241 2060 3309; x_wconf 83' lang='lat' dir='ltr'><strong>superna</strong></span> <span class='ocrx_word' id='word_1_576' title='bbox 2088 3242 2137 3318; x_wconf 65' lang='grc' dir='ltr'><strong>ρ</strong></span> <span class='ocrx_word' id='word_1_577' title='bbox 2221 3229 2308 3284; x_wconf 90' lang='grc'><strong>11.</strong></span> <span class='ocrx_word' id='word_1_578' title='bbox 2328 3229 2600 3293; x_wconf 77' lang='lat' dir='ltr'><strong>Quoniam</strong></span> <span class='ocrx_word' id='word_1_579' title='bbox 2638 3226 2989 3318; x_wconf 49' lang='lat' dir='ltr'><strong>magnificalla</strong></span> <span class='ocrx_word' id='word_1_580' title='bbox 3004 3231 3077 3274; x_wconf 79' lang='lat' dir='ltr'><strong>est</strong></span> <span class='ocrx_word' id='word_1_581' title='bbox 3104 3240 3274 3306; x_wconf 73' lang='lat' dir='ltr'><strong>usque</strong></span> <span class='ocrx_word' id='word_1_582' title='bbox 3295 3226 3375 3275; x_wconf 83' lang='lat' dir='ltr'><strong>ad</strong></span> <span class='ocrx_word' id='word_1_583' title='bbox 3388 3228 3548 3318; x_wconf 56' lang='lat'><strong>$32108</strong></span> 
     </span>
    </p>
   </div>
   <div class='ocr_carea' id='block_1_69' title="bbox 453 3299 2053 3365">
    <p class='ocr_par' dir='ltr' id='par_1_69' title="bbox 453 3299 2053 3365">
     <span class='ocr_line' id='line_1_69' title="bbox 453 3299 2053 3365; baseline 0.001 -15"><span class='ocrx_word' id='word_1_584' title='bbox 453 3299 769 3351; x_wconf 90' lang='lat' dir='ltr'><strong>intentione</strong></span> <span class='ocrx_word' id='word_1_585' title='bbox 796 3299 1230 3363; x_wconf 89' lang='lat' dir='ltr'><strong>pertimescunt.</strong></span> <span class='ocrx_word' id='word_1_586' title='bbox 1246 3302 1360 3350; x_wconf 86' lang='lat' dir='ltr'><strong>Nos</strong></span> <span class='ocrx_word' id='word_1_587' title='bbox 1373 3313 1525 3363; x_wconf 87' lang='lat' dir='ltr'><strong>ergo,</strong></span> <span class='ocrx_word' id='word_1_588' title='bbox 1542 3300 1743 3352; x_wconf 83' lang='lat' dir='ltr'><strong>fratres</strong></span> <span class='ocrx_word' id='word_1_589' title='bbox 1756 3300 2053 3365; x_wconf 87' lang='lat' dir='ltr'><strong>carissimi,</strong></span> 
     </span>
    </p>
   </div>
   <div class='ocr_carea' id='block_1_70' title="bbox 455 3369 2055 3433">
    <p class='ocr_par' dir='ltr' id='par_1_70' title="bbox 455 3369 2055 3433">
     <span class='ocr_line' id='line_1_70' title="bbox 455 3369 2055 3433; baseline 0.001 -13"><span class='ocrx_word' id='word_1_590' title='bbox 455 3380 563 3420; x_wconf 89' lang='lat' dir='ltr'><strong>nos</strong></span> <span class='ocrx_word' id='word_1_591' title='bbox 599 3371 750 3421; x_wconf 89' lang='lat' dir='ltr'><strong>viam</strong></span> <span class='ocrx_word' id='word_1_592' title='bbox 774 3369 1042 3433; x_wconf 88' lang='lat' dir='ltr'><strong>malignis</strong></span> <span class='ocrx_word' id='word_1_593' title='bbox 1071 3370 1132 3419; x_wconf 92' lang='lat' dir='ltr'><strong>in</strong></span> <span class='ocrx_word' id='word_1_594' title='bbox 1156 3370 1323 3421; x_wconf 90' lang='lat' dir='ltr'><strong>nobis</strong></span> <span class='ocrx_word' id='word_1_595' title='bbox 1344 3371 1640 3433; x_wconf 89' lang='lat' dir='ltr'><strong>spiritibus</strong></span> <span class='ocrx_word' id='word_1_596' title='bbox 1665 3370 1892 3432; x_wconf 91' lang='lat' dir='ltr'><strong>damus,</strong></span> <span class='ocrx_word' id='word_1_597' title='bbox 1921 3383 2055 3421; x_wconf 92' lang='lat' dir='ltr'><strong>cum</strong></span> 
     </span>
    </p>
   </div>
   <div class='ocr_carea' id='block_1_71' title="bbox 456 3440 2057 3504">
    <p class='ocr_par' dir='ltr' id='par_1_71' title="bbox 456 3440 2057 3504">
     <span class='ocr_line' id='line_1_71' title="bbox 456 3440 2057 3504; baseline -0.001 -12"><span class='ocrx_word' id='word_1_598' title='bbox 456 3446 680 3492; x_wconf 87' lang='lat' dir='ltr'><strong>terrena</strong></span> <span class='ocrx_word' id='word_1_599' title='bbox 692 3440 1175 3504; x_wconf 87' lang='lat' dir='ltr'><strong>concupiscimus,</strong></span> <span class='ocrx_word' id='word_1_600' title='bbox 1193 3454 1327 3491; x_wconf 89' lang='lat' dir='ltr'><strong>cum</strong></span> <span class='ocrx_word' id='word_1_601' title='bbox 1343 3441 1414 3492; x_wconf 91' lang='lat' dir='ltr'><strong>ad</strong></span> <span class='ocrx_word' id='word_1_602' title='bbox 1434 3442 1764 3504; x_wconf 85' lang='lat' dir='ltr'><strong>temporalia</strong></span> <span class='ocrx_word' id='word_1_603' title='bbox 1779 3445 2057 3502; x_wconf 80' lang='lat' dir='ltr'><strong>appetenda</strong></span> 
     </span>
    </p>
   </div>
   <div class='ocr_carea' id='block_1_72' title="bbox 455 3510 2057 3577">
    <p class='ocr_par' dir='ltr' id='par_1_72' title="bbox 455 3510 2057 3577">
     <span class='ocr_line' id='line_1_72' title="bbox 455 3510 2057 3577; baseline 0.002 -15"><span class='ocrx_word' id='word_1_604' title='bbox 455 3523 783 3562; x_wconf 88' lang='lat' dir='ltr'><strong>curvamur.</strong></span> <span class='ocrx_word' id='word_1_605' title='bbox 833 3510 1049 3561; x_wconf 90' lang='lat' dir='ltr'><strong>Pudeat</strong></span> <span class='ocrx_word' id='word_1_606' title='bbox 1092 3523 1228 3573; x_wconf 85' lang='lat' dir='ltr'><strong>ergo</strong></span> <span class='ocrx_word' id='word_1_607' title='bbox 1276 3515 1496 3562; x_wconf 88' lang='lat' dir='ltr'><strong>terrena</strong></span> <span class='ocrx_word' id='word_1_608' title='bbox 1539 3513 1964 3577; x_wconf 89' lang='lat' dir='ltr'><strong>concupiscere,</strong></span> <span class='ocrx_word' id='word_1_609' title='bbox 1999 3518 2057 3566; x_wconf 90' lang='lat' dir='ltr'><strong>et</strong></span> 
     </span>
    </p>
   </div>
   <div class='ocr_carea' id='block_1_73' title="bbox 455 3580 2054 3647">
    <p class='ocr_par' dir='ltr' id='par_1_73' title="bbox 455 3580 2054 3647">
     <span class='ocr_line' id='line_1_73' title="bbox 455 3580 2054 3647; baseline 0.004 -17"><span class='ocrx_word' id='word_1_610' title='bbox 455 3581 626 3631; x_wconf 89' lang='lat' dir='ltr'><strong>dorsa</strong></span> <span class='ocrx_word' id='word_1_611' title='bbox 654 3581 940 3631; x_wconf 90' lang='lat' dir='ltr'><strong>mentium</strong></span> <span class='ocrx_word' id='word_1_612' title='bbox 962 3581 1410 3631; x_wconf 84' lang='lat' dir='ltr'><strong>ascendentibus</strong></span> <span class='ocrx_word' id='word_1_613' title='bbox 1422 3580 1769 3634; x_wconf 87' lang='lat' dir='ltr'><strong>adversariis</strong></span> <span class='ocrx_word' id='word_1_614' title='bbox 1782 3586 2054 3647; x_wconf 64' lang='lat' dir='ltr'><strong>praebere.</strong></span> 
     </span>
    </p>
   </div>
   <div class='ocr_carea' id='block_1_74' title="bbox 457 3650 2054 3715">
    <p class='ocr_par' dir='ltr' id='par_1_74' title="bbox 457 3650 2054 3715">
     <span class='ocr_line' id='line_1_74' title="bbox 457 3650 2054 3715; baseline 0.002 -14"><span class='ocrx_word' id='word_1_615' title='bbox 457 3650 729 3701; x_wconf 82' lang='lat' dir='ltr'><strong>Foderunt</strong></span> <span class='ocrx_word' id='word_1_616' title='bbox 752 3656 875 3699; x_wconf 81' lang='lat' dir='ltr'><strong>ante</strong></span> <span class='ocrx_word' id='word_1_617' title='bbox 916 3650 1111 3712; x_wconf 81' lang='lat' dir='ltr'><strong>faciem</strong></span> <span class='ocrx_word' id='word_1_618' title='bbox 1136 3666 1313 3700; x_wconf 84' lang='lat' dir='ltr'><strong>meam</strong></span> <span class='ocrx_word' id='word_1_619' title='bbox 1336 3654 1571 3715; x_wconf 81' lang='lat' dir='ltr'><strong>foveam:</strong></span> <span class='ocrx_word' id='word_1_620' title='bbox 1591 3659 1637 3702; x_wconf 82' lang='lat' dir='ltr'><strong>et</strong></span> <span class='ocrx_word' id='word_1_621' title='bbox 1660 3655 1968 3703; x_wconf 79' lang='lat' dir='ltr'><strong>inciderunt</strong></span> <span class='ocrx_word' id='word_1_622' title='bbox 1994 3656 2054 3704; x_wconf 86' lang='lat' dir='ltr'><strong>in</strong></span> 
     </span>
    </p>
   </div>
   <div class='ocr_carea' id='block_1_75' title="bbox 455 3722 2054 3788">
    <p class='ocr_par' dir='ltr' id='par_1_75' title="bbox 455 3722 2054 3788">
     <span class='ocr_line' id='line_1_75' title="bbox 455 3722 2054 3788; baseline 0.004 -17"><span class='ocrx_word' id='word_1_623' title='bbox 455 3737 593 3772; x_wconf 84' lang='lat' dir='ltr'><strong>eam.</strong></span> <span class='ocrx_word' id='word_1_624' title='bbox 619 3722 1128 3773; x_wconf 90' lang='lat' dir='ltr'><strong>Paraveruntmihi</strong></span> <span class='ocrx_word' id='word_1_625' title='bbox 1154 3728 1414 3782; x_wconf 88' lang='lat' dir='ltr'><strong>mortem,</strong></span> <span class='ocrx_word' id='word_1_626' title='bbox 1444 3724 1545 3774; x_wconf 89' lang='lat' dir='ltr'><strong>sed</strong></span> <span class='ocrx_word' id='word_1_627' title='bbox 1571 3726 1792 3788; x_wconf 91' lang='lat' dir='ltr'><strong>seipsos</strong></span> <span class='ocrx_word' id='word_1_628' title='bbox 1816 3727 2054 3777; x_wconf 89' lang='lat' dir='ltr'><strong>interius</strong></span> 
     </span>
    </p>
   </div>
   <div class='ocr_carea' id='block_1_76' title="bbox 455 3792 2054 3859">
    <p class='ocr_par' dir='ltr' id='par_1_76' title="bbox 455 3792 2054 3859">
     <span class='ocr_line' id='line_1_76' title="bbox 455 3792 2054 3859; baseline 0.003 -15"><span class='ocrx_word' id='word_1_629' title='bbox 455 3792 805 3844; x_wconf 89' lang='lat' dir='ltr'><strong>occiderunt.</strong></span> <span class='ocrx_word' id='word_1_630' title='bbox 840 3794 1019 3844; x_wconf 87' lang='lat' dir='ltr'><strong>Nemo</strong></span> <span class='ocrx_word' id='word_1_631' title='bbox 1040 3792 1200 3855; x_wconf 90' lang='lat' dir='ltr'><strong>prius</strong></span> <span class='ocrx_word' id='word_1_632' title='bbox 1224 3793 1490 3856; x_wconf 89' lang='lat' dir='ltr'><strong>peccatin</strong></span> <span class='ocrx_word' id='word_1_633' title='bbox 1509 3793 1770 3859; x_wconf 89' lang='lat' dir='ltr'><strong>alterum,</strong></span> <span class='ocrx_word' id='word_1_634' title='bbox 1797 3808 1970 3859; x_wconf 89' lang='lat' dir='ltr'><strong>quam</strong></span> <span class='ocrx_word' id='word_1_635' title='bbox 1993 3797 2054 3850; x_wconf 92' lang='lat' dir='ltr'><strong>in</strong></span> 
     </span>
    </p>
   </div>
   <div class='ocr_carea' id='block_1_77' title="bbox 455 3864 2055 3927">
    <p class='ocr_par' dir='ltr' id='par_1_77' title="bbox 455 3864 2055 3927">
     <span class='ocr_line' id='line_1_77' title="bbox 455 3864 2055 3927; baseline 0.004 -13"><span class='ocrx_word' id='word_1_636' title='bbox 455 3864 728 3926; x_wconf 90' lang='lat' dir='ltr'><strong>seipsum.</strong></span> <span class='ocrx_word' id='word_1_637' title='bbox 745 3865 933 3915; x_wconf 86' lang='lat' dir='ltr'><strong>Fovea</strong></span> <span class='ocrx_word' id='word_1_638' title='bbox 957 3865 1268 3927; x_wconf 88' lang='lat' dir='ltr'><strong>peccatoris</strong></span> <span class='ocrx_word' id='word_1_639' title='bbox 1294 3869 1383 3916; x_wconf 85' lang='lat' dir='ltr'><strong>est</strong></span> <span class='ocrx_word' id='word_1_640' title='bbox 1406 3866 1556 3917; x_wconf 90' lang='lat' dir='ltr'><strong>mala</strong></span> <span class='ocrx_word' id='word_1_641' title='bbox 1578 3866 1947 3919; x_wconf 90' lang='lat' dir='ltr'><strong>conscientia.</strong></span> <span class='ocrx_word' id='word_1_642' title='bbox 1971 3869 2055 3921; x_wconf 89' lang='lat' dir='ltr'><strong>lbi</strong></span> 
     </span>
    </p>
   </div>
   <div class='ocr_carea' id='block_1_78' title="bbox 454 3935 2057 3991">
    <p class='ocr_par' dir='ltr' id='par_1_78' title="bbox 454 3935 2057 3991">
     <span class='ocr_line' id='line_1_78' title="bbox 454 3935 2057 3991; baseline 0.002 -5"><span class='ocrx_word' id='word_1_643' title='bbox 454 3946 694 3986; x_wconf 90' lang='lat' dir='ltr'><strong>necesse</strong></span> <span class='ocrx_word' id='word_1_644' title='bbox 716 3938 807 3986; x_wconf 91' lang='lat' dir='ltr'><strong>est</strong></span> <span class='ocrx_word' id='word_1_645' title='bbox 839 3947 1042 3985; x_wconf 89' lang='lat' dir='ltr'><strong>omnes</strong></span> <span class='ocrx_word' id='word_1_646' title='bbox 1065 3935 1247 3987; x_wconf 87' lang='lat' dir='ltr'><strong>malos</strong></span> <span class='ocrx_word' id='word_1_647' title='bbox 1273 3936 1495 3988; x_wconf 89' lang='lat' dir='ltr'><strong>cadere.</strong></span> <span class='ocrx_word' id='word_1_648' title='bbox 1532 3938 1706 3988; x_wconf 85' lang='lat' dir='ltr'><strong>Putas</strong></span> <span class='ocrx_word' id='word_1_649' title='bbox 1730 3950 1863 3989; x_wconf 90' lang='lat' dir='ltr'><strong>eum</strong></span> <span class='ocrx_word' id='word_1_650' title='bbox 1892 3938 1950 3990; x_wconf 89' lang='lat' dir='ltr'><strong>in</strong></span> <span class='ocrx_word' id='word_1_651' title='bbox 1973 3939 2057 3991; x_wconf 86' lang='lat' dir='ltr'><strong>fo-</strong></span> 
     </span>
    </p>
   </div>
   <div class='ocr_carea' id='block_1_79' title="bbox 454 4005 2059 4073">
    <p class='ocr_par' dir='ltr' id='par_1_79' title="bbox 454 4005 2059 4073">
     <span class='ocr_line' id='line_1_79' title="bbox 454 4005 2059 4073; baseline 0.003 -14"><span class='ocrx_word' id='word_1_652' title='bbox 454 4018 625 4059; x_wconf 88' lang='lat' dir='ltr'><strong>veam</strong></span> <span class='ocrx_word' id='word_1_653' title='bbox 647 4017 767 4058; x_wconf 91' lang='lat' dir='ltr'><strong>non</strong></span> <span class='ocrx_word' id='word_1_654' title='bbox 791 4005 1087 4069; x_wconf 87' lang='lat' dir='ltr'><strong>cecidisse,</strong></span> <span class='ocrx_word' id='word_1_655' title='bbox 1113 4006 1210 4070; x_wconf 90' lang='lat' dir='ltr'><strong>qui</strong></span> <span class='ocrx_word' id='word_1_656' title='bbox 1254 4006 1442 4059; x_wconf 91' lang='lat' dir='ltr'><strong>lucem</strong></span> <span class='ocrx_word' id='word_1_657' title='bbox 1475 4007 1683 4059; x_wconf 89' lang='lat' dir='ltr'><strong>Christi</strong></span> <span class='ocrx_word' id='word_1_658' title='bbox 1711 4009 1974 4073; x_wconf 90' lang='lat' dir='ltr'><strong>perdidit,</strong></span> <span class='ocrx_word' id='word_1_659' title='bbox 2000 4016 2059 4064; x_wconf 90' lang='lat' dir='ltr'><strong>et</strong></span> 
     </span>
    </p>
   </div>
   <div class='ocr_carea' id='block_1_80' title="bbox 455 4077 2055 4145">
    <p class='ocr_par' dir='ltr' id='par_1_80' title="bbox 455 4077 2055 4145">
     <span class='ocr_line' id='line_1_80' title="bbox 455 4077 2055 4145; baseline 0.003 -16"><span class='ocrx_word' id='word_1_660' title='bbox 455 4077 711 4130; x_wconf 66' lang='lat' dir='ltr'><strong>cmcitate</strong></span> <span class='ocrx_word' id='word_1_661' title='bbox 735 4090 1048 4142; x_wconf 91' lang='lat' dir='ltr'><strong>percussus</strong></span> <span class='ocrx_word' id='word_1_662' title='bbox 1082 4083 1170 4130; x_wconf 92' lang='lat' dir='ltr'><strong>est</strong></span> <span class='ocrx_word' id='word_1_663' title='bbox 1192 4081 1219 4130; x_wconf 83' lang='lat'><strong>?</strong></span> <span class='ocrx_word' id='word_1_664' title='bbox 1242 4079 1298 4131; x_wconf 90' lang='lat' dir='ltr'><strong>Si</strong></span> <span class='ocrx_word' id='word_1_665' title='bbox 1331 4092 1447 4131; x_wconf 93' lang='lat' dir='ltr'><strong>non</strong></span> <span class='ocrx_word' id='word_1_666' title='bbox 1471 4080 1699 4133; x_wconf 88' lang='lat' dir='ltr'><strong>caderet</strong></span> <span class='ocrx_word' id='word_1_667' title='bbox 1720 4081 1780 4133; x_wconf 92' lang='lat' dir='ltr'><strong>in</strong></span> <span class='ocrx_word' id='word_1_668' title='bbox 1808 4081 2055 4145; x_wconf 85' lang='lat' dir='ltr'><strong>foveam,</strong></span> 
     </span>
    </p>
   </div>
   <div class='ocr_carea' id='block_1_81' title="bbox 454 4148 2060 4217">
    <p class='ocr_par' dir='ltr' id='par_1_81' title="bbox 454 4148 2060 4217">
     <span class='ocr_line' id='line_1_81' title="bbox 454 4148 2060 4217; baseline 0.003 -17"><span class='ocrx_word' id='word_1_669' title='bbox 454 4148 677 4201; x_wconf 82' lang='lat' dir='ltr'><strong>videret</strong></span> <span class='ocrx_word' id='word_1_670' title='bbox 693 4152 828 4201; x_wconf 88' lang='lat' dir='ltr'><strong>ante</strong></span> <span class='ocrx_word' id='word_1_671' title='bbox 856 4162 935 4201; x_wconf 89' lang='lat' dir='ltr'><strong>se.</strong></span> <span class='ocrx_word' id='word_1_672' title='bbox 961 4151 1155 4201; x_wconf 88' lang='lat' dir='ltr'><strong>Nescit</strong></span> <span class='ocrx_word' id='word_1_673' title='bbox 1170 4163 1284 4215; x_wconf 91' lang='lat' dir='ltr'><strong>quo</strong></span> <span class='ocrx_word' id='word_1_674' title='bbox 1301 4156 1410 4203; x_wconf 88' lang='lat' dir='ltr'><strong>eat.</strong></span> <span class='ocrx_word' id='word_1_675' title='bbox 1435 4152 1732 4214; x_wconf 90' lang='lat' dir='ltr'><strong>Quomodo</strong></span> <span class='ocrx_word' id='word_1_676' title='bbox 1749 4153 1846 4217; x_wconf 92' lang='lat' dir='ltr'><strong>qui</strong></span> <span class='ocrx_word' id='word_1_677' title='bbox 1864 4155 2060 4205; x_wconf 88' lang='lat' dir='ltr'><strong>ambu-</strong></span> 
     </span>
    </p>
   </div>
   <div class='ocr_carea' id='block_1_82' title="bbox 453 4220 2047 4289">
    <p class='ocr_par' dir='ltr' id='par_1_82' title="bbox 453 4220 2047 4289">
     <span class='ocr_line' id='line_1_82' title="bbox 453 4220 2047 4289; baseline 0.003 -17"><span class='ocrx_word' id='word_1_678' title='bbox 453 4220 618 4273; x_wconf 90' lang='lat' dir='ltr'><strong>latin</strong></span> <span class='ocrx_word' id='word_1_679' title='bbox 642 4221 753 4285; x_wconf 88' lang='lat' dir='ltr'><strong>via,</strong></span> <span class='ocrx_word' id='word_1_680' title='bbox 788 4234 921 4272; x_wconf 90' lang='lat' dir='ltr'><strong>cum</strong></span> <span class='ocrx_word' id='word_1_681' title='bbox 959 4222 1225 4274; x_wconf 87' lang='lat' dir='ltr'><strong>ceciderit</strong></span> <span class='ocrx_word' id='word_1_682' title='bbox 1268 4223 1329 4274; x_wconf 91' lang='lat' dir='ltr'><strong>in</strong></span> <span class='ocrx_word' id='word_1_683' title='bbox 1375 4223 1620 4288; x_wconf 87' lang='lat' dir='ltr'><strong>foveam,</strong></span> <span class='ocrx_word' id='word_1_684' title='bbox 1662 4225 1846 4289; x_wconf 88' lang='lat' dir='ltr'><strong>perdit</strong></span> <span class='ocrx_word' id='word_1_685' title='bbox 1869 4225 2047 4277; x_wconf 88' lang='lat' dir='ltr'><strong>viam.</strong></span> 
     </span>
    </p>
   </div>
   <div class='ocr_carea' id='block_1_83' title="bbox 454 4292 2057 4357">
    <p class='ocr_par' dir='ltr' id='par_1_83' title="bbox 454 4292 2057 4357">
     <span class='ocr_line' id='line_1_83' title="bbox 454 4292 2057 4357; baseline 0.003 -13"><span class='ocrx_word' id='word_1_686' title='bbox 454 4292 674 4357; x_wconf 85' lang='lat' dir='ltr'><strong>Afuigit</strong></span> <span class='ocrx_word' id='word_1_687' title='bbox 698 4298 752 4344; x_wconf 91' lang='lat' dir='ltr'><strong>te</strong></span> <span class='ocrx_word' id='word_1_688' title='bbox 778 4292 967 4344; x_wconf 89' lang='lat' dir='ltr'><strong>malus</strong></span> <span class='ocrx_word' id='word_1_689' title='bbox 981 4295 1008 4343; x_wconf 85' lang='lat'><strong>?</strong></span> <span class='ocrx_word' id='word_1_690' title='bbox 1025 4294 1301 4345; x_wconf 89' lang='lat' dir='ltr'><strong>Parattibi</strong></span> <span class='ocrx_word' id='word_1_691' title='bbox 1324 4293 1570 4356; x_wconf 84' lang='lat' dir='ltr'><strong>foveam,</strong></span> <span class='ocrx_word' id='word_1_692' title='bbox 1597 4300 1662 4347; x_wconf 90' lang='lat' dir='ltr'><strong>ut</strong></span> <span class='ocrx_word' id='word_1_693' title='bbox 1680 4296 1947 4349; x_wconf 89' lang='lat' dir='ltr'><strong>intereas.</strong></span> <span class='ocrx_word' id='word_1_694' title='bbox 1971 4299 2057 4349; x_wconf 88' lang='lat' dir='ltr'><strong>Tu</strong></span> 
     </span>
    </p>
   </div>
   <div class='ocr_carea' id='block_1_84' title="bbox 454 4363 2050 4431">
    <p class='ocr_par' dir='ltr' id='par_1_84' title="bbox 454 4363 2050 4431">
     <span class='ocr_line' id='line_1_84' title="bbox 454 4363 2050 4431; baseline 0.003 -17"><span class='ocrx_word' id='word_1_695' title='bbox 454 4364 516 4414; x_wconf 92' lang='lat' dir='ltr'><strong>in</strong></span> <span class='ocrx_word' id='word_1_696' title='bbox 540 4376 809 4426; x_wconf 82' lang='lat' dir='ltr'><strong>pressura</strong></span> <span class='ocrx_word' id='word_1_697' title='bbox 824 4376 887 4416; x_wconf 91' lang='lat' dir='ltr'><strong>es</strong></span> <span class='ocrx_word' id='word_1_698' title='bbox 912 4378 925 4415; x_wconf 88' lang='lat'><strong>:</strong></span> <span class='ocrx_word' id='word_1_699' title='bbox 952 4363 1045 4416; x_wconf 91' lang='lat' dir='ltr'><strong>ille</strong></span> <span class='ocrx_word' id='word_1_700' title='bbox 1060 4365 1288 4427; x_wconf 85' lang='lat' dir='ltr'><strong>gaudet.</strong></span> <span class='ocrx_word' id='word_1_701' title='bbox 1314 4366 1540 4417; x_wconf 58' lang='lat' dir='ltr'><strong>Laetitia</strong></span> <span class='ocrx_word' id='word_1_702' title='bbox 1563 4365 1759 4430; x_wconf 89' lang='lat' dir='ltr'><strong>iniqua</strong></span> <span class='ocrx_word' id='word_1_703' title='bbox 1775 4368 2050 4431; x_wconf 76' lang='lat' dir='ltr'><strong>facientis,</strong></span> 
     </span>
    </p>
   </div>
   <div class='ocr_carea' id='block_1_85' title="bbox 461 4434 2057 4504">
    <p class='ocr_par' dir='ltr' id='par_1_85' title="bbox 461 4434 2057 4504">
     <span class='ocr_line' id='line_1_85' title="bbox 461 4434 2057 4504; baseline 0.004 -20"><span class='ocrx_word' id='word_1_704' title='bbox 461 4434 607 4502; x_wconf 79' lang='grc'><strong>281</strong></span> <span class='ocrx_word' id='word_1_705' title='bbox 640 4436 764 4499; x_wconf 90' lang='lat' dir='ltr'><strong>ipsa</strong></span> <span class='ocrx_word' id='word_1_706' title='bbox 776 4438 861 4488; x_wconf 89' lang='lat' dir='ltr'><strong>est</strong></span> <span class='ocrx_word' id='word_1_707' title='bbox 881 4435 1059 4487; x_wconf 88' lang='lat' dir='ltr'><strong>fovea.</strong></span> <span class='ocrx_word' id='word_1_708' title='bbox 1079 4436 1218 4488; x_wconf 90' lang='lat' dir='ltr'><strong>Illuc</strong></span> <span class='ocrx_word' id='word_1_709' title='bbox 1243 4436 1592 4501; x_wconf 89' lang='lat' dir='ltr'><strong>quicumque</strong></span> <span class='ocrx_word' id='word_1_710' title='bbox 1609 4439 1892 4504; x_wconf 89' lang='lat' dir='ltr'><strong>ceciderit,</strong></span> <span class='ocrx_word' id='word_1_711' title='bbox 1918 4452 2057 4491; x_wconf 87' lang='lat' dir='ltr'><strong>ocu-</strong></span> 
     </span>
    </p>
   </div>
   <div class='ocr_carea' id='block_1_86' title="bbox 452 4506 2053 4572">
    <p class='ocr_par' dir='ltr' id='par_1_86' title="bbox 452 4506 2053 4572">
     <span class='ocr_line' id='line_1_86' title="bbox 452 4506 2053 4572; baseline 0.002 -15"><span class='ocrx_word' id='word_1_712' title='bbox 452 4507 540 4558; x_wconf 92' lang='lat' dir='ltr'><strong>los</strong></span> <span class='ocrx_word' id='word_1_713' title='bbox 563 4506 747 4570; x_wconf 91' lang='lat' dir='ltr'><strong>perdit</strong></span> <span class='ocrx_word' id='word_1_714' title='bbox 769 4521 782 4557; x_wconf 90' lang='lat'><strong>:</strong></span> <span class='ocrx_word' id='word_1_715' title='bbox 802 4507 985 4571; x_wconf 91' lang='lat' dir='ltr'><strong>perdit</strong></span> <span class='ocrx_word' id='word_1_716' title='bbox 1007 4511 1064 4558; x_wconf 90' lang='lat' dir='ltr'><strong>et</strong></span> <span class='ocrx_word' id='word_1_717' title='bbox 1082 4507 1260 4559; x_wconf 86' lang='lat' dir='ltr'><strong>vitam</strong></span> <span class='ocrx_word' id='word_1_718' title='bbox 1276 4520 1375 4572; x_wconf 90' lang='lat' dir='ltr'><strong>per</strong></span> <span class='ocrx_word' id='word_1_719' title='bbox 1388 4508 1601 4559; x_wconf 87' lang='lat' dir='ltr'><strong>malam</strong></span> <span class='ocrx_word' id='word_1_720' title='bbox 1621 4510 2053 4562; x_wconf 89' lang='lat' dir='ltr'><strong>conscientiam.</strong></span> 
     </span>
    </p>
   </div>
   <div class='ocr_carea' id='block_1_87' title="bbox 454 4578 2047 4644">
    <p class='ocr_par' dir='ltr' id='par_1_87' title="bbox 454 4578 2047 4644">
     <span class='ocr_line' id='line_1_87' title="bbox 454 4578 2047 4644; baseline 0.003 -15"><span class='ocrx_word' id='word_1_721' title='bbox 454 4580 524 4629; x_wconf 89' lang='lat' dir='ltr'><strong>Et</strong></span> <span class='ocrx_word' id='word_1_722' title='bbox 547 4578 693 4629; x_wconf 85' lang='lat' dir='ltr'><strong>bene</strong></span> <span class='ocrx_word' id='word_1_723' title='bbox 709 4579 806 4640; x_wconf 89' lang='lat' dir='ltr'><strong>ait,</strong></span> <span class='ocrx_word' id='word_1_724' title='bbox 832 4584 957 4627; x_wconf 85' lang='lat' dir='ltr'><strong>ante</strong></span> <span class='ocrx_word' id='word_1_725' title='bbox 975 4578 1169 4640; x_wconf 82' lang='lat' dir='ltr'><strong>faciem</strong></span> <span class='ocrx_word' id='word_1_726' title='bbox 1190 4594 1394 4629; x_wconf 85' lang='lat' dir='ltr'><strong>meam:</strong></span> <span class='ocrx_word' id='word_1_727' title='bbox 1413 4581 1547 4644; x_wconf 86' lang='lat' dir='ltr'><strong>quia</strong></span> <span class='ocrx_word' id='word_1_728' title='bbox 1567 4592 1685 4632; x_wconf 90' lang='lat' dir='ltr'><strong>non</strong></span> <span class='ocrx_word' id='word_1_729' title='bbox 1708 4593 1841 4633; x_wconf 92' lang='lat' dir='ltr'><strong>eum</strong></span> <span class='ocrx_word' id='word_1_730' title='bbox 1863 4581 2047 4634; x_wconf 79' lang='lat' dir='ltr'><strong>latuit.</strong></span> 
     </span>
    </p>
   </div>
   <div class='ocr_carea' id='block_1_88' title="bbox 2162 3296 3778 3362">
    <p class='ocr_par' dir='ltr' id='par_1_88' title="bbox 2162 3296 3778 3362">
     <span class='ocr_line' id='line_1_88' title="bbox 2162 3296 3778 3362; baseline -0.001 -12"><span class='ocrx_word' id='word_1_731' title='bbox 2162 3301 2351 3351; x_wconf 77' lang='lat' dir='ltr'><strong>cordia.</strong></span> <span class='ocrx_word' id='word_1_732' title='bbox 2375 3306 2487 3360; x_wconf 85' lang='lat' dir='ltr'><strong>tua,</strong></span> <span class='ocrx_word' id='word_1_733' title='bbox 2506 3304 2551 3347; x_wconf 86' lang='lat' dir='ltr'><strong>et</strong></span> <span class='ocrx_word' id='word_1_734' title='bbox 2566 3313 2733 3362; x_wconf 85' lang='lat' dir='ltr'><strong>usque</strong></span> <span class='ocrx_word' id='word_1_735' title='bbox 2750 3296 2824 3346; x_wconf 87' lang='lat' dir='ltr'><strong>ad</strong></span> <span class='ocrx_word' id='word_1_736' title='bbox 2839 3296 3003 3345; x_wconf 80' lang='lat' dir='ltr'><strong>nubes</strong></span> <span class='ocrx_word' id='word_1_737' title='bbox 3024 3297 3223 3345; x_wconf 76' lang='lat' dir='ltr'><strong>ueritas</strong></span> <span class='ocrx_word' id='word_1_738' title='bbox 3245 3302 3365 3348; x_wconf 80' lang='lat' dir='ltr'><strong>tua.</strong></span> <span class='ocrx_word' id='word_1_739' title='bbox 3395 3299 3506 3350; x_wconf 82' lang='lat' dir='ltr'><strong>Per</strong></span> <span class='ocrx_word' id='word_1_740' title='bbox 3528 3301 3715 3352; x_wconf 68' lang='lat' dir='ltr'><strong>caelos</strong></span> <span class='ocrx_word' id='word_1_741' title='bbox 3728 3298 3778 3348; x_wconf 88' lang='lat' dir='ltr'><strong>in</strong></span> 
     </span>
    </p>
   </div>
   <div class='ocr_carea' id='block_1_89' title="bbox 2160 3366 3779 3434">
    <p class='ocr_par' dir='ltr' id='par_1_89' title="bbox 2160 3366 3779 3434">
     <span class='ocr_line' id='line_1_89' title="bbox 2160 3366 3779 3434; baseline -0.002 -11"><span class='ocrx_word' id='word_1_742' title='bbox 2160 3372 2270 3424; x_wconf 92' lang='lat' dir='ltr'><strong>hoc</strong></span> <span class='ocrx_word' id='word_1_743' title='bbox 2289 3371 2414 3425; x_wconf 94' lang='lat' dir='ltr'><strong>loco</strong></span> <span class='ocrx_word' id='word_1_744' title='bbox 2437 3369 2812 3434; x_wconf 88' lang='lat' dir='ltr'><strong>intelligimus</strong></span> <span class='ocrx_word' id='word_1_745' title='bbox 2835 3367 3097 3432; x_wconf 88' lang='lat' dir='ltr'><strong>angelos,</strong></span> <span class='ocrx_word' id='word_1_746' title='bbox 3121 3366 3515 3433; x_wconf 87' lang='lat' dir='ltr'><strong>archangelos</strong></span> <span class='ocrx_word' id='word_1_747' title='bbox 3538 3374 3607 3421; x_wconf 83' lang='lat' dir='ltr'><strong>et</strong></span> <span class='ocrx_word' id='word_1_748' title='bbox 3632 3370 3779 3423; x_wconf 65' lang='lat' dir='ltr'><strong>cele-</strong></span> 
     </span>
    </p>
   </div>
   <div class='ocr_carea' id='block_1_90' title="bbox 2158 3439 3777 3505">
    <p class='ocr_par' dir='ltr' id='par_1_90' title="bbox 2158 3439 3777 3505">
     <span class='ocr_line' id='line_1_90' title="bbox 2158 3439 3777 3505; baseline -0.001 -10"><span class='ocrx_word' id='word_1_749' title='bbox 2158 3448 2277 3495; x_wconf 89' lang='lat' dir='ltr'><strong>stes</strong></span> <span class='ocrx_word' id='word_1_750' title='bbox 2302 3442 2442 3495; x_wconf 90' lang='lat' dir='ltr'><strong>alias</strong></span> <span class='ocrx_word' id='word_1_751' title='bbox 2479 3442 2741 3494; x_wconf 85' lang='lat' dir='ltr'><strong>virtutes.</strong></span> <span class='ocrx_word' id='word_1_752' title='bbox 2781 3441 2887 3491; x_wconf 91' lang='lat' dir='ltr'><strong>Per</strong></span> <span class='ocrx_word' id='word_1_753' title='bbox 2913 3439 3103 3491; x_wconf 90' lang='lat' dir='ltr'><strong>nubes</strong></span> <span class='ocrx_word' id='word_1_754' title='bbox 3127 3444 3328 3491; x_wconf 87' lang='lat' dir='ltr'><strong>autem</strong></span> <span class='ocrx_word' id='word_1_755' title='bbox 3364 3441 3777 3505; x_wconf 62' lang='lat' dir='ltr'><strong>praedicatores</strong></span> 
     </span>
    </p>
   </div>
   <div class='ocr_carea' id='block_1_91' title="bbox 2157 3508 3775 3577">
    <p class='ocr_par' dir='ltr' id='par_1_91' title="bbox 2157 3508 3775 3577">
     <span class='ocr_line' id='line_1_91' title="bbox 2157 3508 3775 3577; baseline -0.002 -10"><span class='ocrx_word' id='word_1_756' title='bbox 2157 3514 2437 3575; x_wconf 87' lang='lat' dir='ltr'><strong>veritatis,</strong></span> <span class='ocrx_word' id='word_1_757' title='bbox 2454 3512 2717 3565; x_wconf 89' lang='lat' dir='ltr'><strong>homines</strong></span> <span class='ocrx_word' id='word_1_758' title='bbox 2734 3514 3035 3575; x_wconf 87' lang='lat' dir='ltr'><strong>portantes</strong></span> <span class='ocrx_word' id='word_1_759' title='bbox 3052 3508 3225 3577; x_wconf 82' lang='grc'><strong>282</strong></span> <span class='ocrx_word' id='word_1_760' title='bbox 3242 3510 3424 3562; x_wconf 89' lang='lat' dir='ltr'><strong>istam</strong></span> <span class='ocrx_word' id='word_1_761' title='bbox 3443 3525 3775 3564; x_wconf 79' lang='lat' dir='ltr'><strong>carnemca—</strong></span> 
     </span>
    </p>
   </div>
   <div class='ocr_carea' id='block_1_92' title="bbox 2156 3582 3775 3650">
    <p class='ocr_par' dir='ltr' id='par_1_92' title="bbox 2156 3582 3775 3650">
     <span class='ocr_line' id='line_1_92' title="bbox 2156 3582 3775 3650; baseline -0.003 -13"><span class='ocrx_word' id='word_1_762' title='bbox 2156 3586 2465 3650; x_wconf 88' lang='lat' dir='ltr'><strong>liginosam</strong></span> <span class='ocrx_word' id='word_1_763' title='bbox 2490 3602 2500 3633; x_wconf 89' lang='lat'>:</span> <span class='ocrx_word' id='word_1_764' title='bbox 2534 3582 2686 3635; x_wconf 92' lang='lat' dir='ltr'><strong>unde</strong></span> <span class='ocrx_word' id='word_1_765' title='bbox 2710 3584 2865 3633; x_wconf 91' lang='lat' dir='ltr'><strong>Deus</strong></span> <span class='ocrx_word' id='word_1_766' title='bbox 2889 3585 3055 3634; x_wconf 90' lang='lat' dir='ltr'><strong>tonat</strong></span> <span class='ocrx_word' id='word_1_767' title='bbox 3070 3582 3400 3647; x_wconf 64' lang='lat' dir='ltr'><strong>praeceptis,</strong></span> <span class='ocrx_word' id='word_1_768' title='bbox 3427 3588 3491 3635; x_wconf 90' lang='lat' dir='ltr'><strong>et</strong></span> <span class='ocrx_word' id='word_1_769' title='bbox 3513 3586 3775 3636; x_wconf 78' lang='lat' dir='ltr'><strong>coruscat</strong></span> 
     </span>
    </p>
   </div>
   <div class='ocr_carea' id='block_1_93' title="bbox 2156 3651 3773 3717">
    <p class='ocr_par' dir='ltr' id='par_1_93' title="bbox 2156 3651 3773 3717">
     <span class='ocr_line' id='line_1_93' title="bbox 2156 3651 3773 3717; baseline -0.001 -10"><span class='ocrx_word' id='word_1_770' title='bbox 2156 3656 2470 3707; x_wconf 85' lang='lat' dir='ltr'><strong>miraculis.</strong></span> <span class='ocrx_word' id='word_1_771' title='bbox 2514 3656 2580 3705; x_wconf 90' lang='lat' dir='ltr'><strong>In</strong></span> <span class='ocrx_word' id='word_1_772' title='bbox 2602 3652 2744 3706; x_wconf 69' lang='lat' dir='ltr'><strong>cmlo</strong></span> <span class='ocrx_word' id='word_1_773' title='bbox 2781 3651 2971 3717; x_wconf 87' lang='lat' dir='ltr'><strong>angeli</strong></span> <span class='ocrx_word' id='word_1_774' title='bbox 3004 3652 3245 3704; x_wconf 87' lang='lat' dir='ltr'><strong>laudant</strong></span> <span class='ocrx_word' id='word_1_775' title='bbox 3268 3655 3484 3715; x_wconf 89' lang='lat' dir='ltr'><strong>Deum,</strong></span> <span class='ocrx_word' id='word_1_776' title='bbox 3512 3655 3773 3706; x_wconf 80' lang='lat' dir='ltr'><strong>videntes</strong></span> 
     </span>
    </p>
   </div>
   <div class='ocr_carea' id='block_1_94' title="bbox 2158 3722 3773 3792">
    <p class='ocr_par' dir='ltr' id='par_1_94' title="bbox 2158 3722 3773 3792">
     <span class='ocr_line' id='line_1_94' title="bbox 2158 3722 3773 3792; baseline -0.003 -13"><span class='ocrx_word' id='word_1_777' title='bbox 2158 3728 2346 3792; x_wconf 89' lang='lat' dir='ltr'><strong>ipsam</strong></span> <span class='ocrx_word' id='word_1_778' title='bbox 2370 3726 2620 3791; x_wconf 88' lang='lat' dir='ltr'><strong>speciem</strong></span> <span class='ocrx_word' id='word_1_779' title='bbox 2644 3724 2921 3787; x_wconf 85' lang='lat' dir='ltr'><strong>veritatis,</strong></span> <span class='ocrx_word' id='word_1_780' title='bbox 2948 3724 3073 3775; x_wconf 89' lang='lat' dir='ltr'><strong>sine</strong></span> <span class='ocrx_word' id='word_1_781' title='bbox 3098 3722 3215 3775; x_wconf 88' lang='lat' dir='ltr'><strong>ulla</strong></span> <span class='ocrx_word' id='word_1_782' title='bbox 3239 3725 3491 3789; x_wconf 87' lang='lat' dir='ltr'><strong>caligine</strong></span> <span class='ocrx_word' id='word_1_783' title='bbox 3516 3726 3773 3777; x_wconf 85' lang='lat' dir='ltr'><strong>visionis.</strong></span> 
     </span>
    </p>
   </div>
   <div class='ocr_carea' id='block_1_95' title="bbox 2158 3795 3767 3860">
    <p class='ocr_par' dir='ltr' id='par_1_95' title="bbox 2158 3795 3767 3860">
     <span class='ocr_line' id='line_1_95' title="bbox 2158 3795 3767 3860; baseline -0.001 -10"><span class='ocrx_word' id='word_1_784' title='bbox 2158 3800 2243 3850; x_wconf 91' lang='lat' dir='ltr'><strong>lbi</strong></span> <span class='ocrx_word' id='word_1_785' title='bbox 2268 3799 2513 3850; x_wconf 87' lang='lat' dir='ltr'><strong>veritas:</strong></span> <span class='ocrx_word' id='word_1_786' title='bbox 2553 3802 2610 3849; x_wconf 91' lang='lat' dir='ltr'><strong>et</strong></span> <span class='ocrx_word' id='word_1_787' title='bbox 2632 3808 2751 3848; x_wconf 92' lang='lat' dir='ltr'><strong>non</strong></span> <span class='ocrx_word' id='word_1_788' title='bbox 2790 3799 2881 3846; x_wconf 90' lang='lat' dir='ltr'><strong>est</strong></span> <span class='ocrx_word' id='word_1_789' title='bbox 2914 3807 3062 3859; x_wconf 88' lang='lat' dir='ltr'><strong>opus</strong></span> <span class='ocrx_word' id='word_1_790' title='bbox 3095 3795 3498 3848; x_wconf 87' lang='lat' dir='ltr'><strong>misericordia</strong></span> <span class='ocrx_word' id='word_1_791' title='bbox 3520 3810 3767 3860; x_wconf 84' lang='lat' dir='ltr'><strong>sursum,</strong></span> 
     </span>
    </p>
   </div>
   <div class='ocr_carea' id='block_1_96' title="bbox 2159 3866 3770 3921">
    <p class='ocr_par' dir='ltr' id='par_1_96' title="bbox 2159 3866 3770 3921">
     <span class='ocr_line' id='line_1_96' title="bbox 2159 3866 3770 3921; baseline -0.001 0"><span class='ocrx_word' id='word_1_792' title='bbox 2159 3870 2256 3921; x_wconf 90' lang='lat' dir='ltr'><strong>ubi</strong></span> <span class='ocrx_word' id='word_1_793' title='bbox 2279 3868 2473 3921; x_wconf 91' lang='lat' dir='ltr'><strong>nullus</strong></span> <span class='ocrx_word' id='word_1_794' title='bbox 2502 3871 2592 3920; x_wconf 90' lang='lat' dir='ltr'><strong>est</strong></span> <span class='ocrx_word' id='word_1_795' title='bbox 2617 3868 2807 3918; x_wconf 89' lang='lat' dir='ltr'><strong>miser.</strong></span> <span class='ocrx_word' id='word_1_796' title='bbox 2842 3866 2950 3917; x_wconf 88' lang='lat' dir='ltr'><strong>Hic</strong></span> <span class='ocrx_word' id='word_1_797' title='bbox 2982 3870 3180 3917; x_wconf 89' lang='lat' dir='ltr'><strong>autem</strong></span> <span class='ocrx_word' id='word_1_798' title='bbox 3215 3867 3279 3917; x_wconf 92' lang='lat' dir='ltr'><strong>in</strong></span> <span class='ocrx_word' id='word_1_799' title='bbox 3312 3873 3520 3920; x_wconf 87' lang='lat' dir='ltr'><strong>nostra</strong></span> <span class='ocrx_word' id='word_1_800' title='bbox 3544 3870 3770 3921; x_wconf 76' lang='lat' dir='ltr'><strong>miseria</strong></span> 
     </span>
    </p>
   </div>
   <div class='ocr_carea' id='block_1_97' title="bbox 2158 3937 3769 4005">
    <p class='ocr_par' dir='ltr' id='par_1_97' title="bbox 2158 3937 3769 4005">
     <span class='ocr_line' id='line_1_97' title="bbox 2158 3937 3769 4005; baseline 0 -12"><span class='ocrx_word' id='word_1_801' title='bbox 2158 3940 2360 4005; x_wconf 88' lang='lat' dir='ltr'><strong>utique</strong></span> <span class='ocrx_word' id='word_1_802' title='bbox 2394 3938 2784 3992; x_wconf 90' lang='lat' dir='ltr'><strong>misericordia</strong></span> <span class='ocrx_word' id='word_1_803' title='bbox 2810 3937 3139 3989; x_wconf 88' lang='lat' dir='ltr'><strong>necessaria</strong></span> <span class='ocrx_word' id='word_1_804' title='bbox 3170 3942 3281 3990; x_wconf 91' lang='lat' dir='ltr'><strong>est.</strong></span> <span class='ocrx_word' id='word_1_805' title='bbox 3308 3939 3624 3993; x_wconf 85' lang='lat' dir='ltr'><strong>Videretur</strong></span> <span class='ocrx_word' id='word_1_806' title='bbox 3644 3952 3769 4004; x_wconf 80' lang='lat' dir='ltr'><strong>ergo</strong></span> 
     </span>
    </p>
   </div>
   <div class='ocr_carea' id='block_1_98' title="bbox 2159 4009 3768 4077">
    <p class='ocr_par' dir='ltr' id='par_1_98' title="bbox 2159 4009 3768 4077">
     <span class='ocr_line' id='line_1_98' title="bbox 2159 4009 3768 4077; baseline -0.005 -13"><span class='ocrx_word' id='word_1_807' title='bbox 2159 4012 2572 4077; x_wconf 89' lang='lat' dir='ltr'><strong>congruentius</strong></span> <span class='ocrx_word' id='word_1_808' title='bbox 2585 4010 2698 4061; x_wconf 91' lang='lat' dir='ltr'><strong>dici</strong></span> <span class='ocrx_word' id='word_1_809' title='bbox 2718 4009 2996 4074; x_wconf 90' lang='lat' dir='ltr'><strong>potuisse,</strong></span> <span class='ocrx_word' id='word_1_810' title='bbox 3012 4009 3301 4070; x_wconf 84' lang='lat' dir='ltr'><strong>Quoniam</strong></span> <span class='ocrx_word' id='word_1_811' title='bbox 3318 4012 3697 4075; x_wconf 81' lang='lat' dir='ltr'><strong>magniﬁcata</strong></span> <span class='ocrx_word' id='word_1_812' title='bbox 3705 4018 3768 4059; x_wconf 82' lang='lat' dir='ltr'><strong>est</strong></span> 
     </span>
    </p>
   </div>
   <div class='ocr_carea' id='block_1_99' title="bbox 2160 4081 3769 4148">
    <p class='ocr_par' dir='ltr' id='par_1_99' title="bbox 2160 4081 3769 4148">
     <span class='ocr_line' id='line_1_99' title="bbox 2160 4081 3769 4148; baseline -0.002 -13"><span class='ocrx_word' id='word_1_813' title='bbox 2160 4096 2346 4148; x_wconf 91' lang='lat' dir='ltr'><strong>usque</strong></span> <span class='ocrx_word' id='word_1_814' title='bbox 2375 4082 2449 4135; x_wconf 90' lang='lat' dir='ltr'><strong>ad</strong></span> <span class='ocrx_word' id='word_1_815' title='bbox 2471 4083 2644 4134; x_wconf 60' lang='lat' dir='ltr'><strong>caelos</strong></span> <span class='ocrx_word' id='word_1_816' title='bbox 2670 4081 2877 4132; x_wconf 88' lang='lat' dir='ltr'><strong>veritas</strong></span> <span class='ocrx_word' id='word_1_817' title='bbox 2907 4083 3026 4143; x_wconf 86' lang='lat' dir='ltr'><strong>tua,</strong></span> <span class='ocrx_word' id='word_1_818' title='bbox 3052 4082 3111 4132; x_wconf 91' lang='lat' dir='ltr'><strong>et</strong></span> <span class='ocrx_word' id='word_1_819' title='bbox 3133 4093 3327 4144; x_wconf 87' lang='lat' dir='ltr'><strong>usque</strong></span> <span class='ocrx_word' id='word_1_820' title='bbox 3357 4081 3432 4133; x_wconf 89' lang='lat' dir='ltr'><strong>ad</strong></span> <span class='ocrx_word' id='word_1_821' title='bbox 3456 4084 3651 4135; x_wconf 87' lang='lat' dir='ltr'><strong>nubes</strong></span> <span class='ocrx_word' id='word_1_822' title='bbox 3673 4083 3769 4133; x_wconf 86' lang='lat' dir='ltr'><strong>mi-</strong></span> 
     </span>
    </p>
   </div>
   <div class='ocr_carea' id='block_1_100' title="bbox 2163 4148 3769 4215">
    <p class='ocr_par' dir='ltr' id='par_1_100' title="bbox 2163 4148 3769 4215">
     <span class='ocr_line' id='line_1_100' title="bbox 2163 4148 3769 4215; baseline -0.001 -9"><span class='ocrx_word' id='word_1_823' title='bbox 2163 4154 2469 4207; x_wconf 87' lang='lat' dir='ltr'><strong>sericordia</strong></span> <span class='ocrx_word' id='word_1_824' title='bbox 2501 4159 2620 4206; x_wconf 87' lang='lat' dir='ltr'><strong>tua.</strong></span> <span class='ocrx_word' id='word_1_825' title='bbox 2658 4151 2768 4204; x_wconf 91' lang='lat' dir='ltr'><strong>Sed</strong></span> <span class='ocrx_word' id='word_1_826' title='bbox 2803 4151 2850 4202; x_wconf 93' lang='lat' dir='ltr'><strong>si</strong></span> <span class='ocrx_word' id='word_1_827' title='bbox 2888 4148 3178 4203; x_wconf 79' lang='lat' dir='ltr'><strong>subtiliter</strong></span> <span class='ocrx_word' id='word_1_828' title='bbox 3207 4151 3567 4215; x_wconf 89' lang='lat' dir='ltr'><strong>attendatur,</strong></span> <span class='ocrx_word' id='word_1_829' title='bbox 3610 4154 3769 4205; x_wconf 84' lang='lat' dir='ltr'><strong>valde</strong></span> 
     </span>
    </p>
   </div>
   <div class='ocr_carea' id='block_1_101' title="bbox 2158 4221 3769 4292">
    <p class='ocr_par' dir='ltr' id='par_1_101' title="bbox 2158 4221 3769 4292">
     <span class='ocr_line' id='line_1_101' title="bbox 2158 4221 3769 4292; baseline -0.001 -15"><span class='ocrx_word' id='word_1_830' title='bbox 2158 4225 2532 4292; x_wconf 73' lang='lat' dir='ltr'><strong>praestantius</strong></span> <span class='ocrx_word' id='word_1_831' title='bbox 2561 4229 2618 4276; x_wconf 89' lang='lat' dir='ltr'><strong>et</strong></span> <span class='ocrx_word' id='word_1_832' title='bbox 2641 4221 2960 4275; x_wconf 89' lang='lat' dir='ltr'><strong>mirabilius</strong></span> <span class='ocrx_word' id='word_1_833' title='bbox 2984 4227 3075 4274; x_wconf 87' lang='lat' dir='ltr'><strong>est</strong></span> <span class='ocrx_word' id='word_1_834' title='bbox 3098 4222 3254 4286; x_wconf 89' lang='lat' dir='ltr'><strong>quod</strong></span> <span class='ocrx_word' id='word_1_835' title='bbox 3273 4222 3504 4283; x_wconf 87' lang='lat' dir='ltr'><strong>dicitur,</strong></span> <span class='ocrx_word' id='word_1_836' title='bbox 3536 4230 3596 4276; x_wconf 90' lang='lat' dir='ltr'><strong>et</strong></span> <span class='ocrx_word' id='word_1_837' title='bbox 3611 4226 3769 4277; x_wconf 81' lang='lat' dir='ltr'><strong>mise-</strong></span> 
     </span>
    </p>
   </div>
   <div class='ocr_carea' id='block_1_102' title="bbox 2157 4294 3766 4360">
    <p class='ocr_par' dir='ltr' id='par_1_102' title="bbox 2157 4294 3766 4360">
     <span class='ocr_line' id='line_1_102' title="bbox 2157 4294 3766 4360; baseline -0.001 -11"><span class='ocrx_word' id='word_1_838' title='bbox 2157 4297 2397 4350; x_wconf 87' lang='lat' dir='ltr'><strong>ricordia</strong></span> <span class='ocrx_word' id='word_1_839' title='bbox 2420 4308 2605 4360; x_wconf 86' lang='lat' dir='ltr'><strong>usque</strong></span> <span class='ocrx_word' id='word_1_840' title='bbox 2628 4294 2700 4347; x_wconf 90' lang='lat' dir='ltr'><strong>ad</strong></span> <span class='ocrx_word' id='word_1_841' title='bbox 2726 4294 2917 4358; x_wconf 66' lang='lat' dir='ltr'><strong>cmlos,</strong></span> <span class='ocrx_word' id='word_1_842' title='bbox 2944 4298 3004 4345; x_wconf 93' lang='lat' dir='ltr'><strong>ct</strong></span> <span class='ocrx_word' id='word_1_843' title='bbox 3022 4306 3213 4357; x_wconf 87' lang='lat' dir='ltr'><strong>usque</strong></span> <span class='ocrx_word' id='word_1_844' title='bbox 3235 4294 3311 4345; x_wconf 89' lang='lat' dir='ltr'><strong>ad</strong></span> <span class='ocrx_word' id='word_1_845' title='bbox 3345 4296 3537 4347; x_wconf 87' lang='lat' dir='ltr'><strong>nubes</strong></span> <span class='ocrx_word' id='word_1_846' title='bbox 3560 4296 3766 4347; x_wconf 79' lang='lat' dir='ltr'><strong>veritas</strong></span> 
     </span>
    </p>
   </div>
   <div class='ocr_carea' id='block_1_103' title="bbox 2158 4365 3767 4432">
    <p class='ocr_par' dir='ltr' id='par_1_103' title="bbox 2158 4365 3767 4432">
     <span class='ocr_line' id='line_1_103' title="bbox 2158 4365 3767 4432; baseline -0.002 -11"><span class='ocrx_word' id='word_1_847' title='bbox 2158 4369 2427 4421; x_wconf 84' lang='lat' dir='ltr'><strong>exaltata.</strong></span> <span class='ocrx_word' id='word_1_848' title='bbox 2457 4367 2833 4432; x_wconf 85' lang='lat' dir='ltr'><strong>Omnipotens</strong></span> <span class='ocrx_word' id='word_1_849' title='bbox 2853 4365 3011 4417; x_wconf 90' lang='lat' dir='ltr'><strong>enim</strong></span> <span class='ocrx_word' id='word_1_850' title='bbox 3024 4367 3183 4417; x_wconf 90' lang='lat' dir='ltr'><strong>Deus</strong></span> <span class='ocrx_word' id='word_1_851' title='bbox 3198 4378 3305 4429; x_wconf 89' lang='lat' dir='ltr'><strong>per</strong></span> <span class='ocrx_word' id='word_1_852' title='bbox 3316 4367 3767 4420; x_wconf 83' lang='lat' dir='ltr'><strong>misericordiam</strong></span> 
     </span>
    </p>
   </div>
   <div class='ocr_carea' id='block_1_104' title="bbox 2159 4437 3765 4504">
    <p class='ocr_par' dir='ltr' id='par_1_104' title="bbox 2159 4437 3765 4504">
     <span class='ocr_line' id='line_1_104' title="bbox 2159 4437 3765 4504; baseline -0.001 -13"><span class='ocrx_word' id='word_1_853' title='bbox 2159 4452 2325 4492; x_wconf 90' lang='lat' dir='ltr'><strong>suam</strong></span> <span class='ocrx_word' id='word_1_854' title='bbox 2349 4444 2677 4504; x_wconf 89' lang='lat' dir='ltr'><strong>peccatores</strong></span> <span class='ocrx_word' id='word_1_855' title='bbox 2700 4438 2964 4489; x_wconf 90' lang='lat' dir='ltr'><strong>homines</strong></span> <span class='ocrx_word' id='word_1_856' title='bbox 2987 4437 3407 4502; x_wconf 81' lang='lat' dir='ltr'><strong>levavit&#39;usque</strong></span> <span class='ocrx_word' id='word_1_857' title='bbox 3422 4438 3500 4490; x_wconf 88' lang='lat' dir='ltr'><strong>ad</strong></span> <span class='ocrx_word' id='word_1_858' title='bbox 3511 4439 3765 4503; x_wconf 85' lang='lat' dir='ltr'><strong>angelos.</strong></span> 
     </span>
    </p>
   </div>
   <div class='ocr_carea' id='block_1_105' title="bbox 2159 4509 3766 4573">
    <p class='ocr_par' dir='ltr' id='par_1_105' title="bbox 2159 4509 3766 4573">
     <span class='ocr_line' id='line_1_105' title="bbox 2159 4509 3766 4573; baseline -0.007 -9"><span class='ocrx_word' id='word_1_859' title='bbox 2159 4512 2321 4564; x_wconf 90' lang='lat' dir='ltr'><strong>Unde</strong></span> <span class='ocrx_word' id='word_1_860' title='bbox 2342 4523 2506 4565; x_wconf 84' lang='lat' dir='ltr'><strong>nunc</strong></span> <span class='ocrx_word' id='word_1_861' title='bbox 2528 4510 2736 4561; x_wconf 92' lang='lat' dir='ltr'><strong>dicitur</strong></span> <span class='ocrx_word' id='word_1_862' title='bbox 2752 4524 2765 4560; x_wconf 77' lang='grc' dir='ltr'>ε</span> <span class='ocrx_word' id='word_1_863' title='bbox 2779 4509 3056 4568; x_wconf 76' lang='lat' dir='ltr'><strong>Quoniam</strong></span> <span class='ocrx_word' id='word_1_864' title='bbox 3084 4510 3443 4573; x_wconf 73' lang='lat' dir='ltr'><strong>magniﬁcam</strong></span> <span class='ocrx_word' id='word_1_865' title='bbox 3466 4516 3539 4560; x_wconf 69' lang='grc' dir='ltr'><strong>εει</strong></span> <span class='ocrx_word' id='word_1_866' title='bbox 3554 4511 3766 4560; x_wconf 61' lang='grc' dir='ltr'><strong>,πίω-ί.</strong></span> 
     </span>
    </p>
   </div>
   <div class='ocr_carea' id='block_1_106' title="bbox 2159 4581 3765 4647">
    <p class='ocr_par' dir='ltr' id='par_1_106' title="bbox 2159 4581 3765 4647">
     <span class='ocr_line' id='line_1_106' title="bbox 2159 4581 3765 4647; baseline -0.002 -14"><span class='ocrx_word' id='word_1_867' title='bbox 2159 4583 2346 4634; x_wconf 82' lang='lat' dir='ltr'><strong>cordia</strong></span> <span class='ocrx_word' id='word_1_868' title='bbox 2370 4597 2536 4647; x_wconf 84' lang='lat' dir='ltr'><strong>usque</strong></span> <span class='ocrx_word' id='word_1_869' title='bbox 2558 4582 2631 4631; x_wconf 88' lang='lat' dir='ltr'><strong>ad</strong></span> <span class='ocrx_word' id='word_1_870' title='bbox 2652 4581 2814 4631; x_wconf 64' lang='lat' dir='ltr'><strong>celos.</strong></span> <span class='ocrx_word' id='word_1_871' title='bbox 2833 4582 2902 4631; x_wconf 87' lang='lat' dir='ltr'><strong>Et</strong></span> <span class='ocrx_word' id='word_1_872' title='bbox 2922 4581 3059 4644; x_wconf 84' lang='lat' dir='ltr'><strong>quia</strong></span> <span class='ocrx_word' id='word_1_873' title='bbox 3076 4582 3292 4633; x_wconf 87' lang='lat' dir='ltr'><strong>veritas</strong></span> <span class='ocrx_word' id='word_1_874' title='bbox 3308 4594 3442 4645; x_wconf 72' lang='lat' dir='ltr'><strong>quas</strong></span> <span class='ocrx_word' id='word_1_875' title='bbox 3465 4582 3527 4633; x_wconf 89' lang='lat' dir='ltr'><strong>in</strong></span> <span class='ocrx_word' id='word_1_876' title='bbox 3548 4581 3765 4646; x_wconf 76' lang='lat' dir='ltr'><strong>angelis</strong></span> 
     </span>
    </p>
   </div>
   <div class='ocr_carea' id='block_1_107' title="bbox 455 4630 3766 4734">
    <p class='ocr_par' dir='ltr' id='par_1_107' title="bbox 455 4630 3766 4734">
     <span class='ocr_line' id='line_1_107' title="bbox 455 4630 3766 4734; baseline 0.002 -36"><span class='ocrx_word' id='word_1_877' title='bbox 455 4649 651 4734; x_wconf 65' lang='lat' dir='ltr'><strong>Sciens</strong></span> <span class='ocrx_word' id='word_1_878' title='bbox 674 4654 764 4701; x_wconf 91' lang='lat' dir='ltr'><strong>est</strong></span> <span class='ocrx_word' id='word_1_879' title='bbox 787 4630 1049 4734; x_wconf 72' lang='lat' dir='ltr'><strong>traditus,</strong></span> <span class='ocrx_word' id='word_1_880' title='bbox 1087 4630 2051 4734; x_wconf 26' lang='lat' dir='ltr'><strong>volensﬁoccisus.Euq&#39;uibusvar-l</strong></span> <span class='ocrx_word' id='word_1_881' title='bbox 2080 4630 2137 4703; x_wconf 86' lang='lat' dir='ltr'><strong>D</strong></span> <span class='ocrx_word' id='word_1_882' title='bbox 2163 4630 2352 4734; x_wconf 62' lang='lat' dir='ltr'><strong>pollet,</strong></span> <span class='ocrx_word' id='word_1_883' title='bbox 2379 4630 2538 4707; x_wconf 67' lang='lat' dir='ltr'><strong>venit</strong></span> <span class='ocrx_word' id='word_1_884' title='bbox 2558 4630 2632 4705; x_wconf 86' lang='lat' dir='ltr'><strong>ad</strong></span> <span class='ocrx_word' id='word_1_885' title='bbox 2663 4630 3766 4734; x_wconf 35' lang='lat' dir='ltr'><strong>homines?recte—subjungiturmvé-</strong></span> 
     </span>
    </p>
   </div>
   <div class='ocr_carea' id='block_1_108' title="bbox 453 4718 2052 4789">
    <p class='ocr_par' dir='ltr' id='par_1_108' title="bbox 453 4718 2052 4789">
     <span class='ocr_line' id='line_1_108' title="bbox 453 4718 2052 4789; baseline 0.006 -21"><span class='ocrx_word' id='word_1_886' title='bbox 453 4718 546 4769; x_wconf 89' lang='lat' dir='ltr'><strong>bis</strong></span> <span class='ocrx_word' id='word_1_887' title='bbox 571 4731 708 4770; x_wconf 83' lang='lat' dir='ltr'><strong>vera</strong></span> <span class='ocrx_word' id='word_1_888' title='bbox 729 4720 897 4771; x_wconf 88' lang='lat' dir='ltr'><strong>nobis</strong></span> <span class='ocrx_word' id='word_1_889' title='bbox 939 4721 1265 4775; x_wconf 84' lang='lat' dir='ltr'><strong>insinuatur</strong></span> <span class='ocrx_word' id='word_1_890' title='bbox 1288 4722 1516 4775; x_wconf 89' lang='lat' dir='ltr'><strong>Domini</strong></span> <span class='ocrx_word' id='word_1_891' title='bbox 1559 4724 1741 4777; x_wconf 90' lang='lat' dir='ltr'><strong>nostri</strong></span> <span class='ocrx_word' id='word_1_892' title='bbox 1760 4724 2052 4789; x_wconf 88' lang='lat' dir='ltr'><strong>patientia.</strong></span> 
     </span>
    </p>
   </div>
   <div class='ocr_carea' id='block_1_109' title="bbox 459 4789 1029 4842">
    <p class='ocr_par' dir='ltr' id='par_1_109' title="bbox 459 4789 1029 4842">
     <span class='ocr_line' id='line_1_109' title="bbox 459 4789 1029 4842; baseline 0.005 -3"><span class='ocrx_word' id='word_1_893' title='bbox 459 4789 621 4840; x_wconf 92' lang='lat' dir='ltr'><strong>Unde</strong></span> <span class='ocrx_word' id='word_1_894' title='bbox 644 4794 700 4840; x_wconf 91' lang='lat' dir='ltr'><strong>et</strong></span> <span class='ocrx_word' id='word_1_895' title='bbox 725 4790 993 4842; x_wconf 87' lang='lat' dir='ltr'><strong>subditur</strong></span> <span class='ocrx_word' id='word_1_896' title='bbox 1017 4808 1029 4842; x_wconf 91' lang='lat'>:</span> 
     </span>
    </p>
   </div>
   <div class='ocr_carea' id='block_1_110' title="bbox 516 4857 2049 4930">
    <p class='ocr_par' dir='ltr' id='par_1_110' title="bbox 516 4857 2049 4930">
     <span class='ocr_line' id='line_1_110' title="bbox 516 4857 2049 4930; baseline 0.003 -19"><span class='ocrx_word' id='word_1_897' title='bbox 516 4857 567 4911; x_wconf 87' lang='lat'><strong>8.</strong></span> <span class='ocrx_word' id='word_1_898' title='bbox 607 4859 875 4910; x_wconf 78' lang='lat' dir='ltr'><strong>Paratum</strong></span> <span class='ocrx_word' id='word_1_899' title='bbox 898 4876 989 4911; x_wconf 80' lang='lat' dir='ltr'><strong>cor</strong></span> <span class='ocrx_word' id='word_1_900' title='bbox 1031 4877 1229 4928; x_wconf 79' lang='lat' dir='ltr'><strong>meum,</strong></span> <span class='ocrx_word' id='word_1_901' title='bbox 1263 4864 1421 4928; x_wconf 80' lang='lat' dir='ltr'><strong>Deus,</strong></span> <span class='ocrx_word' id='word_1_902' title='bbox 1460 4872 1719 4930; x_wconf 84' lang='lat' dir='ltr'><strong>paratum</strong></span> <span class='ocrx_word' id='word_1_903' title='bbox 1743 4882 1834 4917; x_wconf 85' lang='lat' dir='ltr'><strong>cor</strong></span> <span class='ocrx_word' id='word_1_904' title='bbox 1855 4882 2049 4917; x_wconf 84' lang='lat' dir='ltr'><strong>meum.</strong></span> 
     </span>
    </p>
   </div>
   <div class='ocr_carea' id='block_1_111' title="bbox 452 4930 2053 5002">
    <p class='ocr_par' dir='ltr' id='par_1_111' title="bbox 452 4930 2053 5002">
     <span class='ocr_line' id='line_1_111' title="bbox 452 4930 2053 5002; baseline 0.003 -20"><span class='ocrx_word' id='word_1_905' title='bbox 452 4930 539 4982; x_wconf 90' lang='lat' dir='ltr'><strong>Illi</strong></span> <span class='ocrx_word' id='word_1_906' title='bbox 562 4936 912 5002; x_wconf 75' lang='lat' dir='ltr'><strong>paraverunt</strong></span> <span class='ocrx_word' id='word_1_907' title='bbox 933 4936 1193 4992; x_wconf 90' lang='lat' dir='ltr'><strong>mortem,</strong></span> <span class='ocrx_word' id='word_1_908' title='bbox 1212 4940 1270 4985; x_wconf 92' lang='lat' dir='ltr'><strong>et</strong></span> <span class='ocrx_word' id='word_1_909' title='bbox 1286 4947 1384 4986; x_wconf 92' lang='lat' dir='ltr'><strong>cor</strong></span> <span class='ocrx_word' id='word_1_910' title='bbox 1398 4948 1593 5001; x_wconf 84' lang='lat' dir='ltr'><strong>meum</strong></span> <span class='ocrx_word' id='word_1_911' title='bbox 1605 4943 1869 5002; x_wconf 90' lang='lat' dir='ltr'><strong>paratum</strong></span> <span class='ocrx_word' id='word_1_912' title='bbox 1886 4943 1977 4991; x_wconf 90' lang='lat' dir='ltr'><strong>est</strong></span> <span class='ocrx_word' id='word_1_913' title='bbox 1992 4942 2053 4987; x_wconf 86' lang='lat' dir='ltr'><strong>ad</strong></span> 
     </span>
    </p>
   </div>
   <div class='ocr_carea' id='block_1_112' title="bbox 455 5000 2054 5074">
    <p class='ocr_par' dir='ltr' id='par_1_112' title="bbox 455 5000 2054 5074">
     <span class='ocr_line' id='line_1_112' title="bbox 455 5000 2054 5074; baseline 0.004 -19"><span class='ocrx_word' id='word_1_914' title='bbox 455 5001 649 5071; x_wconf 82' lang='lat' dir='ltr'><strong>omnia</strong></span> <span class='ocrx_word' id='word_1_915' title='bbox 670 5000 868 5074; x_wconf 87' lang='lat' dir='ltr'><strong>libenti</strong></span> <span class='ocrx_word' id='word_1_916' title='bbox 882 5003 1074 5053; x_wconf 89' lang='lat' dir='ltr'><strong>animo</strong></span> <span class='ocrx_word' id='word_1_917' title='bbox 1087 5016 1151 5054; x_wconf 91' lang='lat' dir='ltr'><strong>su</strong></span> <span class='ocrx_word' id='word_1_918' title='bbox 1161 5005 1443 5058; x_wconf 89' lang='lat' dir='ltr'><strong>stinenda.</strong></span> <span class='ocrx_word' id='word_1_919' title='bbox 1462 5000 1594 5059; x_wconf 90' lang='lat' dir='ltr'><strong>Ideo</strong></span> <span class='ocrx_word' id='word_1_920' title='bbox 1606 5000 1829 5074; x_wconf 80' lang='lat' dir='ltr'><strong>repetit,</strong></span> <span class='ocrx_word' id='word_1_921' title='bbox 1854 5013 1918 5061; x_wconf 93' lang='lat' dir='ltr'><strong>ut</strong></span> <span class='ocrx_word' id='word_1_922' title='bbox 1934 5022 2054 5074; x_wconf 88' lang='lat' dir='ltr'><strong>per-</strong></span> 
     </span>
    </p>
   </div>
   <div class='ocr_carea' id='block_1_113' title="bbox 453 5071 2055 5137">
    <p class='ocr_par' dir='ltr' id='par_1_113' title="bbox 453 5071 2055 5137">
     <span class='ocr_line' id='line_1_113' title="bbox 453 5071 2055 5137; baseline 0.005 -12"><span class='ocrx_word' id='word_1_923' title='bbox 453 5071 835 5125; x_wconf 88' lang='lat' dir='ltr'><strong>severantiam</strong></span> <span class='ocrx_word' id='word_1_924' title='bbox 861 5075 1020 5124; x_wconf 89' lang='lat' dir='ltr'><strong>notet</strong></span> <span class='ocrx_word' id='word_1_925' title='bbox 1047 5074 1108 5124; x_wconf 92' lang='lat' dir='ltr'><strong>in</strong></span> <span class='ocrx_word' id='word_1_926' title='bbox 1132 5076 1419 5137; x_wconf 88' lang='lat' dir='ltr'><strong>patientia.</strong></span> <span class='ocrx_word' id='word_1_927' title='bbox 1456 5079 1657 5131; x_wconf 88' lang='lat' dir='ltr'><strong>Posset</strong></span> <span class='ocrx_word' id='word_1_928' title='bbox 1671 5071 1834 5131; x_wconf 77' lang='lat' dir='ltr'><strong>enim</strong></span> <span class='ocrx_word' id='word_1_929' title='bbox 1856 5071 2055 5133; x_wconf 38' lang='lat' dir='ltr'><strong>ad—ho-</strong></span> 
     </span>
    </p>
   </div>
   <div class='ocr_carea' id='block_1_114' title="bbox 453 5143 2057 5217">
    <p class='ocr_par' dir='ltr' id='par_1_114' title="bbox 453 5143 2057 5217">
     <span class='ocr_line' id='line_1_114' title="bbox 453 5143 2057 5217; baseline 0.005 -20"><span class='ocrx_word' id='word_1_930' title='bbox 453 5157 577 5217; x_wconf 88' lang='lat' dir='ltr'><strong>ram</strong></span> <span class='ocrx_word' id='word_1_931' title='bbox 599 5143 903 5217; x_wconf 72' lang='lat' dir='ltr'><strong>sustinere,</strong></span> <span class='ocrx_word' id='word_1_932' title='bbox 931 5146 986 5217; x_wconf 85' lang='lat' dir='ltr'><strong>et</strong></span> <span class='ocrx_word' id='word_1_933' title='bbox 1008 5149 1208 5208; x_wconf 89' lang='lat' dir='ltr'><strong>postea</strong></span> <span class='ocrx_word' id='word_1_934' title='bbox 1222 5146 1477 5199; x_wconf 82' lang='lat' dir='ltr'><strong>deucere.</strong></span> <span class='ocrx_word' id='word_1_935' title='bbox 1498 5149 1673 5200; x_wconf 84' lang='lat' dir='ltr'><strong>Verbi</strong></span> <span class='ocrx_word' id='word_1_936' title='bbox 1694 5150 1888 5214; x_wconf 88' lang='lat' dir='ltr'><strong>itaque</strong></span> <span class='ocrx_word' id='word_1_937' title='bbox 1904 5164 2057 5217; x_wconf 87' lang='lat' dir='ltr'><strong>repe-</strong></span> 
     </span>
    </p>
   </div>
   <div class='ocr_carea' id='block_1_115' title="bbox 452 5214 2057 5287">
    <p class='ocr_par' dir='ltr' id='par_1_115' title="bbox 452 5214 2057 5287">
     <span class='ocr_line' id='line_1_115' title="bbox 452 5214 2057 5287; baseline 0.006 -20"><span class='ocrx_word' id='word_1_938' title='bbox 452 5216 593 5278; x_wconf 90' lang='lat' dir='ltr'><strong>titio,</strong></span> <span class='ocrx_word' id='word_1_939' title='bbox 619 5214 980 5267; x_wconf 85' lang='lat' dir='ltr'><strong>confirmatio</strong></span> <span class='ocrx_word' id='word_1_940' title='bbox 1001 5221 1106 5267; x_wconf 89' lang='lat' dir='ltr'><strong>est.</strong></span> <span class='ocrx_word' id='word_1_941' title='bbox 1122 5217 1409 5269; x_wconf 87' lang='lat' dir='ltr'><strong>Bonorum</strong></span> <span class='ocrx_word' id='word_1_942' title='bbox 1426 5224 1621 5271; x_wconf 85' lang='lat' dir='ltr'><strong>autem</strong></span> <span class='ocrx_word' id='word_1_943' title='bbox 1634 5221 1908 5284; x_wconf 89' lang='lat' dir='ltr'><strong>patientia</strong></span> <span class='ocrx_word' id='word_1_944' title='bbox 1922 5214 2057 5287; x_wconf 57' lang='lat' dir='ltr'><strong>prai-</strong></span> 
     </span>
    </p>
   </div>
   <div class='ocr_carea' id='block_1_116' title="bbox 450 5287 2055 5354">
    <p class='ocr_par' dir='ltr' id='par_1_116' title="bbox 450 5287 2055 5354">
     <span class='ocr_line' id='line_1_116' title="bbox 450 5287 2055 5354; baseline 0.002 -14"><span class='ocrx_word' id='word_1_945' title='bbox 450 5288 743 5353; x_wconf 88' lang='lat' dir='ltr'><strong>paratione</strong></span> <span class='ocrx_word' id='word_1_946' title='bbox 759 5287 948 5339; x_wconf 90' lang='lat' dir='ltr'><strong>cordis</strong></span> <span class='ocrx_word' id='word_1_947' title='bbox 966 5287 1181 5352; x_wconf 82' lang='lat' dir='ltr'><strong>excipit</strong></span> <span class='ocrx_word' id='word_1_948' title='bbox 1197 5287 1555 5341; x_wconf 89' lang='lat' dir='ltr'><strong>voluntatem</strong></span> <span class='ocrx_word' id='word_1_949' title='bbox 1580 5291 1702 5353; x_wconf 91' lang='lat' dir='ltr'><strong>Dei,</strong></span> <span class='ocrx_word' id='word_1_950' title='bbox 1729 5297 1787 5344; x_wconf 92' lang='lat' dir='ltr'><strong>et</strong></span> <span class='ocrx_word' id='word_1_951' title='bbox 1812 5294 2055 5354; x_wconf 84' lang='lat' dir='ltr'><strong>gloriatur</strong></span> 
     </span>
    </p>
   </div>
   <div class='ocr_carea' id='block_1_117' title="bbox 452 5359 2056 5427">
    <p class='ocr_par' dir='ltr' id='par_1_117' title="bbox 452 5359 2056 5427">
     <span class='ocr_line' id='line_1_117' title="bbox 452 5359 2056 5427; baseline 0.004 -18"><span class='ocrx_word' id='word_1_952' title='bbox 452 5360 510 5410; x_wconf 89' lang='lat' dir='ltr'><strong>in</strong></span> <span class='ocrx_word' id='word_1_953' title='bbox 522 5359 989 5411; x_wconf 88' lang='lat' dir='ltr'><strong>tribulationibus</strong></span> <span class='ocrx_word' id='word_1_954' title='bbox 1015 5359 1240 5411; x_wconf 87' lang='lat' dir='ltr'><strong>dicens:</strong></span> <span class='ocrx_word' id='word_1_955' title='bbox 1270 5360 1534 5410; x_wconf 80' lang='lat' dir='ltr'><strong>Paratum</strong></span> <span class='ocrx_word' id='word_1_956' title='bbox 1558 5378 1650 5411; x_wconf 82' lang='lat' dir='ltr'><strong>cor</strong></span> <span class='ocrx_word' id='word_1_957' title='bbox 1673 5378 1872 5426; x_wconf 87' lang='lat' dir='ltr'><strong>meum,</strong></span> <span class='ocrx_word' id='word_1_958' title='bbox 1897 5365 2056 5427; x_wconf 83' lang='lat' dir='ltr'><strong>Deus,</strong></span> 
     </span>
    </p>
   </div>
   <div class='ocr_carea' id='block_1_118' title="bbox 452 5429 2057 5498">
    <p class='ocr_par' dir='ltr' id='par_1_118' title="bbox 452 5429 2057 5498">
     <span class='ocr_line' id='line_1_118' title="bbox 452 5429 2057 5498; baseline 0.007 -20"><span class='ocrx_word' id='word_1_959' title='bbox 452 5437 715 5495; x_wconf 81' lang='lat' dir='ltr'><strong>paratum</strong></span> <span class='ocrx_word' id='word_1_960' title='bbox 741 5447 832 5481; x_wconf 83' lang='lat' dir='ltr'><strong>cor</strong></span> <span class='ocrx_word' id='word_1_961' title='bbox 854 5445 1051 5481; x_wconf 86' lang='lat' dir='ltr'><strong>meum.</strong></span> <span class='ocrx_word' id='word_1_962' title='bbox 1092 5429 1177 5481; x_wconf 87' lang='lat' dir='ltr'><strong>Illi</strong></span> <span class='ocrx_word' id='word_1_963' title='bbox 1213 5430 1318 5493; x_wconf 72' lang='lat' dir='ltr'><strong>(Ex</strong></span> <span class='ocrx_word' id='word_1_964' title='bbox 1349 5432 1675 5497; x_wconf 76' lang='lat' dir='ltr'><strong>Augustino)</strong></span> <span class='ocrx_word' id='word_1_965' title='bbox 1706 5442 2057 5498; x_wconf 87' lang='lat' dir='ltr'><strong>paraverunt</strong></span> 
     </span>
    </p>
   </div>
   <div class='ocr_carea' id='block_1_119' title="bbox 455 5500 2055 5570">
    <p class='ocr_par' dir='ltr' id='par_1_119' title="bbox 455 5500 2055 5570">
     <span class='ocr_line' id='line_1_119' title="bbox 455 5500 2055 5570; baseline 0.006 -19"><span class='ocrx_word' id='word_1_966' title='bbox 455 5500 682 5554; x_wconf 84' lang='lat' dir='ltr'><strong>foveam</strong></span> <span class='ocrx_word' id='word_1_967' title='bbox 705 5503 778 5554; x_wconf 90' lang='lat' dir='ltr'><strong>ad</strong></span> <span class='ocrx_word' id='word_1_968' title='bbox 801 5502 1260 5567; x_wconf 88' lang='lat' dir='ltr'><strong>opprimendum,</strong></span> <span class='ocrx_word' id='word_1_969' title='bbox 1287 5515 1393 5567; x_wconf 89' lang='lat' dir='ltr'><strong>ego</strong></span> <span class='ocrx_word' id='word_1_970' title='bbox 1415 5509 1613 5555; x_wconf 90' lang='lat' dir='ltr'><strong>autem</strong></span> <span class='ocrx_word' id='word_1_971' title='bbox 1638 5508 1851 5570; x_wconf 91' lang='lat' dir='ltr'><strong>parabo</strong></span> <span class='ocrx_word' id='word_1_972' title='bbox 1874 5521 1971 5559; x_wconf 91' lang='lat' dir='ltr'><strong>cor</strong></span> <span class='ocrx_word' id='word_1_973' title='bbox 1982 5509 2055 5560; x_wconf 90' lang='lat' dir='ltr'><strong>ad</strong></span> 
     </span>
    </p>
   </div>
   <div class='ocr_carea' id='block_1_120' title="bbox 455 5568 2054 5641">
    <p class='ocr_par' dir='ltr' id='par_1_120' title="bbox 455 5568 2054 5641">
     <span class='ocr_line' id='line_1_120' title="bbox 455 5568 2054 5641; baseline 0.004 -18"><span class='ocrx_word' id='word_1_974' title='bbox 455 5568 831 5624; x_wconf 88' lang='lat' dir='ltr'><strong>tolerandum.</strong></span> <span class='ocrx_word' id='word_1_975' title='bbox 862 5575 1162 5638; x_wconf 90' lang='lat' dir='ltr'><strong>Propterea</strong></span> <span class='ocrx_word' id='word_1_976' title='bbox 1183 5573 1261 5624; x_wconf 84' lang='lat' dir='ltr'><strong>illi</strong></span> <span class='ocrx_word' id='word_1_977' title='bbox 1298 5574 1624 5628; x_wconf 90' lang='lat' dir='ltr'><strong>inciderunt</strong></span> <span class='ocrx_word' id='word_1_978' title='bbox 1641 5568 1711 5628; x_wconf 80' lang='lat' dir='ltr'><strong>in</strong></span> <span class='ocrx_word' id='word_1_979' title='bbox 1734 5590 1898 5629; x_wconf 90' lang='lat' dir='ltr'><strong>eam:</strong></span> <span class='ocrx_word' id='word_1_980' title='bbox 1936 5581 2054 5641; x_wconf 87' lang='lat' dir='ltr'><strong>Ego</strong></span> 
     </span>
    </p>
   </div>
   <div class='ocr_carea' id='block_1_121' title="bbox 456 5644 2054 5709">
    <p class='ocr_par' dir='ltr' id='par_1_121' title="bbox 456 5644 2054 5709">
     <span class='ocr_line' id='line_1_121' title="bbox 456 5644 2054 5709; baseline 0.003 -16"><span class='ocrx_word' id='word_1_981' title='bbox 456 5648 649 5703; x_wconf 84' lang='lat' dir='ltr'><strong>autem</strong></span> <span class='ocrx_word' id='word_1_982' title='bbox 662 5644 899 5694; x_wconf 84' lang='lat' dir='ltr'><strong>Cantabo</strong></span> <span class='ocrx_word' id='word_1_983' title='bbox 915 5652 961 5693; x_wconf 87' lang='lat' dir='ltr'><strong>et</strong></span> <span class='ocrx_word' id='word_1_984' title='bbox 982 5645 1257 5709; x_wconf 84' lang='lat' dir='ltr'><strong>psalmum</strong></span> <span class='ocrx_word' id='word_1_985' title='bbox 1280 5645 1478 5696; x_wconf 73' lang='lat' dir='ltr'><strong>dicam.</strong></span> <span class='ocrx_word' id='word_1_986' title='bbox 1497 5648 1711 5699; x_wconf 86' lang='lat' dir='ltr'><strong>Cantus</strong></span> <span class='ocrx_word' id='word_1_987' title='bbox 1737 5649 1978 5701; x_wconf 83' lang='lat' dir='ltr'><strong>refertur</strong></span> <span class='ocrx_word' id='word_1_988' title='bbox 1992 5652 2054 5698; x_wconf 88' lang='lat' dir='ltr'><strong>ad</strong></span> 
     </span>
    </p>
   </div>
   <div class='ocr_carea' id='block_1_122' title="bbox 457 5713 2057 5785">
    <p class='ocr_par' dir='ltr' id='par_1_122' title="bbox 457 5713 2057 5785">
     <span class='ocr_line' id='line_1_122' title="bbox 457 5713 2057 5785; baseline 0.008 -25"><span class='ocrx_word' id='word_1_989' title='bbox 457 5713 634 5762; x_wconf 87' lang='lat' dir='ltr'><strong>animi</strong></span> <span class='ocrx_word' id='word_1_990' title='bbox 661 5715 1097 5785; x_wconf 82' lang='lat' dir='ltr'><strong>jocunditatem.</strong></span> <span class='ocrx_word' id='word_1_991' title='bbox 1137 5717 1401 5770; x_wconf 88' lang='lat' dir='ltr'><strong>Psalmus</strong></span> <span class='ocrx_word' id='word_1_992' title='bbox 1424 5719 1497 5770; x_wconf 91' lang='lat' dir='ltr'><strong>ad</strong></span> <span class='ocrx_word' id='word_1_993' title='bbox 1540 5722 1751 5773; x_wconf 87' lang='lat' dir='ltr'><strong>bonam</strong></span> <span class='ocrx_word' id='word_1_994' title='bbox 1785 5722 2057 5785; x_wconf 81' lang='lat' dir='ltr'><strong>operatio-</strong></span> 
     </span>
    </p>
   </div>
   <div class='ocr_carea' id='block_1_123' title="bbox 460 5783 2053 5850">
    <p class='ocr_par' dir='ltr' id='par_1_123' title="bbox 460 5783 2053 5850">
     <span class='ocr_line' id='line_1_123' title="bbox 460 5783 2053 5850; baseline 0.011 -22"><span class='ocrx_word' id='word_1_995' title='bbox 460 5792 611 5850; x_wconf 86' lang='lat' dir='ltr'><strong>nem.</strong></span> <span class='ocrx_word' id='word_1_996' title='bbox 641 5783 729 5832; x_wconf 84' lang='lat' dir='ltr'><strong>Ad</strong></span> <span class='ocrx_word' id='word_1_997' title='bbox 779 5786 1191 5850; x_wconf 89' lang='lat' dir='ltr'><strong>omnipotentis</strong></span> <span class='ocrx_word' id='word_1_998' title='bbox 1232 5789 1334 5840; x_wconf 89' lang='lat' dir='ltr'><strong>Dei</strong></span> <span class='ocrx_word' id='word_1_999' title='bbox 1392 5789 1625 5842; x_wconf 90' lang='lat' dir='ltr'><strong>laudem</strong></span> <span class='ocrx_word' id='word_1_1000' title='bbox 1670 5783 1877 5843; x_wconf 79' lang='lat' dir='ltr'><strong>cantus</strong></span> <span class='ocrx_word' id='word_1_1001' title='bbox 1921 5805 2053 5845; x_wconf 88' lang='lat' dir='ltr'><strong>cum</strong></span> 
     </span>
    </p>
   </div>
   <div class='ocr_carea' id='block_1_124' title="bbox 462 5849 2050 5928">
    <p class='ocr_par' dir='ltr' id='par_1_124' title="bbox 462 5849 2050 5928">
     <span class='ocr_line' id='line_1_124' title="bbox 462 5849 2050 5928; baseline 0.012 -30"><span class='ocrx_word' id='word_1_1002' title='bbox 462 5849 684 5911; x_wconf 87' lang='lat' dir='ltr'><strong>psalmo</strong></span> <span class='ocrx_word' id='word_1_1003' title='bbox 714 5851 884 5906; x_wconf 90' lang='lat' dir='ltr'><strong>debet</strong></span> <span class='ocrx_word' id='word_1_1004' title='bbox 934 5849 1295 5923; x_wconf 88' lang='lat' dir='ltr'><strong>concordare,</strong></span> <span class='ocrx_word' id='word_1_1005' title='bbox 1335 5864 1401 5911; x_wconf 92' lang='lat' dir='ltr'><strong>ut</strong></span> <span class='ocrx_word' id='word_1_1006' title='bbox 1443 5862 1598 5924; x_wconf 90' lang='lat' dir='ltr'><strong>quod</strong></span> <span class='ocrx_word' id='word_1_1007' title='bbox 1622 5875 1720 5915; x_wconf 86' lang='lat' dir='ltr'><strong>ore</strong></span> <span class='ocrx_word' id='word_1_1008' title='bbox 1750 5863 2050 5928; x_wconf 81' lang='lat' dir='ltr'><strong>profertur,</strong></span> 
     </span>
    </p>
   </div>
   <div class='ocr_carea' id='block_1_125' title="bbox 2154 4723 3765 4790">
    <p class='ocr_par' dir='ltr' id='par_1_125' title="bbox 2154 4723 3765 4790">
     <span class='ocr_line' id='line_1_125' title="bbox 2154 4723 3765 4790; baseline 0.001 -15"><span class='ocrx_word' id='word_1_1009' title='bbox 2154 4727 2293 4776; x_wconf 77' lang='lat' dir='ltr'><strong>ritas</strong></span> <span class='ocrx_word' id='word_1_1010' title='bbox 2335 4730 2430 4775; x_wconf 86' lang='lat' dir='ltr'><strong>tua</strong></span> <span class='ocrx_word' id='word_1_1011' title='bbox 2473 4739 2641 4790; x_wconf 82' lang='lat' dir='ltr'><strong>usque</strong></span> <span class='ocrx_word' id='word_1_1012' title='bbox 2681 4724 2753 4773; x_wconf 87' lang='lat' dir='ltr'><strong>ad</strong></span> <span class='ocrx_word' id='word_1_1013' title='bbox 2781 4723 2964 4774; x_wconf 78' lang='lat' dir='ltr'><strong>nubes.</strong></span> <span class='ocrx_word' id='word_1_1014' title='bbox 3001 4723 3193 4776; x_wconf 82' lang='lat' dir='ltr'><strong>Gloria</strong></span> <span class='ocrx_word' id='word_1_1015' title='bbox 3224 4724 3347 4776; x_wconf 90' lang='lat' dir='ltr'><strong>Deo</strong></span> <span class='ocrx_word' id='word_1_1016' title='bbox 3379 4729 3597 4788; x_wconf 86' lang='lat' dir='ltr'><strong>nostro,</strong></span> <span class='ocrx_word' id='word_1_1017' title='bbox 3635 4725 3765 4789; x_wconf 80' lang='lat' dir='ltr'><strong>quia</strong></span> 
     </span>
    </p>
   </div>
   <div class='ocr_carea' id='block_1_126' title="bbox 2154 4794 3764 4860">
    <p class='ocr_par' dir='ltr' id='par_1_126' title="bbox 2154 4794 3764 4860">
     <span class='ocr_line' id='line_1_126' title="bbox 2154 4794 3764 4860; baseline -0.002 -11"><span class='ocrx_word' id='word_1_1018' title='bbox 2154 4810 2262 4849; x_wconf 90' lang='lat' dir='ltr'><strong>nec</strong></span> <span class='ocrx_word' id='word_1_1019' title='bbox 2307 4796 2561 4848; x_wconf 88' lang='lat' dir='ltr'><strong>deseruit</strong></span> <span class='ocrx_word' id='word_1_1020' title='bbox 2600 4806 2709 4846; x_wconf 87' lang='lat' dir='ltr'><strong>nos</strong></span> <span class='ocrx_word' id='word_1_1021' title='bbox 2752 4794 3144 4846; x_wconf 88' lang='lat' dir='ltr'><strong>misericordia</strong></span> <span class='ocrx_word' id='word_1_1022' title='bbox 3190 4794 3381 4847; x_wconf 87' lang='lat' dir='ltr'><strong>facere</strong></span> <span class='ocrx_word' id='word_1_1023' title='bbox 3402 4796 3630 4860; x_wconf 87' lang='lat' dir='ltr'><strong>beatos,</strong></span> <span class='ocrx_word' id='word_1_1024' title='bbox 3664 4808 3764 4847; x_wconf 82' lang='lat' dir='ltr'><strong>nec</strong></span> 
     </span>
    </p>
   </div>
   <div class='ocr_carea' id='block_1_127' title="bbox 2154 4865 3760 4921">
    <p class='ocr_par' dir='ltr' id='par_1_127' title="bbox 2154 4865 3760 4921">
     <span class='ocr_line' id='line_1_127' title="bbox 2154 4865 3760 4921; baseline -0.001 -2"><span class='ocrx_word' id='word_1_1025' title='bbox 2154 4867 2445 4921; x_wconf 89' lang='lat' dir='ltr'><strong>fraudavit</strong></span> <span class='ocrx_word' id='word_1_1026' title='bbox 2466 4866 2797 4919; x_wconf 87' lang='lat' dir='ltr'><strong>veritatem:</strong></span> <span class='ocrx_word' id='word_1_1027' title='bbox 2817 4865 2920 4917; x_wconf 90' lang='lat' dir='ltr'><strong>sed</strong></span> <span class='ocrx_word' id='word_1_1028' title='bbox 2945 4865 3173 4918; x_wconf 88' lang='lat' dir='ltr'><strong>sanavit</strong></span> <span class='ocrx_word' id='word_1_1029' title='bbox 3189 4865 3430 4917; x_wconf 89' lang='lat' dir='ltr'><strong>oculum</strong></span> <span class='ocrx_word' id='word_1_1030' title='bbox 3450 4867 3642 4919; x_wconf 85' lang='lat' dir='ltr'><strong>cordis</strong></span> <span class='ocrx_word' id='word_1_1031' title='bbox 3660 4879 3760 4919; x_wconf 94' lang='lat' dir='ltr'><strong>no-</strong></span> 
     </span>
    </p>
   </div>
   <div class='ocr_carea' id='block_1_128' title="bbox 2155 4935 3760 5002">
    <p class='ocr_par' dir='ltr' id='par_1_128' title="bbox 2155 4935 3760 5002">
     <span class='ocr_line' id='line_1_128' title="bbox 2155 4935 3760 5002; baseline 0 -12"><span class='ocrx_word' id='word_1_1032' title='bbox 2155 4939 2278 5002; x_wconf 91' lang='lat' dir='ltr'><strong>stri,</strong></span> <span class='ocrx_word' id='word_1_1033' title='bbox 2301 4944 2366 4991; x_wconf 88' lang='lat' dir='ltr'><strong>ut</strong></span> <span class='ocrx_word' id='word_1_1034' title='bbox 2388 4950 2522 4991; x_wconf 88' lang='lat' dir='ltr'><strong>eum</strong></span> <span class='ocrx_word' id='word_1_1035' title='bbox 2549 4940 2751 5002; x_wconf 89' lang='lat' dir='ltr'><strong>postea</strong></span> <span class='ocrx_word' id='word_1_1036' title='bbox 2772 4935 2914 4988; x_wconf 87' lang='lat' dir='ltr'><strong>facie</strong></span> <span class='ocrx_word' id='word_1_1037' title='bbox 2929 4936 3002 4988; x_wconf 90' lang='lat' dir='ltr'><strong>ad</strong></span> <span class='ocrx_word' id='word_1_1038' title='bbox 3028 4936 3237 4989; x_wconf 84' lang='lat' dir='ltr'><strong>faciem</strong></span> <span class='ocrx_word' id='word_1_1039' title='bbox 3253 4938 3455 4991; x_wconf 88' lang='lat' dir='ltr'><strong>videre</strong></span> <span class='ocrx_word' id='word_1_1040' title='bbox 3466 4938 3760 4991; x_wconf 86' lang='lat' dir='ltr'><strong>valeamus</strong></span> 
     </span>
    </p>
   </div>
   <div class='ocr_carea' id='block_1_129' title="bbox 2156 5007 3759 5075">
    <p class='ocr_par' dir='ltr' id='par_1_129' title="bbox 2156 5007 3759 5075">
     <span class='ocr_line' id='line_1_129' title="bbox 2156 5007 3759 5075; baseline -0.003 -10"><span class='ocrx_word' id='word_1_1041' title='bbox 2156 5010 2226 5072; x_wconf 89' lang='grc'><strong>(1.</strong></span> <span class='ocrx_word' id='word_1_1042' title='bbox 2256 5010 2377 5061; x_wconf 78' lang='lat' dir='ltr'><strong>Cor.</strong></span> <span class='ocrx_word' id='word_1_1043' title='bbox 2416 5008 2548 5072; x_wconf 79' lang='lat'><strong>‘13.).</strong></span> <span class='ocrx_word' id='word_1_1044' title='bbox 2583 5010 2689 5060; x_wconf 91' lang='lat' dir='ltr'><strong>Pro</strong></span> <span class='ocrx_word' id='word_1_1045' title='bbox 2732 5011 2894 5059; x_wconf 90' lang='lat' dir='ltr'><strong>tanto</strong></span> <span class='ocrx_word' id='word_1_1046' title='bbox 2934 5007 3149 5071; x_wconf 86' lang='lat' dir='ltr'><strong>gaudio</strong></span> <span class='ocrx_word' id='word_1_1047' title='bbox 3185 5012 3246 5060; x_wconf 89' lang='lat' dir='ltr'><strong>et</strong></span> <span class='ocrx_word' id='word_1_1048' title='bbox 3277 5010 3531 5062; x_wconf 86' lang='lat' dir='ltr'><strong>utilitate</strong></span> <span class='ocrx_word' id='word_1_1049' title='bbox 3562 5009 3759 5075; x_wconf 88' lang='lat' dir='ltr'><strong>repetit</strong></span> 
     </span>
    </p>
   </div>
   <div class='ocr_carea' id='block_1_130' title="bbox 2154 5079 3288 5142">
    <p class='ocr_par' dir='ltr' id='par_1_130' title="bbox 2154 5079 3288 5142">
     <span class='ocr_line' id='line_1_130' title="bbox 2154 5079 3288 5142; baseline -0.001 -10"><span class='ocrx_word' id='word_1_1050' title='bbox 2154 5081 2461 5134; x_wconf 89' lang='lat' dir='ltr'><strong>Psalmista</strong></span> <span class='ocrx_word' id='word_1_1051' title='bbox 2482 5092 2736 5139; x_wconf 91' lang='lat' dir='ltr'><strong>versum,</strong></span> <span class='ocrx_word' id='word_1_1052' title='bbox 2762 5091 2935 5142; x_wconf 89' lang='lat' dir='ltr'><strong>quem</strong></span> <span class='ocrx_word' id='word_1_1053' title='bbox 2955 5080 3079 5142; x_wconf 92' lang='lat' dir='ltr'><strong>jam</strong></span> <span class='ocrx_word' id='word_1_1054' title='bbox 3108 5079 3288 5131; x_wconf 76' lang='lat' dir='ltr'><strong>dixit:</strong></span> 
     </span>
    </p>
   </div>
   <div class='ocr_carea' id='block_1_131' title="bbox 2217 5149 3752 5219">
    <p class='ocr_par' dir='ltr' id='par_1_131' title="bbox 2217 5149 3752 5219">
     <span class='ocr_line' id='line_1_131' title="bbox 2217 5149 3752 5219; baseline -0.003 -14"><span class='ocrx_word' id='word_1_1055' title='bbox 2217 5151 2304 5206; x_wconf 67' lang='grc'><strong>12.</strong></span> <span class='ocrx_word' id='word_1_1056' title='bbox 2345 5151 2610 5202; x_wconf 70' lang='lat' dir='ltr'><strong>Exultare</strong></span> <span class='ocrx_word' id='word_1_1057' title='bbox 2649 5164 2809 5215; x_wconf 78' lang='lat' dir='ltr'><strong>super</strong></span> <span class='ocrx_word' id='word_1_1058' title='bbox 2852 5149 3000 5199; x_wconf 73' lang='lat' dir='ltr'><strong>caelos</strong></span> <span class='ocrx_word' id='word_1_1059' title='bbox 3043 5150 3202 5211; x_wconf 83' lang='lat' dir='ltr'><strong>Deus,</strong></span> <span class='ocrx_word' id='word_1_1060' title='bbox 3232 5154 3294 5219; x_wconf 52' lang='grc' dir='ltr'><strong>βε</strong></span> <span class='ocrx_word' id='word_1_1061' title='bbox 3344 5166 3509 5216; x_wconf 77' lang='lat' dir='ltr'><strong>super</strong></span> <span class='ocrx_word' id='word_1_1062' title='bbox 3550 5166 3752 5201; x_wconf 75' lang='lat' dir='ltr'><strong>omnem</strong></span> 
     </span>
    </p>
   </div>
   <div class='ocr_carea' id='block_1_132' title="bbox 2156 5220 3750 5287">
    <p class='ocr_par' dir='ltr' id='par_1_132' title="bbox 2156 5220 3750 5287">
     <span class='ocr_line' id='line_1_132' title="bbox 2156 5220 3750 5287; baseline 0.001 -15"><span class='ocrx_word' id='word_1_1063' title='bbox 2156 5228 2357 5272; x_wconf 56' lang='lat' dir='ltr'><strong>tetram</strong></span> <span class='ocrx_word' id='word_1_1064' title='bbox 2390 5222 2568 5286; x_wconf 84' lang='lat' dir='ltr'><strong>gloria</strong></span> <span class='ocrx_word' id='word_1_1065' title='bbox 2597 5225 2709 5272; x_wconf 86' lang='lat' dir='ltr'><strong>tua.</strong></span> <span class='ocrx_word' id='word_1_1066' title='bbox 2740 5222 2848 5281; x_wconf 90' lang='lat' dir='ltr'><strong>Qui</strong></span> <span class='ocrx_word' id='word_1_1067' title='bbox 2870 5220 3134 5272; x_wconf 82' lang='lat' dir='ltr'><strong>fortassis</strong></span> <span class='ocrx_word' id='word_1_1068' title='bbox 3152 5220 3286 5273; x_wconf 91' lang='lat' dir='ltr'><strong>ideo</strong></span> <span class='ocrx_word' id='word_1_1069' title='bbox 3307 5222 3604 5286; x_wconf 88' lang='lat' dir='ltr'><strong>repetitur,</strong></span> <span class='ocrx_word' id='word_1_1070' title='bbox 3629 5223 3750 5287; x_wconf 85' lang='lat' dir='ltr'><strong>quia</strong></span> 
     </span>
    </p>
   </div>
   <div class='ocr_carea' id='block_1_133' title="bbox 2154 5292 3748 5359">
    <p class='ocr_par' dir='ltr' id='par_1_133' title="bbox 2154 5292 3748 5359">
     <span class='ocr_line' id='line_1_133' title="bbox 2154 5292 3748 5359; baseline 0 -14"><span class='ocrx_word' id='word_1_1071' title='bbox 2154 5295 2304 5346; x_wconf 88' lang='lat' dir='ltr'><strong>circa</strong></span> <span class='ocrx_word' id='word_1_1072' title='bbox 2313 5294 2469 5345; x_wconf 91' lang='lat' dir='ltr'><strong>hunc</strong></span> <span class='ocrx_word' id='word_1_1073' title='bbox 2484 5305 2720 5347; x_wconf 87' lang='lat' dir='ltr'><strong>versum</strong></span> <span class='ocrx_word' id='word_1_1074' title='bbox 2730 5292 2983 5345; x_wconf 78' lang='lat' dir='ltr'><strong>maxime</strong></span> <span class='ocrx_word' id='word_1_1075' title='bbox 2994 5292 3237 5346; x_wconf 91' lang='lat' dir='ltr'><strong>intentio</strong></span> <span class='ocrx_word' id='word_1_1076' title='bbox 3260 5299 3319 5346; x_wconf 85' lang='lat' dir='ltr'><strong>et</strong></span> <span class='ocrx_word' id='word_1_1077' title='bbox 3331 5294 3549 5347; x_wconf 85' lang='lat' dir='ltr'><strong>utilitas</strong></span> <span class='ocrx_word' id='word_1_1078' title='bbox 3559 5293 3748 5359; x_wconf 85' lang='lat' dir='ltr'><strong>psalmi</strong></span> 
     </span>
    </p>
   </div>
   <div class='ocr_carea' id='block_1_134' title="bbox 2154 5370 2439 5419">
    <p class='ocr_par' dir='ltr' id='par_1_134' title="bbox 2154 5370 2439 5419">
     <span class='ocr_line' id='line_1_134' title="bbox 2154 5370 2439 5419; baseline -0.011 0"><span class='ocrx_word' id='word_1_1079' title='bbox 2154 5370 2439 5419; x_wconf 89' lang='lat' dir='ltr'><strong>versatur.</strong></span> 
     </span>
    </p>
   </div>
   <div class='ocr_carea' id='block_1_135' title="bbox 2455 5451 3447 5519">
    <p class='ocr_par' dir='ltr' id='par_1_135' title="bbox 2455 5451 3447 5519">
     <span class='ocr_line' id='line_1_135' title="bbox 2455 5451 3447 5519; baseline 0.003 -3"><span class='ocrx_word' id='word_1_1080' title='bbox 2455 5451 2817 5516; x_wconf 90' lang='lat' dir='ltr'><strong>TITULUS</strong></span> <span class='ocrx_word' id='word_1_1081' title='bbox 2864 5451 3190 5517; x_wconf 81' lang='lat' dir='ltr'><strong>PSALMI</strong></span> <span class='ocrx_word' id='word_1_1082' title='bbox 3234 5451 3447 5519; x_wconf 86' lang='lat' dir='ltr'><strong>LVII.</strong></span> 
     </span>
    </p>
   </div>
   <div class='ocr_carea' id='block_1_136' title="bbox 2216 5558 3728 5634">
    <p class='ocr_par' dir='ltr' id='par_1_136' title="bbox 2216 5558 3728 5634">
     <span class='ocr_line' id='line_1_136' title="bbox 2216 5558 3728 5634; baseline 0 0"><span class='ocrx_word' id='word_1_1083' title='bbox 2216 5559 2345 5634; x_wconf 58' lang='lat'><strong>1:1“</strong></span> <span class='ocrx_word' id='word_1_1084' title='bbox 2360 5561 2525 5634; x_wconf 57' lang='lat' dir='ltr'><strong>ﬁnem</strong></span> <span class='ocrx_word' id='word_1_1085' title='bbox 2535 5574 2606 5634; x_wconf 50' lang='lat' dir='ltr'><strong>re</strong></span> <span class='ocrx_word' id='word_1_1086' title='bbox 2629 5558 2927 5634; x_wconf 52' lang='lat' dir='ltr'><strong>demde:</strong></span> <span class='ocrx_word' id='word_1_1087' title='bbox 2946 5559 3125 5634; x_wconf 60' lang='lat' dir='ltr'><strong>Davis</strong></span> <span class='ocrx_word' id='word_1_1088' title='bbox 3136 5560 3207 5634; x_wconf 76' lang='grc' dir='ltr'><strong>ίη-</strong></span> <span class='ocrx_word' id='word_1_1089' title='bbox 3224 5561 3378 5634; x_wconf 58' lang='lat' dir='ltr'><strong>“sui</strong></span> <span class='ocrx_word' id='word_1_1090' title='bbox 3392 5558 3728 5634; x_wconf 63' lang='grc' dir='ltr'><strong>ίηεονίεείοπες</strong></span> 
     </span>
    </p>
   </div>
   <div class='ocr_carea' id='block_1_137' title="bbox 2154 5623 3728 5681">
    <p class='ocr_par' dir='ltr' id='par_1_137' title="bbox 2154 5623 3728 5681">
     <span class='ocr_line' id='line_1_137' title="bbox 2154 5623 3728 5681; baseline 0 -12"><span class='ocrx_word' id='word_1_1091' title='bbox 2154 5623 2382 5670; x_wconf 84' lang='lat' dir='ltr'><strong>Psalmus</strong></span> <span class='ocrx_word' id='word_1_1092' title='bbox 2419 5625 2510 5671; x_wconf 88' lang='lat' dir='ltr'><strong>iste</strong></span> <span class='ocrx_word' id='word_1_1093' title='bbox 2532 5623 2749 5671; x_wconf 87' lang='lat' dir='ltr'><strong>intendit</strong></span> <span class='ocrx_word' id='word_1_1094' title='bbox 2790 5623 2844 5669; x_wconf 92' lang='lat' dir='ltr'><strong>in</strong></span> <span class='ocrx_word' id='word_1_1095' title='bbox 2862 5626 3035 5679; x_wconf 84' lang='lat' dir='ltr'><strong>linem,</strong></span> <span class='ocrx_word' id='word_1_1096' title='bbox 3060 5625 3112 5670; x_wconf 89' lang='lat' dir='ltr'><strong>id</strong></span> <span class='ocrx_word' id='word_1_1097' title='bbox 3137 5629 3232 5681; x_wconf 85' lang='lat' dir='ltr'><strong>est,</strong></span> <span class='ocrx_word' id='word_1_1098' title='bbox 3257 5626 3539 5674; x_wconf 84' lang='lat' dir='ltr'><strong>Christum.</strong></span> <span class='ocrx_word' id='word_1_1099' title='bbox 3560 5623 3728 5671; x_wconf 65' lang='lat' dir='ltr'><strong>Mosen:</strong></span> 
     </span>
    </p>
   </div>
   <div class='ocr_carea' id='block_1_138' title="bbox 2155 5683 3722 5745">
    <p class='ocr_par' dir='ltr' id='par_1_138' title="bbox 2155 5683 3722 5745">
     <span class='ocr_line' id='line_1_138' title="bbox 2155 5683 3722 5745; baseline 0 -14"><span class='ocrx_word' id='word_1_1100' title='bbox 2155 5698 2219 5731; x_wconf 86' lang='lat' dir='ltr'><strong>ne</strong></span> <span class='ocrx_word' id='word_1_1101' title='bbox 2242 5690 2296 5732; x_wconf 88' lang='lat' dir='ltr'><strong>tu</strong></span> <span class='ocrx_word' id='word_1_1102' title='bbox 2321 5686 2580 5745; x_wconf 84' lang='lat' dir='ltr'><strong>disperdas</strong></span> <span class='ocrx_word' id='word_1_1103' title='bbox 2594 5686 2772 5742; x_wconf 86' lang='lat' dir='ltr'><strong>David,</strong></span> <span class='ocrx_word' id='word_1_1104' title='bbox 2789 5685 2841 5732; x_wconf 87' lang='lat' dir='ltr'><strong>id</strong></span> <span class='ocrx_word' id='word_1_1105' title='bbox 2858 5692 2951 5742; x_wconf 89' lang='lat' dir='ltr'><strong>est,</strong></span> <span class='ocrx_word' id='word_1_1106' title='bbox 2979 5687 3262 5735; x_wconf 82' lang='lat' dir='ltr'><strong>dehonores</strong></span> <span class='ocrx_word' id='word_1_1107' title='bbox 3276 5689 3536 5736; x_wconf 84' lang='lat' dir='ltr'><strong>Christum</strong></span> <span class='ocrx_word' id='word_1_1108' title='bbox 3552 5687 3603 5732; x_wconf 90' lang='lat' dir='ltr'><strong>in</strong></span> <span class='ocrx_word' id='word_1_1109' title='bbox 3618 5683 3722 5730; x_wconf 81' lang='lat' dir='ltr'><strong>tituli</strong></span> 
     </span>
    </p>
   </div>
   <div class='ocr_carea' id='block_1_139' title="bbox 2154 5748 3722 5807">
    <p class='ocr_par' dir='ltr' id='par_1_139' title="bbox 2154 5748 3722 5807">
     <span class='ocr_line' id='line_1_139' title="bbox 2154 5748 3722 5807; baseline -0.001 -13"><span class='ocrx_word' id='word_1_1110' title='bbox 2154 5748 2480 5807; x_wconf 89' lang='lat' dir='ltr'><strong>inscriptione</strong></span> <span class='ocrx_word' id='word_1_1111' title='bbox 2517 5753 2704 5795; x_wconf 82' lang='lat' dir='ltr'><strong>mutata</strong></span> <span class='ocrx_word' id='word_1_1112' title='bbox 2725 5762 2755 5794; x_wconf 83' lang='lat' dir='ltr'><strong>a</strong></span> <span class='ocrx_word' id='word_1_1113' title='bbox 2787 5748 3113 5806; x_wconf 85' lang='lat' dir='ltr'><strong>quibusdam,</strong></span> <span class='ocrx_word' id='word_1_1114' title='bbox 3143 5749 3341 5798; x_wconf 83' lang='lat' dir='ltr'><strong>scilicet</strong></span> <span class='ocrx_word' id='word_1_1115' title='bbox 3368 5764 3436 5798; x_wconf 82' lang='lat' dir='ltr'><strong>ne</strong></span> <span class='ocrx_word' id='word_1_1116' title='bbox 3456 5751 3645 5797; x_wconf 86' lang='lat' dir='ltr'><strong>minuas</strong></span> <span class='ocrx_word' id='word_1_1117' title='bbox 3662 5759 3722 5792; x_wconf 75' lang='lat' dir='ltr'><strong>re-</strong></span> 
     </span>
    </p>
   </div>
   <div class='ocr_carea' id='block_1_140' title="bbox 2154 5810 3722 5872">
    <p class='ocr_par' dir='ltr' id='par_1_140' title="bbox 2154 5810 3722 5872">
     <span class='ocr_line' id='line_1_140' title="bbox 2154 5810 3722 5872; baseline 0.001 -15"><span class='ocrx_word' id='word_1_1118' title='bbox 2154 5823 2309 5869; x_wconf 85' lang='lat' dir='ltr'><strong>gnum</strong></span> <span class='ocrx_word' id='word_1_1119' title='bbox 2335 5811 2540 5867; x_wconf 87' lang='lat' dir='ltr'><strong>Christl,</strong></span> <span class='ocrx_word' id='word_1_1120' title='bbox 2561 5811 2775 5871; x_wconf 85' lang='lat' dir='ltr'><strong>teipsum</strong></span> <span class='ocrx_word' id='word_1_1121' title='bbox 2797 5810 3143 5859; x_wconf 81' lang='lat' dir='ltr'><strong>subtrahendo</strong></span> <span class='ocrx_word' id='word_1_1122' title='bbox 3166 5826 3195 5858; x_wconf 82' lang='lat' dir='ltr'><strong>a</strong></span> <span class='ocrx_word' id='word_1_1123' title='bbox 3218 5826 3380 5872; x_wconf 85' lang='lat' dir='ltr'><strong>regno</strong></span> <span class='ocrx_word' id='word_1_1124' title='bbox 3403 5813 3544 5870; x_wconf 84' lang='lat' dir='ltr'><strong>ejus:</strong></span> <span class='ocrx_word' id='word_1_1125' title='bbox 3564 5811 3638 5858; x_wconf 82' lang='lat' dir='ltr'><strong>sed</strong></span> <span class='ocrx_word' id='word_1_1126' title='bbox 3657 5818 3722 5868; x_wconf 71' lang='lat' dir='ltr'><strong>par</strong></span> 
     </span>
    </p>
   </div>
   <div class='ocr_carea' id='block_1_141' title="bbox 2152 5873 3720 5932">
    <p class='ocr_par' dir='ltr' id='par_1_141' title="bbox 2152 5873 3720 5932">
     <span class='ocr_line' id='line_1_141' title="bbox 2152 5873 3720 5932; baseline -0.003 -13"><span class='ocrx_word' id='word_1_1127' title='bbox 2152 5885 2319 5932; x_wconf 84' lang='lat' dir='ltr'><strong>regem</strong></span> <span class='ocrx_word' id='word_1_1128' title='bbox 2342 5873 2630 5921; x_wconf 71' lang='lat' dir='ltr'><strong>Judteorum</strong></span> <span class='ocrx_word' id='word_1_1129' title='bbox 2668 5873 2952 5920; x_wconf 81' lang='lat' dir='ltr'><strong>conﬁtearis</strong></span> <span class='ocrx_word' id='word_1_1130' title='bbox 2984 5874 3261 5922; x_wconf 85' lang='lat' dir='ltr'><strong>Christum.</strong></span> <span class='ocrx_word' id='word_1_1131' title='bbox 3294 5877 3349 5922; x_wconf 78' lang='lat' dir='ltr'><strong>Et</strong></span> <span class='ocrx_word' id='word_1_1132' title='bbox 3376 5876 3485 5922; x_wconf 66' lang='lat' dir='ltr'><strong>haec</strong></span> <span class='ocrx_word' id='word_1_1133' title='bbox 3508 5882 3573 5922; x_wconf 78' lang='lat' dir='ltr'><strong>est</strong></span> <span class='ocrx_word' id='word_1_1134' title='bbox 3596 5875 3720 5921; x_wconf 63' lang='lat' dir='ltr'><strong>interr</strong></span> 
     </span>
    </p>
   </div>
  </div>
