3880 6222
83 338 196 393 873

1089 336 1159 386 IN
1198 333 1517 385 PSALMOS
1551 332 1758 383 LXXV
1792 331 2375 386 COMMENTARIUS.

3269 341 3376 397 874

78 456 171 513 tio,
194 456 331 522 sicut
356 456 408 522 in
430 452 531 499 alio
552 452 772 522 psalmo:
797 462 861 498 ne
884 449 1160 522 disperde-sl
1179 451 1450 522 Christum.
1480 448 1679 521 Materia
1695 448 1749 522 Α
1780 445 1883 497 sed
1900 448 2291 522 serpentinum
2315 453 2373 499 et
2396 460 2771 504 venenosum.
2800 456 2935 506 Erat
2961 455 3116 507 enim
3139 455 3375 509 invidia

76 512 203 562 sunt
226 517 385 562 Judmi
412 528 499 574 per
527 515 831 573 oppositum.
856 513 978 571 quia
1001 513 1230 560 Christus
1256 512 1399 558 debet
1414 524 1519 557 esse
1533 512 1680 570 prin-

77 578 284 637 cipalis.
320 578 666 624 Admonentur
714 576 767 621 in
796 576 887 621 hoc
919 575 1129 633 psalmo,
1166 588 1229 620 ne
1276 574 1628 637 subtrahamur
1647 586 1679 637 a

77 635 273 687 Christi
318 653 491 699 regno,
519 639 569 684 id
593 642 683 698 est,
710 651 739 683 a
768 641 1050 683 sanctorum
1076 637 1343 684 consortio.
1371 637 1427 682 Et
1451 636 1543 682 hoc
1564 635 1680 681 facit

77 703 316 747 Christus
368 702 511 747 nobis
556 700 879 758 proponendo
900 699 1188 745 Judteorum
1208 700 1495 752 caecitatem,
1519 702 1568 743 et
1590 710 1681 742 eo-

79 777 197 809 rum
230 762 440 811 localem
466 762 851 820 dispersionem,
875 766 921 807 et
947 761 1164 808 futuram
1190 773 1362 806 eorum
1398 760 1682 805 damnatio-

78 838 197 871 nem
228 838 241 873 :
268 829 323 872 ut
348 824 453 871 visa
476 825 722 871 malorum
749 822 874 869 farta
898 822 1220 869 damnalione
1237 829 1508 869 terreamur
1524 822 1585 867 ab
1604 833 1682 866 eo-

77 900 194 933 rum
244 887 541 932 imitatione.
568 886 800 944 Proponit
822 889 967 930 ettam
996 885 1141 931 nobis
1164 884 1386 931 laetitiam
1410 883 1680 944 justorum,

77 962 238 1007 quam
287 948 469 995 habent
511 961 598 1007 spe
623 942 802 994 futuras
826 946 1001 1005 glorise
1035 960 1045 990 :
1074 949 1130 992 ut
1162 945 1270 993 visa
1294 957 1467 991 eorum
1492 942 1676 991 laetitia.

78 1024 175 1057 nos
198 1010 263 1057 ad
287 1024 459 1057 eorum
489 1010 817 1056 imitationem
838 1009 1046 1055 alliciat.
1072 1009 1175 1053 Vox
1202 1008 1457 1067 prophetae
1479 1020 1491 1055 :

559 1110 949 1175 PSALMUS
1008 1109 1214 1175 LVII.

136 1219 190 1274 2.
227 1218 293 1270 Si
314 1233 427 1269 vere
444 1219 628 1283 utique
640 1219 916 1283 Justitiam
957 1217 1270 1281 loquimini,
1294 1220 1427 1265 recte
1443 1215 1684 1280 judicate

1779 529 2071 590 venenum
2082 518 2142 568 in
2159 517 2345 590 furore
2359 530 2575 571 eorum.
2590 523 2737 575 Audi
2753 525 2923 588 cujus
2937 527 3219 590 serpentis
3236 528 3375 576 furor

1777 587 1837 639 in
1866 588 1976 638 illis
1999 592 2137 640 erat.
2166 588 2313 638 Sicut
2345 591 2551 652 aspidis
2578 595 2771 657 surdas,
2809 587 2855 643 et
2890 587 3197 646 obtunantis
3213 613 3373 647 aures

1775 674 1918 709 suas.
1944 658 2077 709 Ideo
2099 659 2312 722 surdm,
2337 660 2474 721 quia
2489 662 2718 714 obturat
2740 678 2910 717 aures
2936 679 3092 718 suas.

1840 730 1892 784 6.
1932 730 2057 787 Quae
2092 744 2199 778 non
2226 731 2477 779 exaudiet
2509 746 2682 781 vocem
2711 735 3139 799 incantantium,
3164 744 3211 788 et
3232 754 3378 789 vene-

1776 802 1866 864 fici
1889 802 2224 850 incantantis
2246 802 2529 865 sapienter.
2557 804 2663 854 Hic
2683 804 2815 857 data
2830 812 2917 858 est
2932 809 3203 871 quadam
3221 811 3376 862 simi-

1780 872 1962 945 litudo
1984 872 2057 923 de
2074 873 2279 924 Marso.
2305 873 2413 934 Qui
2435 873 2709 945 incantat,
2722 881 2789 945 ut
2804 876 3009 930 educat
3022 881 3283 945 aspidem
3305 881 3376 933 de

1781 943 2087 994 tenebrosa
2107 954 2373 1004 caverna,
2400 944 2601 1007 utique
2635 944 2697 995 in
2730 944 2917 998 lucem
2952 949 3079 1001 vult
3095 943 3372 1003 educere.

1780 1012 1883 1064 Illa
1909 1018 2103 1065 autem
2125 1013 2374 1065 amando
2396 1026 2676 1066 cavernas
2693 1028 2850 1077 suas,
2865 1018 3077 1081 quibus
3094 1033 3156 1072 se
3173 1024 3379 1073 involu-

1782 1088 1900 1135 tam
1924 1084 2191 1155 occultat,
2215 1084 2439 1155 dicitur,
2463 1086 2617 1149 quod
2654 1099 2789 1138 cum
2818 1088 2973 1141 exire
3016 1088 3282 1155 noluerit,
3303 1106 3384 1145 re-

1783 1166 1997 1205 cusans
2007 1154 2205 1206 audire
2224 1154 2550 1220 illasvoces,
2562 1157 2775 1220 quibus
2792 1170 2855 1210 se
2867 1159 2993 1222 cogi
3011 1162 3202 1224 sentit,
3217 1154 3384 1211 allidit

1780 1237 1962 1277 unam
1994 1224 2167 1291 284
2199 1236 2386 1278 aurem
2414 1231 2597 1287 terras,
2623 1232 2682 1279 et
2703 1228 2776 1280 de
2789 1230 2975 1282 cauda
2994 1231 3225 1284 obturat
3250 1232 3384 1285 alte-

74 1292 186 1371 ίίῑίί
212 1293 614 1371 (nominantes:
638 1291 687 1371 §i
709 1290 862 1371 ᾁξοεὶῐ
880 1307 890 1337 ε
910 1290 1028 1371 V98
1050 1288 1258 1371 υςὶωί·
1290 1288 1393 1371 (Ιιιξ
1419 1287 1559 1339 estis
1782 1309 1923 1347 ram.
1960 1285 2157 1371 Atq‘ue-
2173 1297 2253 1371 ita
2277 1285 2614 1371 vocesillas,
2639 1304 2920 1362 quantum
2956 1306 3146 1365 potest
3166 1304 3381 1366 evitans,

75 1363 406 1442 hominum,
438 1363 536 1442 qui
569 1361 789 1442 debetis
813 1372 942 1442 esse
970 1360 1533 1442 imittttol‘egpatqum
1555 1370 1689 1439 V68:
1785 1379 1904 1442 non
1931 1367 2052 1417 exit
2073 1366 2145 1442 ad
2169 1368 2578 1442 incantantem.
2602 1360 2751 1421 Huic
2768 1360 2985 1423 similes
3001 1372 3147 1424 dixit
3163 1360 3381 1435 Spiritus

72 1437 305 1515 troru_m
348 1434 756 1515 prophetarum
800 1430 1217 1515 rationabiliter,
1234 1430 1603 1515 viventium:
1624 1430 1688 1515 ff
1786 1438 1889 1515 I_)ei
1912 1437 2194 1515 quosdam
2214 1451 2330 1490 non
2353 1438 2654 1515 audientes
2677 1441 2919 1515 verbum
2941 1444 3045 1495 Dei
3060 1430 3378 1505 (Matth.25.

76 1520 199 1587 vere
232 1504 530 1587 loquimini
551 1503 825 1587 justitiam
850 1502 921 1587 in
956 1501 1163 1587 l‘egeget
1193 1501 1488 1587 prophetis
1515 1500 1683 1587 (quod

1791 1509 1913 1587 Luc:
1934 1500 2087 1587 1-1),⁸
2114 1512 2173 1560 et
2200 1521 2318 1587 non
2345 1509 2534 1587 solum
2558 1523 2671 1587 non
2694 1512 2991 1587 facientes,
3019 1500 3120 1567 sed
3145 1516 3381 1567 omnino

76 1576 285 1655 υῑῖεζιῆθ
324 1575 726 1655 ἰδοῖιὶελμᾯορθ
768 1572 1043 1655 ῘΒάἱεβιθ,
1090 1572 1257 1655 idest,
1293 1572 1597 1655 discerni-te
1632 1574 1691 1622 et
1788 1592 1861 1632 ne
1885 1579 2114 1655 faciant,
2147 1580 2346 1632 audire
2382 1581 2665 1655 nolentes.
2688 1585 2780 1655 Alta
2802 1584 2918 1641 isti,
2943 1572 3076 1637 cum
3100 1587 3382 1651 praedica-

74 1646 317 1726 credite,
341 1646 476 1726 quia
498 1644 760 1726 Christus
780 1644 1062 1726 Dominus
1085 1644 1416 1726 noster‘ipse
1428 1646 1518 1723 est
1539 1644 1683 1723 Deus.

1791 1656 1961 1726 tores,
2011 1650 2209 1701 volunt
2244 1663 2343 1703 eos
2378 1652 2449 1703 de
2482 1653 2659 1726 fovea,
2684 1653 2878 1726 idest,
2901 1655 2973 1707 de
2994 1644 3383 1720 proi‘unditate

76 1718 254 1768 Hunc
277 1718 434 1791 enim
461 1716 627 1791 vobis
652 1714 1041 1791 _commendat
1059 1718 1128 1791 et
1139 1713 1439 1791 prophetat
1454 1713 1681 1791 justitia

1791 1713 2051 1773 vitiorum
2069 1733 2305 1773 suorum
2328 1713 2651 1785 extrahere,
2670 1713 3033 1788 ethoc,'quod
3055 1733 3383 1791 peccatores

77 1793 299 1840 vestrm
322 1787 485 1852 legis.
502 1786 625 1850 Vel,
644 1787 787 1835 Recte
794 1785 1053 1849 judicate,
1077 1784 1460 1847 idest,vivite,
1485 1787 1679 1833 discer—

80 1864 297 1910 nentes
334 1858 552 1909 bonum
587 1869 622 1908 a
653 1856 826 1915 malo,
857 1854 1177 1907 secundum
1194 1855 1481 1918 justitiam
1505 1866 1680 1917 quam

74 1929 405 1993 loquimini.
430 1930 575 1980 Nam
599 1929 750 1979 bona
765 1925 1171 1990 loqui,etmala
1192 1936 1379 1989 agere,
1399 1924 1683 1988 judicium

79 2000 475 2053 damnationis
521 2003 624 2051 est.
673 1998 837 2050 Unde
878 2002 937 2049 et
972 1997 1096 2060 ipsa
1131 1998 1359 2048 Veritas
1383 1997 1685 2048 Pharisaais

79 2074 160 2124 ait
184 2088 195 2120 :
237 2071 584 2136 Hypocritte,
602 2068 892 2133 quomodo
915 2067 1158 2133 potestis
1183 2068 1332 2120 bona
1353 2067 1530 2131 loqui,
1554 2080 1686 2118 cum

86 2143 215 2193 sitis
242 2142 379 2193 mali
402 2142 614 2203 (Matth.
642 2140 749 2203 12.)
772 2143 799 2191 ?

145 2213 196 2268 3.
228 2214 445 2264 Etenim
481 2214 543 2261 in
566 2212 720 2262 corde
744 2212 1059 2276 iniquitates
1078 2212 1403 2276 operamini,
1436 2211 1498 2260 in
1522 2215 1684 2260 terra.

89 2283 267 2352 283
293 2286 628 2348 Iniquitates
650 2285 709 2336 in
733 2284 902 2337 corde
924 2284 1163 2349 operari,
1180 2288 1272 2336 est
1286 2284 1495 2336 malam
1518 2296 1687 2343 gerere

81 2357 467 2408 voluntatem.
497 2355 785 2408 Voluntas
808 2356 961 2406 enim
991 2367 1169 2419 prava
1189 2354 1343 2419 apud
1367 2356 1550 2406 Deum
1567 2364 1690 2417 pro-

82 2428 233 2479 facto
262 2432 580 2491 reputatur.
620 2419 689 2478 Et
714 2428 858 2479 bene
884 2427 983 2491 ait,
1009 2428 1071 2475 In
1105 2432 1269 2486 terra,
1300 2425 1358 2476 id
1383 2428 1489 2487 est,
1517 2429 1689 2475 terre-

78 2500 172 2550 nis
197 2498 566 2551 inhmrentes.
595 2500 761 2559 Nam,
789 2510 920 2549 cum
945 2498 1005 2548 in
1036 2501 1185 2549 terra
1201 2509 1299 2549 cor
1325 2496 1540 2561 figitur,
1557 2494 1690 2546 inde

79 2569 361 2633 iniquitas
380 2570 437 2621 in
454 2568 624 2621 corde
641 2572 963 2633 generatur.
988 2569 1047 2616 In
1047 2568 1291 2631 justitias
1301 2580 1499 2616 manus
1514 2571 1691 2615 vestrae

80 2640 504 2690 concinnanl.ld
518 2640 826 2703 est,pravis
843 2639 1243 2691 voluntatibus
1259 2650 1455 2703 pravm
1470 2640 1691 2686 actiones

80 2715 297 2764 vestras
330 2710 695 2763 concordant.
731 2709 835 2761 Vel
880 2710 1192 2773 injustitias
1224 2722 1431 2761 manus
1460 2707 1688 2760 concin-

80 2796 243 2839 nare.
269 2786 360 2834 est
392 2782 641 2846 injustas
665 2781 923 2833 actiones
946 2781 1178 2844 injustis
1194 2792 1521 2844 aggregare.
1545 2782 1693 2827 Juxta

78 2854 241 2918 quod
260 2852 396 2904 alibi
419 2866 516 2917 per
535 2851 897 2904 Psalmistam
926 2852 1154 2912 dicitur,
1181 2854 1421 2915 Appone
1445 2853 1694 2911 iniquita-

80 2931 198 2977 tem
224 2936 399 2988 super
424 2923 786 2986 iniquitatem
807 2935 1023 2983 eorum,
1043 2924 1100 2974 et
1114 2934 1230 2973 non
1242 2922 1460 2973 intrent
1474 2921 1534 2971 in
1546 2921 1696 2980 justi.

82 2996 226 3048 tiam
251 2999 413 3046 tuam
450 2994 617 3055 (Psat.
659 2991 786 3056 68.).
824 2995 893 3044 Et
907 2992 1081 3056 juxta
1101 2994 1411 3044 Joannem:
1439 2991 1546 3053 Qui
1570 3002 1694 3041 sor-

79 3066 260 3119 didus
300 3069 406 3128 est,
441 3064 734 3117 sordescat
754 3064 945 3115 adhuc
977 3064 1157 3128 (Apoc.
1182 3060 1291 3126 2‘2).
1320 3062 1535 3115 Deinde
1564 3073 1696 3113 con-

83 3136 265 3188 vertit
302 3148 363 3186 se
389 3135 461 3186 ad
485 3135 795 3197 auditores,
820 3138 996 3197 atque
1021 3147 1221 3186 eorum
1247 3146 1494 3186 errorem
1520 3136 1578 3184 et
1598 3131 1696 3183 du.

1709 1812 1764 1885 B
1786 1796 2246 1885 italiam}???
2282 1792 2453 1885 (924?
2484 1794 2865 1885 flmf‘EPifFi
2883 1798 3383 1885 Permesse

1786 1862 2074 1915 manduca
2120 1862 2253 1927 [Act.
2306 1864 2435 1929 10.))
2481 1869 2539 1917 et
2582 1877 2890 1929 venenum,
2932 1868 2992 1919 id
3021 1873 3127 1932 est,
3153 1874 3384 1933 peccata

1786 1934 1922 1986 inde
1944 1934 2270 1987 extrahere:
2297 1935 2405 1999 ipsi
2421 1935 2680 1988 nolentes
2696 1937 2996 1990 veritatem
3018 1942 3279 2005 obaudire,
3295 1944 3381 1989 sed

1788 2007 1848 2057 in
1872 2005 2033 2057 fovea
2052 2018 2158 2057 sua
2178 2011 2596 2072 permanentes,
2627 2008 2701 2059 ad
2726 2020 2922 2060 veram
2946 2010 3137 2061 lucem
3161 2013 3384 2072 aspirare

1787 2076 2069 2140 nolentes,
2114 2076 2351 2128 alteram
2394 2088 2592 2129 aurem
2615 2078 2804 2130 cordis
2827 2083 3013 2142 terrai,
3044 2080 3212 2139 idest,
3241 2093 3385 2144 prai-

1788 2147 1940 2199 senti
1962 2147 2323 2199 delectationi
2342 2152 2639 2212 apponunt
2660 2149 2918 2202 :alteram
2937 2162 3074 2203 vero
3094 2151 3281 2203 cauda
3294 2153 3387 2203 ob-

1790 2222 2003 2281 iurant,
2026 2217 2083 2268 id
2099 2221 2205 2281 est,
2222 2220 2495 2270 memoria
2516 2220 2936 2282 praeteritarum
2981 2223 3383 2272 delectationum.

1790 2290 1917 2340 Non
1940 2288 2069 2339 ideo
2100 2288 2208 2349 (Ea:
2229 2288 2551 2352 Augustino)
2587 2289 2726 2342 dicit
2761 2289 3062 2354 Sapienter,
3108 2296 3175 2343 ut
3198 2292 3389 2345 incan-

1792 2359 2068 2412 tationem
2091 2357 2304 2421 laudet,
2341 2358 2441 2410 sed
2453 2359 2525 2411 ad
2543 2360 2979 2413 similitudinem
2995 2362 3164 2415 valet.
3184 2367 3384 2413 Factum

1790 2434 1881 2483 est
1906 2430 2038 2494 hoc,
2063 2433 2123 2481 et
2147 2430 2209 2481 in
2241 2430 2439 2494 primis
2461 2432 2815 2496 temporibus
2858 2432 3008 2485 fidei.
3060 2434 3388 2499 Stephanus

1790 2506 2010 2564 martyr
2036 2499 2387 2565 praedicabat
2410 2502 2711 2553 veritatem
2743 2504 2877 2565 (Act.
2904 2502 2995 2565 6.).
3025 2509 3082 2556 et
3112 2510 3388 2569 tanquam

1790 2572 2115 2625 tenebrosis
2139 2572 2451 2633 mentibus,
2474 2576 2538 2622 ut
2567 2585 2664 2624 eas
2695 2573 2757 2624 in
2780 2574 2970 2627 lucem
2995 2575 3285 2637 educeret,
3302 2577 3391 2627 in-

1792 2643 2079 2693 cantabat.
2106 2640 2213 2693 Ubi
2248 2642 2409 2692 venit
2430 2640 2503 2692 ad
2526 2645 3133 2696 commemorationem
3157 2647 3387 2709 Christi,

1792 2724 1962 2775 quem
1990 2711 2067 2761 illi
2092 2711 2327 2762 omnino
2359 2711 2557 2762 audire
2580 2711 2815 2777 nollent,
2839 2713 2977 2777 quid
3002 2715 3071 2766 de
3094 2716 3179 2767 eis
3201 2717 3391 2781 Scrip-

1793 2786 1922 2834 tura
1954 2781 2129 2833 dicit?
2144 2781 2486 2832 Clauserunt
2511 2782 2730 2845 (inquit)
2760 2795 2930 2836 aures
2950 2797 3105 2837 suas.
3125 2787 3272 2849 Quid
3284 2799 3389 2838 au-

1791 2856 1909 2905 tem
1932 2858 2131 2917 postea
2153 2852 2445 2904 fecerunt?
2488 2853 2686 2904 Passio
2723 2854 2992 2919 Stephani
3030 2859 3259 2908 narrata
3289 2858 3391 2909 dc-

1793 2924 1969 2975 clarat
1989 2923 2121 2986 (Act.
2146 2922 2236 2986 7.).
2267 2925 2392 2975 Non
2414 2928 2577 2975 erant
2603 2924 2782 2987 surdi,
2807 2925 2910 2977 sed
2927 2926 3135 2978 surdos
3159 2940 3223 2980 se
3248 2928 3390 2980 fece-

1792 2999 1941 3046 runt.
1962 2993 2063 3056 Illi,
2088 2994 2346 3057 inquam,
2374 2993 2548 3046 locuti
2574 2999 2714 3047 sunt
2738 2994 2897 3056 falsa,
2928 2997 3030 3050 sed
3053 2999 3193 3062 quid
3222 2999 3392 3053 faciet

1794 3067 1953 3117 Deus
1966 3067 1993 3116 ‘2
2018 3064 2170 3116 Audi
2193 3064 2519 3127 sequentia.

1856 3135 1908 3189 7.
1951 3136 2091 3185 Deus
2125 3139 2350 3185 conteret
2394 3135 2570 3185 dentes
2601 3150 2788 3187 eorum
2814 3137 2877 3187 in
2913 3153 3001 3189 ore
3039 3139 3303 3205 ipsorum.
3328 3142 3392 3195 Id

81 3205 511 3301 ritiammggr‘d‘is
539 3205 1441 3301 ostendit,“utﬁt-tud‘it’oﬂquisqnue
1457 3207 1687 3301 caveat,
1716 3226 1766 3301 Β
1792 3212 1898 3269 est,
1933 3208 2193 3288 destruet
2213 3206 2532 3301 “mordaces
2564 3209 2915 3301 quaestiones
2938 3210 2998 3301 in
3023 3213 3391 3276 responsione

83 3293 158 3331 ne
197 3277 460 3328 similiter
480 3290 679 3328 errans
709 3277 971 3327 similiter
995 3280 1208 3341 pereat.
1234 3276 1330 3327 Ait
1353 3288 1488 3339 ergo
1518 3292 1528 3323 :

146 3350 200 3403 4.
241 3348 478 3397 Alienati
500 3352 626 3396 sunt
645 3352 940 3412 peccatores
984 3362 1018 3395 a
1052 3346 1230 3407 vulva,
1258 3345 1315 3396 id
1338 3349 1446 3405 est,
1472 3346 1544 3396 ab
1569 3345 1693 3409 ipsa

81 3419 422 3484 egressione
448 3436 458 3467 :
480 3422 797 3467 errat-erunt
817 3417 882 3465 ab
903 3422 1074 3481 utero,
1100 3416 1209 3467 hoc
1231 3421 1321 3467 est
1338 3417 1411 3466 ab
1424 3415 1547 3479 ipsa
1564 3428 1694 3466 con.

78 3492 364 3556 ceptione.
405 3488 589 3539 Loculi
630 3493 756 3537 sunt
805 3488 965 3550 falsa.
1015 3487 1236 3538 Relicta
1276 3487 1535 3538 veritate.
1567 3489 1692 3537 Non

78 3563 189 3613 hoc
207 3561 289 3612 ita
312 3559 708 3623 accipiendum
734 3563 841 3622 est,
861 3563 925 3609 ut
949 3571 1049 3609 eos
1066 3558 1127 3609 in
1149 3562 1311 3609 utero
1344 3558 1546 3607 matris
1571 3568 1693 3608 suae

78 3643 304 3684 errasse
323 3629 716 3694 intelligamus
750 3644 763 3680 :
792 3642 979 3693 neque
1004 3629 1158 3680 enim
1183 3633 1322 3680 tunc
1349 3631 1540 3692 potest
1562 3640 1694 3680 esse

76 3715 226 3768 puer
243 3712 423 3766 capax
450 3714 686 3764 sensus,
707 3704 810 3752 aut
838 3700 1183 3752 intellectus.
1206 3699 1316 3751 Sed
1340 3699 1417 3750 ita
1442 3699 1695 3751 sentien-

76 3774 221 3824 dum
246 3779 355 3835 est,
385 3771 539 3836 quod
564 3771 935 3835 omnipotens
963 3772 1118 3821 Deus
1144 3770 1216 3821 ab
1240 3770 1367 3833 ipso
1383 3773 1546 3821 utero
1559 3774 1693 3821 ante

81 3857 261 3908 quam
284 3846 615 3906 nascantur,
642 3840 1082 3907 prtecognoscit,
1108 3840 1208 3903 qui
1244 3840 1532 3903 peccaturi
1557 3844 1695 3891 sunt

76 3918 263 3978 atque
307 3915 366 3966 in
412 3926 598 3966 errore
642 3917 701 3963 et
729 3911 978 3963 falsitate
1001 3911 1387 3975 permansuri.
1411 3911 1554 3961 Hinc
1581 3915 1691 3975 est,

82 3985 245 4049 quod
289 3998 421 4037 cum
455 3984 644 4036 adhuc
688 3994 1005 4047 praignans
1032 3987 1192 4034 esset
1213 3983 1487 4039 Rebecca,
1513 3986 1572 4033 et
1594 3994 1695 4045 ge-

73 4058 273 4108 minos
296 4061 456 4109 utero
489 4060 755 4120 portaret,
781 4055 1001 4105 dictum
1024 4058 1117 4105 est
1134 4072 1144 4102 :
1159 4054 1337 4105 Jacob
1353 4053 1547 4116 dilexi,
1568 4056 1694 4101 Esau

73 4133 279 4179 autem
303 4127 433 4178 odio
463 4126 639 4177 habui
668 4126 818 4187 (Gen.
844 4122 961 4186 25.;
994 4124 1153 4173 Rom.
1181 4122 1272 4185 9.).
1290 4123 1593 4176 Occultum
1616 4123 1695 4173 ibi

70 4197 365 4262 judicium
380 4197 502 4259 Dei,
526 4201 582 4247 et
606 4196 731 4246 ideo
764 4194 950 4259 magis
982 4192 1322 4245 timendum.
1354 4192 1533 4244 Aliter
1558 4205 1695 4244 nas-

76 4268 462 4320 cunturinter
495 4268 717 4319 viscera
742 4266 1012 4318 Ecclesiae
1037 4264 1258 4330 parvuli
1287 4281 1298 4312 :
1331 4264 1556 4315 Bonum
1582 4267 1694 4329 est,

79 4342 148 4391 ut
170 4339 403 4391 formati
426 4342 654 4397 exeant,
682 4350 753 4388 ne
787 4338 859 4387 ab
880 4341 1007 4387 ortu
1035 4336 1321 4386 labantur.
1355 4334 1600 4386 Generet
1641 4336 1696 4386 te

73 4413 294 4469 mater,
322 4422 439 4461 non
463 4409 722 4460 abortiat.
751 4408 982 4459 Patiens
1013 4411 1156 4470 esto,
1179 4417 1480 4468 usquequo
1495 4405 1699 4456 forme-

77 4482 181 4532 ris.
211 4482 468 4531 Teneant
491 4484 545 4532 te
560 4484 822 4531 materna
844 4479 1085 4551 viscera,
1110 4481 1595 4551 usquequocerta
1618 4474 1698 4551 sit

82 4552 145 4602 in
174 4555 233 4603 te
257 4551 517 4603 doctrina
540 4551 815 4602 veritatis.
838 4549 1100 4600 Siautem
1112 4548 1469 4613 impatientia
1483 4552 1544 4599 tu
1562 4548 1691 4600 con;

1792 3290 1991 3330 eorum
2030 3295 2040 3326 :
2084 3277 2232 3329 sicut
2282 3277 2558 3341 scriptum
2605 3283 2713 3340 est,
2764 3279 2836 3331 de
2887 3281 3098 3334 tributo
3148 3284 3391 3336 Caesaris

1789 3350 2000 3412 (Matth.
2047 3347 2173 3412 22.).
2222 3348 2369 3411 Quid
2414 3354 2503 3400 est
2539 3349 2601 3397 in
2638 3364 2727 3399 ore
2750 3350 3035 3414 ipsorum?
3057 3356 3132 3406 Ut
3164 3367 3261 3407 ore
3286 3369 3391 3407 suo

1789 3424 1988 3472 contra
2014 3432 2076 3471 se
2102 3419 2555 3484 pronuntiarent.
2587 3421 2784 3485 Coegit
2810 3422 2965 3473 enim
2989 3422 3136 3487 illos,
3171 3438 3267 3478 ore
3284 3440 3391 3479 suo

1793 3492 2139 3543 sententiam
2155 3491 2307 3549 dare,
2319 3490 2475 3541 unde
2497 3490 2701 3543 dentes
2716 3504 2914 3543 eorum
2939 3499 3388 3549 contererentur.

1793 3563 1934 3613 Cum
1959 3561 2114 3614 enim
2136 3561 2409 3622 dicerent,
2443 3561 2503 3611 in
2523 3574 2765 3615 nummo
2788 3575 2918 3615 esse
2940 3564 3252 3629 imaginem
3276 3570 3393 3620 Cte-

1794 3633 2031 3696 saris,et
2053 3632 2338 3685 Dominus
2354 3644 2487 3696 quae
2513 3633 2757 3685 Caesaris
2782 3638 2935 3696 sunt,
2957 3636 3165 3688 Ctesari
3189 3641 3246 3689 et
3257 3651 3391 3702 qua)

1793 3704 1893 3754 Dei
1915 3705 2071 3766 sunt,
2092 3704 2211 3754 Deo
2234 3703 2557 3767 persolvere
2579 3704 2948 3768 prtecepisset
2980 3721 2993 3756 :
3032 3719 3149 3758 non
3176 3708 3387 3762 habue-

1792 3775 1931 3825 runt
1967 3774 2105 3838 quid
2142 3773 2558 3838 responderent
2606 3774 2798 3838 (Ibid),
2845 3775 2999 3827 unde
3041 3780 3388 3843 morderent,

1794 3845 1929 3909 quia
1955 3844 2186 3897 contriti
2207 3848 2368 3896 erant
2389 3844 2591 3896 dentes
2608 3857 2804 3896 eorum
2821 3845 2881 3897 in
2903 3848 3282 3912 oreipsorum.
3301 3852 3393 3902 Sic

1794 3921 1850 3967 et
1872 3915 1944 3966 de
1965 3915 2205 3967 Joannis
2231 3914 2576 3985 baptismate
2598 3914 2886 3979 inquisiti.
2912 3919 3391 3985 nescieruntquid

1790 3988 2207 4050 responderent
2230 3985 2443 4045 (Matth.
2472 3984 2597 4047 21.).
2612 3986 2859 4049 Aspides
2875 4000 3011 4051 ergo
3022 3994 3231 4042 eruntJ
3236 3984 3387 4054 adesi,

1795 4056 2026 4120 quando
2049 4055 2473 4106 insidiabantur
2495 4055 2739 4119 Christo,
2764 4056 3057 4111 insibilare
3079 4065 3136 4112 et
3170 4074 3393 4115 venena

1792 4128 2103 4178 immittere
2118 4124 2421 4177 molientes
2444 4143 2455 4173 :
2479 4125 2582 4176 sed
2597 4127 2825 4177 contriti
2844 4133 2984 4179 sunt
2996 4129 3201 4183 dentes
3216 4148 3387 4182 eorum

1793 4198 1853 4249 in
1876 4210 1973 4249 ore
1996 4197 2496 4265 ipsoruthostea
2511 4194 2919 4255 clamaverunt,
2944 4200 3240 4265 Cruciflge,
3254 4216 3387 4256 cru-

1795 4268 1960 4332 ciﬁge
1999 4267 2170 4331 (Joan.
2228 4264 2333 4326 19.)
2374 4268 2504 4318 Jam
2546 4278 2662 4317 non
2694 4272 2786 4318 est
2807 4266 3002 4331 lingua
3021 4264 3257 4335 aspidis,
3284 4276 3385 4325 sed

1794 4339 2057 4390 fremitus
2081 4336 2281 4389 leonis.
2307 4335 2417 4388 Sed
2437 4336 2609 4386 molas
2633 4336 2847 4386 leonum
2865 4338 3165 4403 confringet
3199 4342 3390 4393 Domi-

1794 4424 1918 4460 nus.
1949 4410 2106 4460 Sicut
2127 4419 2230 4471 per
2253 4406 2456 4459 dentes
2479 4407 2791 4471 accipimus
2811 4407 3141 4462 mordentes
3167 4417 3387 4473 questio-

1794 4492 1930 4532 nes:
1965 4480 2045 4531 ita
2066 4490 2167 4543 per
2188 4477 2370 4529 molas
2394 4476 2768 4541 intelligimus
2791 4477 3049 4531 fortiores
3072 4484 3386 4537 alacriores

1798 4550 1870 4602 de
1912 4554 2095 4601 morte
2131 4548 2339 4599 Christi
2366 4547 2784 4610 persuasiones.
2808 4548 2969 4600 Prius
2992 4550 3211 4603 occulte
3233 4553 3386 4605 deci-

73 4622 344 4674 cusseris
368 4622 588 4673 viscera
612 4620 829 4676 matris,
868 4633 1001 4671 cum
1038 4587 1230 4671 dolore
1269 4618 1501 4684 quidem
1523 4623 1578 4670 te
1595 4631 1694 4669 ex—
1715 4587 1773 4660 D
1802 4634 1931 4687 pere
1948 4626 2221 4684 tanquam
2236 4587 2467 4683 aspides
2484 4619 2801 4690 tentabant,
2816 4587 3380 4690 posthBvuﬁiwcé‘Ké-

74 4694 232 4743 cutit
267 4692 436 4755 foras,
468 4692 571 4744 sed
598 4697 701 4743 tuo
726 4691 910 4756 magis
934 4689 1101 4753 malo,
1126 4702 1298 4753 quam
1316 4690 1691 4751 suo.Quieru-

79 4764 247 4815 ditus
270 4769 361 4814 est
388 4764 449 4814 in
478 4762 754 4825 doctrina,
778 4766 838 4813 et
858 4773 971 4813 non
986 4761 1183 4821 credit,
1212 4766 1314 4812 aut
1348 4760 1497 4812 male
1524 4760 1687 4822 vivit,

76 4847 113 4885 a
144 4834 328 4886 vulva
354 4835 646 4899 egreditur
668 4839 942 4896 tanquam
976 4832 1382 4894 formatus,sed
1394 4831 1689 4896 repellitur

81 4910 373 4968 tanquam
396 4905 637 4957 alienus.
664 4904 771 4966 Qui
793 4903 991 4967 incipit
1013 4903 1242 4965 erudiri,
1261 4908 1318 4954 et
1332 4904 1590 4953 nondum
1615 4902 1688 4953 ad

78 4975 329 5039 plenum
372 4976 613 5027 edoctus
645 4987 679 5026 a
709 4974 980 5026 societate
1003 4978 1335 5025 sanctorum
1359 4974 1647 5037 egreditur
1672 4988 1683 5023 ε

74 5046 176 5096 hic
205 5050 491 5110 tanquam
514 5046 813 5098 abortivus
828 5046 901 5096 ab
919 5048 1079 5095 utero
1092 5045 1288 5095 Matris
1307 5043 1572 5096 Ecclesia:
1585 5046 1632 5107 ej
1642 5044 1687 5094 i-

75 5116 236 5167 citur
280 5117 425 5179 Quia
448 5130 581 5182 ergo
596 5116 805 5180 Judaii,
820 5128 893 5168 ex
916 5129 1031 5179 quo
1046 5118 1255 5179 Legem
1272 5120 1683 5179 cognoverunt,

74 5199 111 5236 a
136 5185 257 5237 fide
286 5192 344 5238 et
361 5188 588 5250 justitia
612 5187 796 5252 ipsius
822 5187 1277 5250 maternaeLegis
1297 5190 1682 5237 recesserunt:

70 5262 241 5309 recte
264 5258 338 5310 de
362 5259 447 5310 eis
471 5271 628 5310 nunc
662 5258 871 5309 dicitur
894 5272 907 5307 :
935 5254 1279 5309 Erraverunt
1302 5258 1628 5320 peccatores
1652 5269 1688 5308 a

74 5327 277 5379 vulva.
306 5330 450 5391 Quia
472 5342 609 5381 vero
642 5330 836 5380 minus
863 5340 1100 5393 capaces
1128 5327 1362 5391 quidam
1385 5340 1459 5378 ex
1484 5327 1686 5379 eodem

76 5399 298 5464 p0pulo
322 5400 536 5452 erudiri
560 5403 1028 5464 contempserunt
1058 5413 1070 5447 :
1098 5398 1315 5449 dictum
1346 5402 1437 5449 est
1459 5398 1529 5450 de
1553 5397 1684 5462 illis,

76 5472 431 5522 Erraverunt
473 5471 546 5521 ab
591 5472 771 5521 utero.
798 5472 867 5521 Et
891 5469 1025 5533 quia
1046 5468 1273 5520 alienati
1296 5472 1433 5519 sunt
1456 5473 1513 5520 et
1535 5480 1687 5519 erra-

72 5546 312 5603 verunt,
347 5541 479 5592 ideo
524 5540 699 5592 locuti
750 5544 887 5591 sunt
925 5539 1079 5591 falsa.
1110 5539 1216 5600 Qui
1240 5538 1394 5589 enim
1418 5538 1686 5601 relinquit

74 5610 409 5675 veritatem,
434 5623 672 5663 necesse
696 5614 786 5661 est
807 5614 873 5662 ut
894 5609 1162 5673 loquatur
1194 5608 1517 5660 falsitatem.
1545 5611 1685 5660 Ecce

70 5681 147 5733 ad
188 5686 472 5745 quantam
498 5681 794 5732 vesaniam
819 5681 1176 5733 devenerunt
1206 5681 1480 5731 errantes.

143 5750 200 5805 5.
250 5754 430 5803 Furor
474 5751 586 5801 illis
622 5753 914 5801 secundum
954 5749 1371 5800 similitudinem
1407 5752 1680 5815 serpentis.

72 5829 251 5879 Error
274 5835 481 5877 eorum
501 5834 707 5875 versus
731 5827 818 5875 est
838 5823 898 5874 in
928 5820 1324 5884 furorem,non
1342 5821 1680 5882 humanum,

378 5913 672 5969 PATROL.
712 5912 876 5971 XXI.

1793 4697 1931 4744 runt
1978 4692 2040 4743 in
2062 4695 2304 4743 mortem
2329 4689 2534 4740 Christi
2558 4694 2751 4754 aperte
2776 4689 3051 4756 frendere,
3077 4696 3141 4745 ut
3167 4689 3380 4761 leones,

1787 4763 2110 4815 Cruciﬂxus
2134 4766 2241 4825 est,
2266 4761 2594 4825 resurrcxit,
2608 4761 2870 4813 ascendit
2892 4762 2951 4814 in
2974 4764 3384 4831 caalum,glori-

1787 4834 1990 4886 ficatus
2006 4836 2112 4891 est,
2129 4833 2401 4884 adoratus
2422 4833 2496 4883 ab
2525 4832 2869 4894 hominibus,
2888 4845 2921 4885 a
2948 4836 3194 4899 regibus.
3216 4840 3383 4894 Molte

1787 4916 1921 4969 ergo
1943 4904 2175 4955 leonum
2201 4902 2509 4954 confractae
2532 4906 2687 4964 sunt,
2709 4902 2767 4953 id
2791 4907 2895 4962 est,
2913 4907 3309 4962 accusationes
3324 4917 3385 4964 et

1786 4975 1929 5026 falsa
1952 4972 2294 5035 testimonia,
2319 4984 2452 5046 quae
2470 4973 2591 5037 jam
2615 4972 2899 5046 adversus
2928 4974 3217 5030 Christum
3248 4995 3379 5046 pro-

1785 5046 1927 5097 ferre
1950 5058 2063 5096 non
2085 5046 2344 5107 possunt.
2381 5045 2462 5096 De
2485 5045 2698 5108 quibus
2730 5044 2920 5096 adhuc
2945 5048 3212 5103 subditur
3239 5067 3253 5103 :

1846 5114 1896 5169 8.
1920 5116 2008 5165 Ad
2034 5115 2277 5165 nihilum
2300 5115 2576 5165 devenient
2598 5121 2864 5180 tanquam
2887 5132 3037 5181 aqua
3073 5121 3377 5176 decurrens.

1785 5188 2000 5239 Omnes
2014 5186 2245 5248 superbi
2268 5191 2324 5237 et
2352 5187 2511 5251 impii
2538 5190 2809 5239 sonantes
2832 5188 2905 5239 ad
2931 5202 3073 5241 saxa
3089 5196 3375 5257 superbia:

1785 5270 1910 5309 sum
1936 5261 2211 5321 tanquam
2232 5269 2380 5320 aqua
2402 5257 2733 5320 decurrunt,
2760 5259 2816 5310 et
2843 5258 2915 5310 ad
2939 5260 3178 5313 nihilum
3215 5264 3381 5319 deve-

1784 5328 1967 5380 niunt.
2009 5328 2256 5379 Attende
2297 5332 2695 5391 persecutores
2742 5333 3093 5393 martyrum:
3138 5346 3377 5391 sanave-

1784 5402 1922 5451 runt
1943 5398 2015 5450 ad
2039 5403 2266 5473 tempus
2291 5398 2452 5451 velut
2474 5404 2698 5473 torrens
2718 5401 3129 5473 :Cucurrerunt
3145 5404 3376 5473 inrivis,

1785 5473 2069 5533 quantum
2114 5472 2459 5533 potuerunt:
2505 5469 2701 5521 siccati
2728 5474 2865 5521 sunt
2904 5470 3030 5529 rivi,
3059 5473 3154 5525 vix
3182 5469 3375 5531 eorum

1784 5541 2063 5605 reperitur
2076 5539 2371 5591 memoria.
2389 5541 2457 5591 Et
2479 5553 2596 5592 non
2623 5539 2807 5592 solum
2828 5541 2955 5605 ipsi,
2974 5542 3072 5594 sed
3087 5547 3270 5599 totum
3289 5554 3381 5599 ιιου

1786 5610 2045 5683 secutum
2062 5610 2377 5683 adtempus
2394 5611 2717 5683 perstrepit,
2732 5612 2911 5663 currit
2927 5616 3206 5677 tanquam
3232 5636 3363 5683 aqua

1785 5681 1937 5755 Fluit
1986 5680 2067 5755 in_
2092 5680 2247 5755 vitiis
2294 5684 2352 5731 et
2387 5682 2890 5755 concupiscentiis,
2917 5695 3186 5747 quaerens
3212 5680 3386 5755 quem

1785 5751 1991 5803 trahat.
2020 5751 2144 5802 Non
2164 5750 2474 5832 timeantur
2495 5764 2630 5832 ergo
2658 5753 2816 5832 mali:
2843 5766 2961 5832 non
2975 5764 3187 5832 possunt
3213 5750 3324 5830 28
3334 5764 3386 5832 5

1790 5833 2146 5887 permanere.
2176 5822 2421 5873 Necesse
2446 5823 2652 5885 est(E:c
2665 5823 2988 5889 Augustino)
3008 5822 3393 5908 decuriati!

2967 5915 3036 5972 28
