3880 6222
583 350 689 404 875

584 459 775 510 locum
805 472 996 517 suum,
1021 458 1093 510 ad
1118 459 1291 508 ﬁnem
1315 470 1509 530 suum.
1535 459 1602 509 Et
1629 462 1819 511 tamen
1849 460 1919 510 de
1942 459 2051 512 isto
2070 463 2178 511 tor-
2202 459 2258 530 Α

584 534 745 582 rente
790 531 934 581 bibit
980 532 1135 581 Deus
1169 530 1272 590 (Ps.
1321 529 1481 592 109.).
1535 532 1603 580 Et
1640 531 1773 593 quia
1815 531 1973 591 bibit,
2004 543 2178 595 prop-

588 606 742 652 terea
764 601 1042 652 exaltavit
1071 604 1242 663 caput
1268 618 1278 647 :
1326 601 1462 663 quia
1498 613 1707 665 passus
1733 607 1841 663 est,
1886 607 2182 665 propterea

586 672 921 723 resurrexit.
946 672 1001 722 Si
1030 669 1206 721 nollet
1228 670 1421 721 bibere
1458 670 1517 721 in
1541 672 1637 722 via
1669 672 1740 723 de
1770 677 2039 732 torrente,
2065 685 2181 722 non

585 745 918 802 moreretur,
943 755 1059 792 non
1082 744 1426 804 resurgeret,
1460 754 1579 793 non
1602 741 2030 805 gloriﬁcaretur.
2058 745 2182 802 Ergo

588 813 660 863 de
683 816 932 864 torrente
954 812 1014 863 in
1040 812 1130 863 via
1152 812 1315 874 bibit,
1355 817 1653 875 propterea
1693 813 1969 864 exaltavit
1990 817 2181 876 caput.

587 884 918 935 Exaltatum
942 888 1032 933 est
1046 883 1168 946 jam
1192 888 1368 945 caput
1388 886 1679 934 nostrum:
1707 887 2027 946 sequantur
2048 896 2182 934 eum

588 955 846 1006 membra
862 966 985 1014 sua,
1001 954 1247 1004 bibendo
1261 953 1331 1004 de
1358 959 1620 1006 torrente.
1637 956 1761 1006 Non
1776 955 2017 1006 timeant
2029 969 2184 1015 aquas

588 1025 1283 1090 perstrepentes,populos
1294 1025 2021 1089 minantes,persequentes
2037 1040 2048 1076 :
2062 1028 2184 1086 quia

588 1098 770 1149 Deus:
793 1096 1026 1145 Intendit
1050 1110 1241 1145 arcum
1269 1110 1433 1144 suum
1457 1096 1621 1146 donec
1637 1098 2007 1159 inﬁrmentur.
2026 1101 2185 1145 Arcus

588 1167 691 1220 Dei
709 1172 847 1218 sunt
868 1168 1043 1219 mina
1055 1167 1177 1229 Dei,
1203 1178 1337 1229 qua
1354 1180 1473 1217 non
1490 1170 1741 1219 cessant.
1766 1167 2090 1218 Intenditur
2103 1178 2187 1217 ar-

590 1253 710 1301 cus,
728 1239 989 1290 nondum
1004 1239 1144 1290 ferit.
1161 1238 1324 1289 Multi
1337 1238 1611 1290 infirmati
1636 1239 1792 1303 sunt,
1816 1239 1999 1302 ipsius
2015 1250 2184 1289 arcus

586 1310 914 1362 intensione
934 1309 1131 1361 territi.
1162 1311 1303 1359 Nam
1329 1309 1465 1360 hinc
1487 1310 1811 1361 inﬁrmatus
1833 1314 1926 1361 est
1948 1308 2059 1369 ille,
2085 1309 2185 1371 qui

589 1380 763 1431 dixit:
792 1380 938 1443 Quid
962 1393 1056 1431 me
1076 1379 1486 1444 jubest‘acere?
1510 1382 1628 1445 Ego
1654 1393 1784 1433 sum
1808 1381 2027 1444 (inquit)
2043 1382 2184 1428 Iesus

589 1453 940 1513 Nazarenus,
967 1464 1142 1514 quem
1168 1456 1230 1502 tu
1271 1452 1633 1515 persequeris
1667 1452 1797 1515 (Act.
1822 1451 1916 1514 9.).
1940 1450 2049 1513 Qui
2071 1450 2185 1501 cla-

587 1524 785 1575 mabat
822 1524 894 1575 de
930 1524 1091 1587 calo,
1137 1534 1335 1574 arcum
1374 1523 1663 1575 tendebat.
1704 1522 1867 1574 Multi
1904 1535 2059 1586 ergo,
2085 1520 2186 1584 qui

589 1594 1069 1658 fueruntinimici,
1084 1593 1353 1646 inﬁrmati
1370 1599 1427 1646 et
1449 1594 1713 1646 conversi
1738 1594 1891 1645 sunt.
1904 1594 2187 1643 Noluerunt

587 1665 689 1717 diu
711 1666 930 1727 erigere
947 1665 1203 1717 cervices
1229 1676 1368 1716 suas
1391 1665 1672 1716 adversus
1702 1663 2185 1729 perseverantiam

588 1737 807 1789 extenti
831 1749 1021 1788 arcus.
1049 1737 1194 1787 Nam
1219 1736 1618 1787 etinﬁrmatus
1648 1739 1740 1786 est
1761 1734 1873 1798 ille,
1887 1734 1985 1798 qui
2010 1732 2183 1786 dixit:

1637 350 1905 401 RUFINO
1938 347 2404 401 PRESBYTERO
2437 347 2823 398 ASCRIPTUS
3717 352 3770 403 δτι

2283 457 2648 521 compunctio
2671 456 3048 521 pauitantia,
3076 456 3185 508 sed
3223 468 3374 509 sera
3405 461 3462 508 et
3490 457 3769 515 infructuosa

2283 530 2736 593 sicutspinarum
2755 528 3047 580 sterilitas.
3066 526 3416 580 Panitentia
3427 528 3584 588 hujus
3597 536 3769 595 temporis

2279 599 2441 651 dolor
2463 600 2817 651 medicinalis
2862 605 2970 651 est.
3018 599 3381 651 Panitentia
3420 599 3560 650 illius
3597 604 3768 665 tempatis

2280 670 2442 721 dolor
2464 670 2707 735 panalis
2737 676 2846 723 est.
2880 673 3003 721 Hoc
3040 683 3163 721 non
3190 669 3535 733 intelligunt,
3558 672 3635 733 qui
3653 680 3767 723 amant

2280 740 2431 792 hanc
2462 743 2849 793 transitoriam
2880 741 3240 805 voluptatem
3267 760 3280 790 :
3317 743 3452 803 quia
3500 743 3765 803 Super-cecidi:

2279 811 2451 875 ignis,
2477 819 2533 863 et
2553 826 2672 863 non
2696 812 2963 864 viderunt
2978 812 3183 863 solem.
3198 812 3362 875 Ignis
3380 812 3504 875 iste,
3529 812 3649 861 Sicut
3665 815 3769 861 vim.

2284 888 2371 940 tes,
2395 883 2529 931 sicut
2554 884 2613 931 in
2634 884 2723 932 ira
2754 882 2989 932 absorbet
3012 898 3119 933 eos.
3148 884 3213 934 Id
3241 887 3354 937 est.
3380 882 3627 946 deglutiet
3641 889 3679 934 et
3698 898 3769 934 vas-

2282 953 2440 1003 tabit.
2466 956 2648 1015 Quare
2683 966 2801 1005 non
2822 954 2959 1004 dicit
2989 955 3296 1015 viventes,
3330 954 3431 1005 sed
3474 954 3591 1001 sicut
3616 954 3767 1009 rium

2281 1024 2391 1074 nisi
2414 1025 2550 1087 quia
2581 1024 2725 1076 falsa
2751 1027 2841 1076 est
2874 1025 2992 1076 vita
3032 1025 3354 1089 impiorum
3380 1030 3404 1072 ?
3432 1025 3549 1075 Non
3568 1024 3678 1075 enim
3694 1038 3765 1075 res

2282 1094 2443 1153 vivit,
2469 1095 2565 1158 qui
2589 1107 2624 1146 a
2645 1095 2890 1147 Domino
2916 1101 3242 1160 separatur.
3263 1098 3337 1146 Et
3360 1107 3528 1158 quare
3543 1108 3636 1145 non
3649 1096 3766 1153 irasci

2281 1164 2417 1214 sicut
2437 1165 2499 1215 in
2523 1165 2650 1216 ira:
2684 1167 2798 1217 nisi
2822 1166 2959 1229 quia
2982 1165 3344 1229 tranquillus
3385 1166 3488 1217 hoc
3525 1165 3768 1215 facitDeus?

2284 1235 2439 1287 Sicut
2473 1237 2751 1301 scriptum
2775 1241 2903 1289 est:
2944 1239 3029 1288 Tu
3059 1242 3289 1295 autem,
3326 1236 3558 1288 Domine
3577 1236 3765 1287 virtutum.

2284 1318 2417 1357 cum
2431 1307 2839 1369 tranquillitate
2847 1306 3079 1370 judicas
3097 1307 3254 1371 (Sap.
3274 1305 3401 1367 12.).
3417 1307 3513 1357 Vel
3532 1308 3641 1355 sicut
3655 1307 3697 1352 iu
3711 1307 3765 1351 in.

2283 1378 2341 1427 et
2363 1390 2481 1427 non
2492 1377 2735 1428 dicenda
2755 1378 2978 1429 vereira
3001 1377 3076 1428 ad
3101 1377 3695 1441 comparationemejuS.
3708 1388 3765 1436 qu

2286 1452 2530 1499 ventura
2551 1454 2643 1500 est
2663 1448 2724 1498 in
2741 1448 2974 1511 judicio.
2993 1447 3162 1500 Unde
3190 1452 3396 1501 autem
3418 1448 3767 1513 puniunturmtti

2281 1516 2417 1569 inde
2437 1518 2511 1569 ad
2538 1519 2823 1583 justitiam
2864 1518 3176 1583 proﬁciunt
3211 1519 3379 1571 boni.
3417 1521 3550 1570 Nam
3570 1518 3766 1569 subditur:

2345 1606 2432 1660 11.
2459 1607 2743 1658 Laetabitur
2777 1607 2976 1672 justus,
3022 1623 3149 1657 cum
3185 1607 3385 1659 viderit
3426 1606 3764 1658 vindictamton

2284 1675 2413 1729 ideo
2424 1677 2735 1741 latabitur,
2748 1683 2813 1730 ut
2825 1690 3129 1743 pravorum
3172 1679 3437 1731 vindicta
3456 1679 3658 1742 sitjusw
3667 1690 3765 1724 causa

2284 1746 2521 1801 latitia.
2548 1749 2658 1801 Sed
2681 1749 2810 1801 ideo
2824 1748 3133 1813 latabitur,
3152 1751 3299 1813 quia
3320 1750 3443 1815 ipse
3460 1762 3566 1800 non
3583 1749 3663 1800 erit
3679 1754 3765 1807 pum

587 1808 827 1890 9.“me
868 1807 1142 1890 ίηίιτξηοτν
1191 1808 1329 1890 ius?
1365 1811 1578 1890 ,ροιθρε
1614 1819 1745 1890 εαξη
1790 1805 1857 1888 (9-
1894 1802 2174 1890 9012!?)-

2287 1831 2423 1884 ceps
2448 1832 2645 1871 eorum
2670 1832 2878 1884 pana.
2896 1802 3148 1872 Attende
3167 1802 3406 1886 poenam
3426 1802 3761 1890 malorumétiam

588 1879 807 1931 Etcum
832 1882 1020 1930 oraret
1043 1890 1077 1929 a
1108 1891 1170 1929 se
1192 1877 1312 1929 tolli
1330 1876 1630 1930 stimulum
1646 1877 1857 1938 carnis,
1880 1876 1932 1928 ei
1948 1887 2178 1939 respon-

588 1962 717 2000 sum
747 1954 863 2001 est:
886 1949 1085 2001 Virtus
1102 1949 1161 1999 in
1184 1948 1515 2001 inﬁrmitate
1532 1948 1839 2013 perﬁcitur.
1865 1947 1967 1998 Vel
1996 1947 2186 1997 inten-

586 2020 721 2071 dere
732 2032 931 2071 arcum
942 2022 1033 2071 est
1044 2018 1357 2070 vindictam
1369 2032 1690 2083 praparare
1705 2032 1717 2077 ;
1731 2018 1913 2069 donec
1925 2021 2187 2065 inﬁt-men-

585 2093 697 2153 tur,
715 2090 771 2140 id
790 2095 899 2152 est,
915 2090 1191 2153 penitusa
1212 2089 1333 2139 suis
1352 2089 1572 2140 viribus
1588 2088 1971 2148 debilitentur,
1990 2091 2055 2138 ut
2066 2089 2186 2135 ulte-

584 2161 706 2211 rius
722 2174 838 2211 non
849 2160 1080 2212 valeant
1090 2173 1293 2211 nocere
1305 2160 1491 2210 bonis.
1515 2161 1763 2210 Tantum
1780 2161 1935 2210 enim
1946 2160 2183 2219 permittit

583 2230 740 2280 Deus
765 2230 946 2280 malos
970 2231 1030 2280 in
1054 2230 1221 2280 bonis
1245 2229 1544 2289 desavire,
1579 2234 1859 2292 quantum
1883 2229 1993 2280 hoc
2016 2229 2183 2280 bonis

583 2299 746 2350 novit
780 2300 1073 2363 prodesse,
1100 2298 1192 2350 vel
1238 2299 1311 2349 ad
1355 2300 1766 2351 correctionem
1809 2312 2051 2359 morum,
2088 2298 2183 2349 Vel

583 2376 968 2432 augmentum
992 2370 1296 2429 virtutum,
1333 2369 1483 2419 sicut
1506 2370 1783 2433 scriptum
1820 2375 1907 2420 est
1931 2385 1943 2420 :
1971 2368 2182 2420 Fidelis

584 2440 759 2501 Deus,
811 2440 909 2502 qui
938 2452 1055 2490 non
1099 2440 1377 2503 permittit
1420 2452 1526 2491 vos
1559 2440 1762 2491 tentari
1795 2452 1968 2502 supra
2005 2452 2180 2502 quam

580 2509 732 2561 ferre
757 2510 1011 2574 possitis,
1039 2511 1141 2562 sed
1168 2509 1296 2561 facit
1327 2510 1496 2561 etiam
1513 2524 1586 2562 ex
1612 2511 1925 2562 tentatione
1939 2523 2179 2575 proven-

581 2584 707 2632 tum
733 2582 746 2643 (
756 2580 803 2635 1.
834 2582 953 2631 Cor.
970 2582 1095 2643 10.).
1116 2580 1277 2633 Unde
1298 2580 1488 2632 adhuc
1514 2582 1584 2633 de
1600 2582 1854 2645 reprobis
1881 2580 2172 2632 subditur:

644 2651 696 2705 9.
722 2652 872 2702 Sicut
911 2666 1050 2712 cera,
1075 2667 1191 2714 qua
1229 2652 1370 2713 ﬂuit,
1402 2652 1736 2715 auferentur.
1772 2653 1899 2703 Non
1936 2652 2017 2702 ait
2040 2664 2178 2701 con-

579 2726 895 2783 vertentur,
923 2722 1026 2774 sed
1039 2722 1375 2784 au/‘e-rentur.
1394 2724 1506 2773 Con
1516 2723 1691 2774 sumit
1705 2723 1859 2774 enim
1871 2736 1970 2774 eos
1994 2726 2176 2773 astus

579 2793 1034 2856 vitiorum,sicut
1055 2792 1206 2857 ignis
1218 2805 1426 2844 ceram.
1445 2793 1758 2845 Solvuntur
1779 2796 1852 2845 ab
1867 2793 2023 2845 omni
2037 2805 2177 2844 con-

579 2866 797 2918 stantia
823 2864 1070 2928 virtutis,
1115 2868 1323 2916 euntes
1364 2863 1426 2915 in
1460 2863 1727 2916 libidines
1760 2876 1899 2916 suas
1925 2863 2097 2915 soluti
2119 2866 2176 2915 et

578 2935 739 2987 ﬂuxi.
765 2936 849 2986 De
869 2934 1082 2986 talibus
1104 2934 1242 2985 dicit
1270 2933 1583 2998 Apostolus
1607 2948 1620 2985 :
1648 2934 1903 2986 Tradidit
1936 2947 2035 2985 eos
2062 2935 2174 2984 Do-

577 3006 775 3057 minus
798 3005 859 3057 in
882 3004 1377 3069 concupiscentias
1400 3005 1589 3057 cordis
1603 3017 1818 3065 eorum,
1844 3006 1903 3056 in
1924 3007 2173 3056 immun-

577 3076 796 3138 ditiam,
833 3081 899 3128 ut
933 3076 1144 3128 faciant
1172 3088 1307 3139 qua
1341 3088 1461 3127 non
1488 3077 1841 3128 conveniunt
1877 3076 2048 3139 (Rom.
2076 3075 2166 3137 1.).

576 3148 798 3201 Deinde
821 3152 1120 3200 enumerat
1143 3146 1324 3198 multa
1351 3147 1503 3198 mala
1524 3148 1585 3199 in
1608 3161 1742 3211 qua
1765 3147 2026 3199 deﬂuunt
2048 3147 2169 3198 dis-

573 3220 750 3272 soluti
770 3224 1053 3283 tanquam
1066 3231 1222 3270 cera:
1241 3223 1300 3270 et
1321 3223 1522 3282 postea
1537 3219 1749 3279 subdit,
1771 3218 2054 3280 Quoniam
2068 3219 2167 3281 qui

575 3291 711 3342 talia
739 3293 942 3355 agunt,
965 3289 1125 3353 digni
1171 3292 1308 3340 sunt
1332 3294 1516 3340 morte
1542 3289 1729 3352 (Ibid.).
1758 3290 1923 3340 Unde
1946 3289 2055 3341 hoc
2080 3301 2173 3341 se-

574 3360 791 3423 quitur,
822 3363 880 3411 et
914 3359 1051 3409 dicit
1077 3373 1090 3409 :
1123 3358 1482 3422 Supercecidit
1515 3359 1661 3421 ignis
1689 3364 1737 3409 et
1777 3372 1895 3409 nan
1921 3360 2172 3409 viderunt

571 3429 752 3480 solem.
776 3429 939 3480 Alius
968 3429 1074 3488 (Eae
1104 3428 1362 3491 Augusto)
1397 3428 1549 3491 ignis
1583 3433 1671 3479 est
1717 3431 1996 3492 avaritia,
2027 3429 2172 3481 alius

571 3497 838 3559 luxuria,
863 3497 1013 3549 alius
1025 3499 1328 3561 superbia,
1356 3497 1503 3548 alius
1520 3498 1770 3559 invidia,
1786 3499 1935 3550 alius
1950 3500 2175 3551 iracun-

574 3568 706 3620 dia.
734 3568 887 3619 Talis
919 3568 1072 3630 ignis
1095 3568 1357 3618 fumosus
1373 3574 1482 3631 est,
1508 3573 1564 3619 et
1588 3570 1927 3621 tenebrosus
1958 3589 1968 3619 :
2000 3583 2173 3635 super

573 3650 749 3701 quem
769 3637 1054 3700 ceciderit,
1079 3649 1197 3688 non
1223 3637 1442 3689 videbit
1464 3638 1662 3690 solem.
1693 3642 1817 3690 Non
1844 3640 1972 3692 dico
1988 3641 2168 3704 illum,

575 3721 753 3772 quem
806 3708 941 3759 fecit
984 3708 1269 3758 Dominus
1314 3708 1447 3759 oriri
1482 3722 1654 3772 super
1677 3710 1860 3760 bonos
1888 3715 1948 3761 et
1988 3712 2172 3764 malos

575 3779 787 3842 (Matth.
807 3777 877 3839 5.)
900 3796 910 3826 :
930 3777 1031 3829 sed
1044 3777 1206 3829 illum
1231 3777 1377 3837 dico,
1414 3779 1607 3842 dequo
1636 3779 2085 3834 illidicturisunt
2111 3784 2171 3834 in

567 3849 809 3914 judicio:
834 3851 905 3901 Et
936 3848 1020 3900 sol
1049 3862 1168 3902 non
1192 3854 1355 3901 ortus
1378 3854 1468 3902 est
1489 3851 1657 3901 nobis
1683 3850 1930 3915 (Sap.5.).
1962 3855 2174 3905 Trans-

571 3921 766 3972 ierunt
788 3920 985 3972 omnia
1006 3919 1102 3972 illa
1128 3925 1406 3984 tanquam
1431 3923 1669 3973 umbra:
1687 3925 1999 3974 erravimus
2019 3937 2054 3975 a
2078 3925 2172 3977 via

571 3990 851 4053 veritatis,
874 3996 931 4042 et
970 3992 1214 4055 justitia
1238 3992 1434 4043 lumen
1465 4005 1584 4043 non
1606 3992 1758 4045 luxit
1790 3994 1974 4045 nobis.
2002 3996 2167 4059 Ergo,

571 4062 777 4113 fratres
804 4062 1002 4127 ignem
1013 4062 1501 4127 concupiscentia
1527 4063 1741 4127 timete,
1769 4064 1815 4115 si
1844 4077 1961 4116 non
1990 4066 2168 4119 vultis

568 4131 851 4196 liqueﬁeri
873 4133 1025 4185 sicut
1048 4145 1179 4185 cera
1201 4146 1236 4185 a
1268 4133 1409 4185 facie
1440 4133 1563 4186 Dei.
1598 4139 1656 4185 et
1700 4135 2016 4187 notandum
2059 4142 2167 4200 est,

570 4205 709 4267 quia
732 4216 904 4268 pana
929 4204 1237 4268 impiorum
1260 4203 1406 4255 duas
1430 4205 1650 4267 species
1672 4205 1847 4258 habet
1871 4223 1882 4255 :
1911 4220 2088 4259 unam
2109 4208 2171 4260 in

568 4275 861 4339 prasenti,
879 4274 1411 4327 alteraminfuturo.
1440 4278 1567 4327 Una
1580 4276 1733 4339 ignis
1758 4278 2171 4342 concupiscen-

569 4346 686 4408 tia,
703 4344 882 4397 altera
904 4345 1060 4409 ignis
1082 4349 1355 4397 aternus.
1382 4347 1543 4397 Hanc
1560 4358 1793 4409 partam
1804 4351 2168 4408 concupiscen-

568 4417 667 4469 tia
692 4417 1062 4468 commendat
1085 4417 1252 4468 nobis
1278 4416 1520 4481 Spiritus
1552 4417 1671 4479 Dei,
1705 4430 1887 4481 usque
1910 4418 1971 4469 in
1988 4418 2165 4471 ﬁnem

568 4486 793 4552 psalmi.
821 4489 984 4539 Hanc
1014 4500 1342 4548 caveamus,
1368 4492 1427 4539 et
1447 4487 1509 4539 in
1529 4486 1687 4539 illam
1717 4488 2024 4541 terribilem
2048 4503 2167 4542 non

568 4557 909 4609 incidemus.
944 4558 1255 4611 Delectatio
1287 4558 1521 4622 quidem
1550 4559 1657 4620 (Eae
1679 4560 1874 4623 eodem)
1897 4561 2139 4612 carnalis

571 4639 705 4679 cum
732 4628 966 4679 homine
990 4629 1264 4691 nascitur,
1302 4628 1405 4680 sed
1446 4628 1545 4691 qui
1570 4630 1716 4681 bene
1744 4629 2022 4695 eruditur,
2048 4632 2121 4683 cit

572 4698 730 4749 videt
751 4699 979 4750 hostem
1004 4702 1265 4761 suum,et
1278 4699 1626 4763 aggreditur,
1650 4704 1708 4751 et
1722 4700 2041 4753 luctaturet
2054 4703 2168 4754 cito

571 4768 769 4820 vincit.
789 4770 898 4830 Qui
918 4774 1113 4820 autem
1135 4768 1293 4820 illam
1323 4770 1870 4834 concupiscentiam,
1896 4785 2027 4824 cum
2051 4786 2168 4837 qua

572 4839 644 4891 de
666 4840 887 4903 peccati
909 4840 1226 4904 propagine
1248 4846 1422 4892 natus
1445 4847 1553 4903 est,
1574 4840 1816 4905 negligit
1839 4842 2083 4907 vincere,
2109 4850 2169 4897 et

570 4910 786 4961 multas
809 4909 999 4961 adhuc
1009 4911 1240 4971 excitat,
1260 4912 1557 4974 exeritque
1568 4912 1851 4974 libidines,
1864 4913 2169 4968 difﬁculter

578 4978 752 5047 286
788 4993 887 5031 eos
912 4986 1165 5044 superat,
1182 4986 1239 5031 et
1253 4982 1535 5033 adversus
1553 4995 1615 5033 se
1638 4983 1761 5046 ipse
1784 4984 2167 5050 divisus,igne

572 5052 799 5116 proprio
843 5056 1261 5101 concrematur.
1305 5053 1373 5101 Et
1416 5063 1491 5102 ne
1516 5050 1596 5101 illi
1638 5052 2023 5118 intelligerent
2057 5058 2168 5110 hoc

573 5127 802 5174 tantum
826 5122 946 5172 ﬁeri
971 5121 1032 5171 in
1055 5121 1265 5181 futuro,
1290 5126 1632 5173 convertens
1666 5136 1727 5173 se
1750 5127 1822 5175 ad
1846 5139 1965 5186 eos,
1990 5133 2055 5179 ut
2080 5135 2169 5182 at-

573 5192 1082 5256 tentioresreddat,
1108 5191 1451 5243 determinat
1474 5191 1558 5243 sic
1584 5208 1596 5242 :
1628 5193 1809 5257 Super
1833 5209 1939 5248 vos
1964 5199 2169 5252 cecidit

569 5264 742 5329 ignis,
777 5278 810 5316 ο
841 5263 1054 5316 Judai.

636 5334 723 5389 10.
750 5335 1087 5400 Priusquam
1104 5332 1457 5398 intelligerent
1471 5334 1638 5399 spina
1653 5341 1830 5387 vestrae
1843 5340 2164 5392 rhamnum.

573 5404 633 5456 Id
666 5410 774 5465 est,
809 5406 1148 5470 priusquam
1191 5404 1506 5468 intelligere
1529 5419 1635 5459 vos
1660 5407 1913 5462 facerent
1934 5418 2171 5476 peccata

570 5480 767 5528 vestra
777 5476 1019 5528 rhamno
1035 5489 1166 5528 esse
1180 5476 1402 5527 similia.
1417 5477 1719 5531 Rhamnus
1736 5485 1827 5532 est
1838 5482 2015 5534 herba
2027 5486 2168 5544 prius

570 5545 779 5608 mollis,
803 5547 1008 5599 deinde
1032 5547 1262 5611 quando
1278 5548 1630 5612 maturescit,
1648 5553 2016 5604 acutissimos
2032 5565 2170 5605 acu-

569 5615 691 5666 leos
712 5615 905 5668 habet.
922 5619 1010 5669 Sic
1025 5622 1437 5682 suntpeccata:
1457 5619 1614 5683 prius
1630 5622 1867 5683 quidem
1892 5624 2086 5676 mollia
2109 5629 2169 5677 et

571 5685 930 5759 delectabiiia
954 5694 1107 5750 sunt,
1135 5689 1234 5740 sed
1269 5690 1475 5741 deinde
1508 5693 1847 5754 gravissime
1876 5701 2165 5759 pungunt.

571 5755 969 5833 Temporalem
1011 5760 1166 5825 enim
1195 5760 1647 5833 delectationem
1672 5755 1899 5817 dolores
1933 5771 1990 5817 et
2002 5755 2169 5819 com-

569 5825 914 5884 punctiones
959 5831 1282 5891 sequuntur
1332 5834 1769 5887 tormentorum.
1800 5836 1959 5888 Tunc
1982 5838 2088 5891 erit
2110 5843 2169 5891 et

2283 1890 2344 1941 in
2366 1890 2475 1943 hoc
2491 1890 2875 1953 seculo,etiam
2895 1891 3046 1942 inter
3067 1904 3213 1943 suas
3237 1892 3674 1957 voluptates.Ecoe
3687 1889 3762 1938 dum

2283 1960 2519 2024 quidam
2540 1961 2865 2014 desiderata
2886 1963 3213 2027 possident,
3241 1963 3502 2027 quadam
3525 1961 3616 2013 alia
3626 1958 3761 2011 deside

2282 2036 2429 2089 rant,
2453 2033 2525 2083 ad
2542 2044 2675 2096 qua
2691 2034 2983 2097 pervenire
2998 2045 3117 2085 non
3134 2035 3359 2086 valent.
3377 2036 3476 2086 Pro
3489 2033 3583 2093 his,
3602 2041 3760 2094 quianon

2282 2100 2514 2165 habent,
2540 2104 2863 2155 cruciantur
2880 2103 3167 2156 desiderio
3194 2120 3209 2156 :
3236 2118 3340 2169 pro
3364 2105 3470 2166 his,
3492 2115 3605 2167 qua
3621 2102 3760 2153 habent

2281 2178 2384 2225 aut
2426 2173 2574 2225 tedio
2620 2175 2962 2238 cruciantur,
3013 2180 3115 2226 aut
3135 2175 3367 2227 timore.
3392 2176 3524 2226 Ecce
3543 2172 3619 2225 ille
3634 2172 3761 2223 estw

2281 2245 2535 2308 avaritia,
2556 2245 2705 2297 alius
2728 2245 3160 2307 fervetluxuria,
3189 2246 3343 2298 alius
3365 2245 3624 2297 iracundia
3638 2253 3762 2293 accen-

2281 2316 2453 2380 ditur,
2478 2317 2625 2367 alius
2639 2316 2869 2368 invidia
2884 2317 3108 2367 facibus
3124 2319 3529 2368 inﬂammatur.
3547 2315 3619 2367 Sic
3633 2326 3676 2363 ευ
3692 2322 3763 2360 om-

2278 2390 2549 2452 nipotens
2583 2389 2739 2439 Deus
2757 2388 2831 2450 [in
2846 2388 3118 2452 prasenti
3133 2389 3356 2439 amalis
3376 2387 3614 2445 vindicat,
3631 2394 3761 2443 θοδίιιιε

2279 2460 2423 2524 ipsis
2450 2460 2573 2510 suis
2596 2459 2913 2519 desideriis,
2939 2463 2997 2509 et
3014 2460 3172 2509 vitiis
3195 2459 3607 2524 ﬂagellat.Hanc
3627 2452 3763 2505 vindic-

2281 2534 2419 2591 tam,
2445 2542 2575 2580 cum
2600 2528 3367 2593 videritjustus,latabitur:
3392 2526 3761 2593 quoniamwiuwi

2278 2612 2379 2663 per
2402 2600 2553 2663 piam
2582 2598 2807 2649 Domini
2829 2598 3094 2663 gratiam,
3120 2599 3341 2652 talibus
3371 2613 3481 2652 non
3519 2597 3759 2662 implicatur.

2280 2673 2400 2721 Hoc
2414 2683 2641 2733 quoque
2655 2669 2921 2732 vivendo,
2942 2672 3143 2719 Manus
3157 2687 3294 2721 suae
3315 2671 3501 2721 tavabit
3520 2671 3569 2718 in
3582 2666 3760 2729 sanguis:

2274 2748 2633 2805 peccatorum,
2652 2741 2707 2792 id
2732 2746 2838 2803 est,
2854 2741 3112 2793 actiones
3130 2755 3274 2794 suas
3284 2740 3676 2795 manducabitex
3689 2750 3758 2783 cou-

2274 2812 2621 2863 sideratione
2630 2812 2897 2863 vindicta
2912 2813 3312 2877 reproborum.
3324 2813 3544 2874 Quando
3557 2810 3758 2877 videtptc-

2273 2884 2484 2934 catoris
2507 2895 2757 2948 papam,
2785 2884 3010 2948 proﬁcit
3032 2885 3179 2949 ipse,
3206 2890 3267 2937 et
3285 2898 3439 2936 mors
3460 2883 3650 2935 alterius
3667 2876 3758 2928 valet

2271 2953 2345 3005 ad
2363 2955 2539 3006 vitam
2556 2955 2754 3019 ipsius.
2772 2956 3023 3007 Attende
3036 2968 3173 3017 ergo
3194 2957 3435 3020 impium
3446 2956 3717 3019 pereuntem,
3731 2958 3756 2993 εί

2271 3037 2453 3089 purga
2486 3030 2541 3077 te
2555 3038 2589 3077 a
2608 3026 2875 3091 peccatis.
2894 3027 2979 3077 Ita
2991 3025 3215 3078 lavabis
3232 3023 3618 3091 quodammodo
3627 3029 3755 3073 manus

2271 3099 2403 3148 tuas
2426 3097 2486 3148 in
2510 3097 2790 3160 sanguine
2813 3097 3146 3160 peccatoris.

2189 3173 2239 3249 C
2331 3182 2416 3238 12.
2457 3185 2524 3233 Et
2563 3184 2692 3235 dicet
2717 3185 2892 3245 homo,
2916 3185 2978 3235 Si
3012 3186 3204 3250 utique
3248 3178 3755 3250 estfructusjustozua

2271 3269 2373 3318 que
2395 3260 2466 3304 est
2489 3256 2629 3305 Deus
2637 3255 2900 3319 judicans
2916 3270 3000 3305 eos
3023 3256 3083 3305 in
3107 3262 3275 3308 terra.
3302 3257 3398 3308 Ille
3410 3250 3753 3307 veraciterhomo

2270 3325 2500 3389 dicitur,
2525 3327 2623 3389 qui
2647 3338 2753 3377 sua
2773 3326 2953 3377 utitur
2975 3327 3219 3380 ratione.
3247 3330 3352 3379 Hic
3375 3328 3528 3387 dicet,
3556 3323 3698 3385 Ulqu
3716 3322 3754 3364 ίίί

2266 3395 2478 3458 fructus
2494 3397 2659 3461 justo.
2686 3397 2872 3448 Etiam
2893 3398 2953 3448 in
2978 3397 3088 3449 hac
3112 3398 3254 3461 vita,
3272 3404 3562 3461 antequam
3579 3392 3756 3461 veniati-

2272 3471 2450 3519 terna.
2483 3458 2549 3518 In
2574 3467 2687 3519 ﬁde
2723 3472 2812 3519 est
2835 3467 3073 3532 fructus,
3108 3469 3171 3520 in
3213 3458 3516 3522 tentatione
3539 3471 3585 3517 et
3602 3458 3755 3514 tribula-

2271 3539 2422 3589 tione
2445 3544 2534 3590 est
2547 3538 2788 3601 fructus,
2806 3539 2865 3590 in
2884 3540 3163 3603 patientia
3180 3546 3275 3593 est
3300 3542 3522 3602 fructus,
3543 3539 3591 3589 in
3603 3533 3753 3607 camilli

2270 3609 2773 3674 estt‘ructusjusto.
2802 3609 2963 3669 Quod
2998 3611 3047 3661 si
3081 3611 3160 3661 ita
3177 3617 3290 3677 est,
3313 3611 3486 3674 utique
3504 3614 3565 3657 est
3591 3607 3753 3677 Densa

2269 3679 2476 3743 dicans,
2490 3680 2659 3742 idest,
2674 3680 3043 3731 damnatione
3056 3681 3267 3746 dignos
3281 3674 3541 3747 reputans
3550 3689 3627 3728 eos
3644 3674 3750 3720 mali!-

2269 3751 2528 3803 nondum
2574 3752 2632 3803 in
2656 3755 2912 3803 extremo
2943 3751 3054 3814 die,
3090 3753 3355 3804 nondum
3390 3753 3447 3802 in
3468 3752 3581 3814 igne
3597 3749 3749 3814 uterne.

2268 3822 2529 3873 nondum
2551 3823 2700 3887 apud
2735 3822 2975 3873 inferos:
3019 3810 3120 3873 sed
3146 3823 3244 3875 hic
3266 3824 3327 3874 in
3374 3810 3524 3873 terra.
3551 3810 3749 3870 Probat“

2269 3894 2547 3955 opposito,
2581 3905 2648 3943 ac
2681 3893 2729 3943 si
2760 3893 3010 3944 breviter
3047 3892 3204 3944 dicat
3232 3909 3246 3944 :
3272 3894 3329 3948 Si
3349 3895 3498 3957 justo
3517 3895 3589 3942 est
3610 3887 3751 3937 fructus

2271 3963 2473 4013 salutis
2495 3964 2557 4014 in
2580 3962 2685 4015 hac
2731 3968 2896 4021 terra,
2927 3964 2987 4013 in
3021 3976 3090 4013 eo
3113 3965 3271 4027 quod
3305 3956 3655 4032 2ί871ιιβῐιξὲ
3687 3956 3749 4032 95F

2266 4033 2467 4096 utique
2478 4040 2535 4084 et
2548 4034 2722 4097 impio
2736 4038 2824 4085 est
2839 4033 3125 4097 judicium
3141 4027 3518 4086 damnationis
3529 4027 3750 4102 similitetin

2266 4102 2376 4155 hac
2412 4109 2582 4167 terra,
2616 4105 2676 4155 in
2715 4117 2782 4156 eo
2823 4104 2977 4167 quod
3014 4105 3231 4169 impius
3261 4111 3366 4158 est.
3393 4099 3640 4156 Contraria
3655 4099 3748 4145 enim

2268 4175 2568 4226 contrariis
2581 4174 2946 4227 conveniunt.
2963 4176 3247 4227 Attendat
3262 4177 3586 4241 igiturhomo
3594 4170 3750 4245 distuli?

2268 4245 2577 4309 etjudicet.
2607 4247 2696 4297 Sic
2719 4247 2872 4297 enim
2894 4246 3174 4299 admonet
3195 4232 3451 4312 psalmus
3474 4232 3750 4300 :Bectejudi'

2267 4320 2410 4377 cate,
2441 4316 2539 4367 ﬁlii
2563 4316 2885 4368 hominum.
2910 4317 3214 4370 Discernat
3238 4320 3418 4371 bonos
3439 4331 3468 4367 a
3489 4313 3623 4367 malis
3640 4313 3750 4385 eteo-

2266 4398 2394 4437 rum
2426 4387 2689 4452 exemplo
2733 4388 2914 4452 fugiat
2958 4402 3078 4454 eos,
3126 4390 3230 4453 qui
3274 4391 3515 4455 pereunt,
3544 4396 3602 4435 ne
3618 4384 3748 4456 ριξρεε

2267 4457 2440 4508 simul
2484 4451 2694 4521 pereat.
2740 4451 2853 4510 Eos
2898 4451 3093 4511 autem
3138 4451 3237 4524 qui
3277 4451 3421 4513 salvi
3460 4457 3596 4517 ﬁunt,
3615 4451 3749 4524 imit?“

2266 4517 2511 4592 studeat,
2526 4534 2590 4580 ut
2615 4534 2672 4581 et
2696 4529 2837 4594 ipse,
2850 4517 3174 4583 auxiliante
3178 4532 3437 4594 Domino,
3449 4526 3642 4582 eandem
3653 4517 3749 4570 salu'

2125 4600 2159 4683 3
2183 4602 2242 4677 D
2272 4601 2389 4651 tem
2411 4600 2689 4664 consequi
2713 4600 2915 4653 valeat.

2548 4714 2909 4779 TITULUS
2961 4716 3292 4781 PSALMI
3343 4713 3554 4780 LVIII.

2331 4851 2428 4912 ‘i.et
2442 4847 2741 4912 2.Sicut(Ex
2751 4848 3242 4912 August.)soletScri
3249 4855 3391 4912 ptum
3403 4847 3655 4912 psalmorum
3665 4844 3748 4912 mi?

2271 4910 2394 4958 lerla
2407 4912 2461 4957 in
2481 4908 2649 4957 titulis.
2664 4908 3032 4971 ponereleti‘ron
3041 4918 3133 4960 tem
3155 4908 3338 4972 psalmi
3362 4908 3627 4960 sublimitate

2266 4973 2423 5019 menti
2440 4965 2699 5023 decorare:
2719 4980 2771 5020 ut
2786 4965 3105 5034 sciamusqui
3127 4965 3360 5024 intraturi
3385 4983 3557 5028 sumus,
3572 4976 3659 5035 cutn
3672 4965 3748 5035 “Pl:

2267 5049 2417 5094 quam
2429 5047 2580 5093 super
2596 5042 2783 5093 postem
2797 5037 2919 5095 quid
2932 5026 3071 5083 intus
3094 5042 3269 5096 agatur
3298 5026 3557 5095 legerimus,
3579 5026 3747 5096 vel

2268 5089 2445 5143 domus
2459 5089 2539 5158 sit,
2560 5089 2637 5143 vel
2660 5089 2894 5156 quisnam
2918 5099 2983 5144 sit
3003 5089 3599 5159 illiuspradiiposmsgdfi
3616 5089 3743 5159 ξίδθξξθ

2269 5159 2361 5205 hoc
2409 5153 2605 5219 psalmo
2642 5153 2857 5219 scriptus
2899 5165 2972 5206 est
3005 5153 3185 5207 titulus
3225 5163 3288 5208 de
3325 5153 3477 5207 titulo.
3495 5153 3745 5219 ῌξώείιῖυξξῖῖν

2266 5209 2453 5281 [νθτεῖ1
2464 5217 2500 5279 -]
2514 5220 2573 5283 1."
2584 5209 2841 5283 ﬂumine
2850 5220 3131 5283 disperdas
3143 5221 3318 5270 David
3329 5224 3386 5269 in
3396 5209 3747 5283 titutiinstﬁpff‘j‘

2265 5271 2737 5343 ne,qua{tdo'misit
2750 5271 2950 5342 Saut,et
2961 5283 3244 5332 custodiuit
3253 5284 3465 5332 domum
3475 5271 3747 5343 ερυενιιιίξζζτξζ

2264 5331 2439 5417 ﬁctio!
2461 5356 2599 5417 gum
2639 5331 2981 5417 (1.Al_teg._"18.
3006 5350 3065 5417 et
3085 5331 3209 5406 ια).
3231 5331 3453 5417 rPsalm‘us
3485 5331 3741 5417 {sugg-931;“

2270 5397 2506 5469 linem,id
2519 5411 2610 5467 est,
2635 5397 2689 5454 in
2709 5397 2980 5457 Christum.
2994 5397 3301 5463 Admonens,
3319 5422 3379 5454 ne
3392 5397 3742 5469 tuquicutnquﬁﬁ

2266 5451 3382 5531 tractassem{istaElissaeis—atat
3395 5451 3741 5531 inscriptiougﬂf’f

2266 5514 2634 5610 attulisti}:
2650 5514 2905 5610 sese
2917 5514 3740 5610 iitﬁléiésééaéfeeiﬂsi‘l‘iitiii

2261 5576 2350 5651 ius
2369 5576 2657 5652 inscriptio,
2674 5576 2828 5652 quam
2852 5576 3735 5656 corruimpivvetaIIiiningeliumin???

2269 5640 2387 5703 Nam
2411 5640 2790 5702 cum'DomiiJus
2821 5640 3214 5714 crucifigeretur,
3244 5640 3413 5704 titulus
3434 5640 3734 5714 ἷιιεςτίρίξιῖῗξξ

2268 5700 2819 5777 ἰίῇδιοβῷόείιυὲζιξέι
2830 5700 3130 5765 ’διίᾶειῖἔτᾶιῆ
3141 5700 3446 5777 (Mdu—ﬁ),
3468 5700 3595 5777 tritus
3610 5700 3732 5777 “£8,313

2268 5763 2715 5855 Ὴθὺξξιέειέῗθεάξίέέιῖ
2727 5763 3126 5855 statuisse
3144 5763 3468 5855 ’ίίῖἐιὶέιξζῖέίιὲ
3484 5763 3731 5855 τέῐΡθὲξῗξὲιῗῖ

2267 5818 2711 5902 ὂῖὧιῑιῖἁιῖὶῶἷῖἱίρ
2724 5818 2774 5890 Si
2787 5818 3471 5893 ιῖἓῧῖιὰὲὲῗυὲἇὶῖ-ἷιῶίιὶ
3487 5818 3561 5889 ut,
3580 5818 3717 5876 atad!
