3880 6222
512 395 616 449 879

1572 386 1836 438 RUFINO
1869 381 2331 435 PRESBYTERO
2365 378 2746 432 ASCRIPTUS

514 519 709 569 mente
722 512 1126 576 investigando
1156 506 1266 577 29
1278 507 1327 575 0
1356 508 1535 560 vitam
1553 514 1609 559 et
1620 521 1808 559 mores
1824 515 2104 556 sanctorum
2137 497 2192 570 Α
2208 502 2570 577 monstravit,
2588 501 2647 552 in
2660 499 2871 577 quibus
2893 511 3012 577 non
3026 498 3258 577 habuit.
3441 496 3609 577 enim
3625 496 3823 577 debitor

512 592 760 652 patrum,
787 598 858 637 ex
884 584 1095 646 quibus
1133 582 1343 652 civitas
1366 580 1466 630 Dei
1515 584 1845 652 constructa
1869 583 1973 652 est.
2003 577 2107 628 Vel

514 648 690 709 canes
707 658 953 720 possunt
967 651 1146 714 accipi
1165 650 1349 701 sancti
1374 650 1796 713 praedicatores,
1819 649 1915 712 qui
1938 648 1997 698 in
2020 660 2109 697 as-

515 728 768 779 sertione
801 723 1061 776 veritatis
1086 726 1287 771 contra
1310 720 1465 770 fures
1490 723 1549 769 et
1572 720 1841 780 latrones,
1866 730 2107 781 magnos

515 799 599 861 (ut
623 798 700 847 ita
724 793 932 856 dicam)
963 792 1170 843 dedere
1203 790 1465 841 latratus.
1509 791 1742 840 Famem
1768 790 1921 853 passi
1952 791 2105 847 sunt,

512 879 718 919 omnes
746 866 855 916 sibi
882 863 1228 926 incorporari
1252 865 1309 912 et
1332 861 1480 911 uniri
1504 873 1603 924 per
1619 861 1788 910 fidem
1816 861 2109 907 desideran-

512 944 619 999 tes,
648 943 705 989 et
728 935 1076 987 circuierunt
1108 932 1491 993 civitatem,id
1517 936 1623 986 est,
1648 930 1953 993 mundum,
1978 930 2109 981 ubi-

511 1023 623 1073 que
652 1007 1135 1072 evangelizantes.
1162 1003 1322 1055 Unde
1355 1008 1413 1054 et
1437 1002 1663 1053 subdit:
1853 1070 1888 1073 __
1966 1071 1977 1073 _
2052 1020 2069 1033 ο

574 1078 623 1133 8.
651 1080 781 1128 Ecce
812 1070 1114 1140 toquentur,
1142 1074 1199 1123 id
1216 1073 1703 1134 est,manifestate
1715 1070 2110 1137 praedicabunt

510 1151 573 1199 in
607 1165 695 1199 ore
717 1163 833 1209 suo,
860 1147 917 1197 id
939 1151 1044 1205 est,
1074 1157 1231 1195 more
1259 1144 1368 1194 sibi
1402 1143 1784 1195 convenienti.
1810 1142 1952 1203 Quia
1974 1145 2106 1202 quod

511 1222 825 1285 loquentur
849 1218 1042 1275 verbo,
1075 1216 1497 1267 conﬁrmabunt
1521 1227 1707 1278 opere,
1746 1218 1805 1264 et
1827 1212 2105 1276 exemplo.

512 1294 643 1343 Sive
666 1291 723 1341 iu
747 1302 843 1341 ore
868 1301 993 1349 suo,
1027 1287 1084 1337 id
1123 1290 1229 1345 est,
1265 1286 1456 1349 libere,
1501 1286 1789 1341 audacter,
1816 1296 1947 1334 cum
1983 1294 2109 1333 auc-

512 1362 754 1413 toritate.
780 1361 847 1410 Et
871 1358 1086 1423 gladius
1108 1359 1167 1405 in
1193 1356 1349 1405 labiis
1365 1372 1567 1406 eorum.
1595 1355 1829 1406 Gladius
1860 1355 1948 1404 bis
1972 1366 2110 1404 acu-

510 1436 626 1494 tus,
651 1433 723 1483 de
763 1442 878 1494 quo
907 1430 1053 1480 dixit
1102 1426 1415 1491 Apostolus
1443 1442 1455 1477 :
1489 1429 1555 1477 Et
1578 1426 1833 1491 gladium
1854 1424 2106 1489 spiritus,

512 1505 666 1566 quod
697 1507 787 1553 est
809 1502 1052 1553 verbum
1076 1500 1179 1549 Dei
1208 1498 1418 1562 (Ephes.
1447 1497 1732 1560 6.).Quare
1749 1496 1837 1546 bis
1860 1497 2110 1547 acutus?

510 1576 594 1625 Ex
630 1579 875 1636 utroque
897 1574 1246 1622 testamento
1280 1568 1510 1619 feriens.
1544 1571 1662 1619 Hoc
1686 1567 1875 1630 gladio
1893 1567 2111 1617 macta-

508 1646 740 1706 bantur,
766 1644 836 1695 de
858 1643 1069 1706 quibus
1094 1644 1257 1692 Petro
1292 1640 1622 1691 dicebatur:
1651 1641 1837 1689 Macta
1871 1642 1926 1688 et
1944 1649 2108 1688 man-

508 1716 655 1767 duca
706 1716 834 1776 (Act.
886 1713 1012 1775 10.).
1060 1711 1520 1775 Indignabuntur
1575 1713 1787 1770 autem,
1831 1708 2104 1771 quoniam

506 1785 674 1837 multi
688 1788 874 1847 erunt,
900 1784 997 1846 qui
1024 1795 1141 1833 non
1170 1782 1409 1833 audient
1430 1793 1566 1831 aure
1590 1779 1880 1832 audiendi.
1906 1780 1974 1829 Et
1997 1779 2105 1829 hoc

2210 586 2275 623 su
2284 572 2610 637 spendatur,
2626 572 2818 622 minus
2830 572 2948 633 agit
2969 571 3189 633 gratias
3204 570 3302 620 cui
3330 568 3617 620 debitum
3635 568 3822 618 relaxa-

2207 648 2315 695 tur.
2336 646 2418 695 De
2437 644 2579 707 ipsis
2608 642 2857 692 inimicis
2870 642 3044 704 quid?
3066 641 3150 690 Nc
3175 640 3530 699 occidaseos,
3549 642 3819 703 nequandc

2206 715 2594 764 obliviscantur
2608 712 2799 777 populi
2823 714 2946 762 mei.
2972 715 3140 775 Ipsos
3162 712 3451 762 inimicos
3469 712 3578 774 qui
3594 722 3690 760 me
3704 711 3823 760 occi-

2207 786 2434 846 derunt,
2460 784 2576 836 noli
2612 790 2674 834 tu
2701 783 2973 834 occidere.
2990 785 3121 834 Non
3147 783 3279 834 sine
3300 793 3536 833 caussa
3558 782 3697 831 Cain
3709 794 3817 831 cum

2207 857 2437 908 fratrem
2464 855 2792 917 occidisset,
2827 854 3021 918 posuit
3058 856 3118 904 in
3155 867 3226 904 eo
3265 856 3434 905 Deus
3475 853 3735 917 signum,
3756 866 3817 902 ne
3878 902 3880 911 ,

2207 929 2337 990 quis
2362 939 2493 978 eum
2521 926 2804 977 occideret
2834 926 2975 989 (Gen.
3009 926 3099 988 4.).
3130 927 3257 976 Hoc
3279 930 3379 976 est
3401 925 3654 988 signum
3683 925 3817 986 quasi

2206 998 2424 1049 habent
2442 996 2646 1048 Judaei.
2676 998 2897 1047 Tenent
2911 997 3183 1059 reliquias
3193 997 3346 1059 legis
3371 1008 3529 1059 sum,
3549 996 3819 1046 circumci-

2208 1068 2754 1127 duntur,sabbatum
2772 1068 3100 1129 observant,
3115 1080 3330 1132 azyma
3340 1067 3693 1119 comedunt.
3709 1071 3800 1113 Sun

2207 1151 2343 1201 ergo
2364 1139 2572 1201 Judaei,
2598 1151 2717 1189 non
2748 1139 3086 1189 suntoccisi.
3104 1138 3439 1189 Necessarii
3469 1138 3817 1188 suntcreden-

2210 1211 2383 1271 tibus,
2418 1214 2484 1260 ut
2507 1212 2927 1261 demonstraret
2955 1209 3125 1260 nobis
3151 1210 3312 1260 Deus
3338 1220 3525 1273 super
3568 1208 3815 1258 inimm

2206 1285 2437 1332 nostros
2451 1280 2897 1331 misericordiam
2915 1292 3080 1331 suam
3092 1319 3104 1331 .
3120 1283 3187 1331 In
3202 1281 3387 1331 ramis
3399 1279 3817 1343 superbiam:-

2207 1350 2341 1402 cisis
2359 1352 2575 1401 incerto
2604 1350 3050 1402 misericordiam
3068 1363 3239 1402 suam
3263 1350 3538 1402 ostendit
3558 1348 3815 1401 oleastro.

2210 1423 2351 1472 Ecce
2378 1422 2479 1471 ubi
2495 1422 2690 1484 jacent
2718 1422 2813 1483 qui
2844 1421 3076 1485 superbi
3098 1426 3287 1477 erant.
3309 1434 3452 1473 ecce
3478 1422 3561 1471 ibi
3574 1421 3815 1471 insertus

2208 1504 2291 1555 es,
2318 1492 2416 1555 qui
2447 1493 2701 1556 jacebas.
2736 1495 2806 1544 Et
2844 1496 2907 1543 tu
2950 1492 3067 1543 noli
3104 1493 3427 1556 superbire,
3462 1505 3542 1543 ne
3594 1491 3815 1557 praecidi

2208 1564 2503 1614 merearis.
2531 1564 2678 1627 Ergo
2701 1576 2775 1614 ne
2797 1563 3217 1616 obliviscantur
3238 1563 3439 1628 p0puli
3468 1563 3677 1615 ﬁdeles
3699 1575 3813 1626 gra-

2208 1634 2346 1685 tiam
2361 1634 2481 1693 Dei,
2499 1634 2853 1686 vivuntante
2865 1634 3064 1685 oculos
3083 1647 3290 1686 eorum
3309 1635 3601 1687 excaecata
3617 1636 3647 1685 J
3657 1634 3811 1685 adiri.

2206 1708 2272 1757 ut
2300 1718 2372 1757 ex
2405 1717 2603 1757 eorum
2637 1705 2894 1757 caecitate
2928 1718 3159 1770 semper
3190 1706 3536 1770 recolligant
3574 1710 3811 1768 quantas

2204 1776 2584 1841 omnipotenti
2602 1777 2718 1828 Deo
2742 1776 2811 1827 de
2832 1786 2940 1827 sua
2961 1776 3387 1828 illuminatione
3404 1777 3640 1839 gratias
3659 1788 3809 1839 agere

507 1862 617 1919 est,
647 1856 803 1919 quod
832 1845 1099 1905 subditur
1124 1870 1135 1903 :
1164 1854 1435 1912 Quoniam
1458 1852 1580 1915 quis
1604 1851 1814 1900 audivit
1830 1850 2015 1899 ?Hinc
2030 1854 2102 1897 est
2129 1846 2184 1919 B
2209 1848 2472 1898 debeant.
2499 1848 2751 1911 Dispcrge
2771 1847 2891 1896 illos
2920 1848 2981 1896 in
3006 1847 3204 1919 virtute
3228 1853 3341 1919 tua.
3358 1849 3491 1898 Hoc
3514 1845 3809 1919 impletum

508 1928 663 1992 quod
688 1925 967 1990 propheta
989 1925 1093 1975 ait:
1120 1924 1259 1985 Quis
1285 1922 1524 1974 credidit
1551 1922 1769 1972 auditui
1793 1923 2012 1992 nostro,
2045 1923 2104 1970 et

506 1989 811 2050 brachium
834 1994 1063 2046 Domini
1085 1995 1175 2044 cui
1198 1995 1514 2045 revelatum
1535 1996 1623 2043 est
1642 1993 1785 2054 (Isai.
1811 1989 1917 2053 53.)
1938 1994 2105 2041 ?Prte-

508 2069 772 2120 dicamus
796 2066 1008 2130 (inquit
1027 2064 1355 2127 Apostolus)
1386 2063 1723 2127 sapientiam
1744 2065 1805 2113 in
1829 2061 2103 2125 mysterio

507 2138 905 2190 absconditam
956 2136 1021 2199 (1.
1069 2135 1188 2184 Cor.
1235 2132 1328 2196 2.),
1370 2146 1542 2196 quam
1578 2131 1834 2183 mundus
1868 2144 1983 2182 non
2007 2144 2103 2182 co-

507 2213 726 2277 gnovit.
753 2213 1027 2274 Tempore
1044 2221 1271 2272 quoque
1294 2212 1611 2271 martyrum
1631 2219 1755 2257 raro
1772 2207 2100 2254 invenieban-

507 2288 600 2335 tur
622 2283 722 2346 qui
756 2282 1023 2333 audirent
1065 2281 1304 2331 verbum
1330 2279 1450 2328 Dei.
1476 2279 1608 2328 Dixi
1632 2290 1750 2328 non
1777 2277 2102 2327 miserearis

506 2354 798 2414 omnibus,
815 2352 912 2413 qui
925 2354 1234 2414 operantur
1248 2350 1634 2412 iniquitatem:
1653 2352 1711 2399 et
1732 2346 1807 2398 ila
1823 2348 1947 2399 erit.
1964 2350 2102 2396 Unde

507 2429 565 2476 et
589 2423 891 2487 subjungit
914 2436 927 2472 :

569 2494 619 2549 9.
666 2495 735 2543 Et
773 2499 849 2555 tu,
895 2491 1140 2552 Domine,
1186 2489 1447 2540 deridebis
1496 2505 1597 2551 eos,
1640 2490 1700 2541 id
1740 2495 1846 2549 est,
1894 2489 2102 2554 dignos

507 2566 790 2619 derisione
836 2565 1109 2615 ostendes
1154 2577 1272 2615 eos.
1317 2564 1437 2614 Hoc
1480 2564 1539 2614 in
1579 2563 1792 2626 judicio
1813 2562 1935 2624 erit,
1969 2574 2101 2613 cum

506 2632 659 2689 dieet
682 2640 792 2690 eis:
813 2640 895 2688 Ite
920 2637 978 2687 in
996 2637 1186 2701 ignem
1202 2640 1485 2687 aeternum
1515 2636 1723 2699 (Matth.
1745 2633 1870 2699 25.).
1888 2636 1969 2685 Ex
1994 2635 2103 2685 hoc

507 2711 684 2763 etiam
708 2712 961 2773 apparet,
986 2708 1121 2770 quia
1145 2710 1354 2759 Gentes
1378 2710 1808 2758 convertentur:
1829 2706 2101 2769 quoniam

507 2780 582 2831 ad
598 2780 845 2829 nihilum
870 2779 1089 2827 deduces
1112 2783 1495 2841 omnesgentes.
1515 2777 1734 2837 Omnis,
1762 2777 1857 2839 qui
1873 2779 1933 2824 ad
1953 2780 2101 2824 Deum

507 2850 885 2913 convertitur,
911 2861 1149 2901 necesse
1165 2852 1252 2899 est
1271 2850 1429 2912 prius
1445 2848 1519 2899 ad
1544 2847 1786 2898 nihilum
1811 2850 2100 2895 deducatur.

506 2922 654 2973 Ilinc
683 2921 907 2971 Veritas
929 2921 1009 2971 ait
1033 2934 1045 2969 :
1074 2920 1180 2980 Qui
1200 2919 1327 2969 vult
1345 2924 1473 2982 post
1496 2931 1590 2969 me
1614 2919 1831 2980 venire,
1856 2918 2105 2981 abneget

507 2992 883 3056 semetipsum
903 2992 1048 3053 (Luc.
1072 2989 1162 3052 9.).
1196 2991 1581 3054 Semetipsum
1618 2990 1884 3052 abnegat,
1910 2988 2007 3051 qui
2042 3000 2103 3039 se

502 3063 779 3115 mutando
800 3063 861 3113 in
883 3061 1331 3123 melius,desinit
1354 3074 1499 3123 esse,
1524 3060 1677 3123 quod
1714 3062 1852 3122 erat,
1882 3064 1940 3110 et
1962 3058 2104 3109 inci-

502 3136 590 3201 pit
622 3148 754 3187 esse
782 3134 935 3198 quod
958 3147 1076 3185 non
1109 3138 1248 3185 erat.
1284 3132 1375 3184 Ad
1402 3133 1645 3184 nihilum
1671 3131 1956 3183 deductus
1979 3135 2102 3182 erat

498 3207 735 3271 Paulus,
760 3218 894 3258 eum
925 3205 1139 3256 diceret
1174 3219 1186 3254 :
1211 3206 1354 3255 Vivo
1378 3216 1499 3268 ego,
1521 3204 1641 3266 jam
1664 3215 1783 3253 non
1805 3215 1932 3267 ego,
1955 3203 2101 3254 vivit

501 3282 703 3330 autem
732 3277 793 3327 in
835 3289 929 3327 me
953 3276 1214 3326 Christus
1254 3274 1445 3339 (Galat.
1494 3273 1583 3336 2.).
1611 3274 1758 3323 Hinc
1782 3274 1954 3324 etiam
1978 3273 2059 3325 ait
2082 3291 2093 3321 :

503 3348 611 3409 Qui
636 3361 697 3399 se
731 3351 894 3411 putat
912 3346 1128 3409 aliquid
1144 3359 1288 3409 esse,
1321 3357 1453 3395 cum
1476 3342 1619 3394 nihil
1643 3345 1734 3403 sit,
1767 3344 1891 3407 ipse
1916 3356 1977 3394 se
2002 3357 2096 3395 se-

504 3417 816 3479 ducit(Gat.
852 3415 941 3479 6.).
968 3416 1056 3467 Ad
1069 3415 1307 3466 nihilum
1334 3414 1619 3465 deductus
1649 3418 1771 3465 erat
1792 3414 2098 3478 Abraham,

503 3502 635 3540 cum
660 3487 878 3537 diceret
901 3502 917 3534 :
939 3488 1167 3549 Loquar
1189 3486 1261 3536 ad
1286 3485 1597 3536 Dominum
1614 3498 1829 3548 meum,
1847 3498 1977 3536 cum
1992 3486 2102 3535 sim

502 3558 651 3609 cinis
678 3562 736 3608 et
759 3556 950 3620 pulvis
973 3557 1123 3619 (Gen.
1150 3554 1274 3617 18.).
1300 3556 1388 3606 Sic
1408 3555 1652 3617 quisque
1680 3556 1837 3619 prius
1860 3559 2100 3605 deﬁciens

500 3633 563 3683 in
589 3631 798 3694 seipso,
822 3630 1159 3692 incipitesse
1186 3628 1346 3679 fortis
1370 3630 1429 3679 in
1452 3630 1590 3680 Deo.
1618 3628 1813 3681 Talem
1840 3643 1902 3681 se
1922 3642 2102 3694 agno-

504 3702 634 3764 scit,
659 3713 790 3753 cum
822 3700 1083 3763 protinus
1120 3698 1319 3749 addit:

565 3772 651 3825 10.
677 3770 1071 3820 Fortitudinem
1116 3783 1293 3817 meam
1333 3783 1368 3818 α
1392 3774 1437 3817 te
1478 3770 1795 3819 custodiam.
1838 3769 1923 3821 Illi
1948 3771 2100 3823 enim

504 3844 702 3903 fortes,
730 3841 827 3904 qui
862 3841 920 3890 in
953 3852 1045 3890 me
1066 3839 1377 3903 irrueiunt,
1404 3839 1532 3891 ideo
1561 3840 1895 3891 ceciderunt
1930 3842 2102 3904 :quia

500 3911 902 3965 fortitudinem
940 3922 1104 3961 suam
1125 3923 1161 3960 a
1180 3914 1235 3961 te
1257 3923 1373 3961 non
1396 3911 1810 3974 custodierunt,
1832 3910 1934 3962 sed
1948 3912 2017 3962 de
2038 3925 2100 3963 se

502 3986 1017 4049 prmsumpserunt.
1046 3983 1161 4045 Ego
1187 3984 1379 4033 autem
1402 3981 1779 4043 fortitudinem
1804 3997 1979 4031 meam
2003 3999 2038 4031 a
2055 3989 2100 4031 te

502 4054 829 4118 custodiam;
868 4053 1002 4117 quia
1025 4053 1074 4103 si
1112 4053 1330 4112 recedo,
1357 4053 1530 4104 cado:
1576 4053 1624 4103 si
1646 4053 1875 4116 accedo,
1906 4053 2101 4118 fortior

504 4125 599 4176 ﬁo.
628 4117 830 4176 Videte
860 4123 995 4186 quid
1012 4129 1101 4175 est
1122 4124 1183 4174 in
1204 4124 1398 4174 anima
1416 4123 1688 4175 humana.
1706 4125 1832 4175 Non
1847 4124 2025 4175 habet
2039 4117 2099 4172 ei

506 4209 571 4248 se
584 4195 780 4247 lumen
799 4207 941 4246 :non
957 4194 1214 4246 habetex
1232 4207 1294 4246 se
1322 4195 1501 4246 vires:
1530 4200 1711 4246 totum
1732 4200 1947 4258 autem,
1964 4196 2099 4257 quod

504 4266 809 4332 pulchrum
830 4270 917 4316 est
941 4266 1000 4316 in
1024 4266 1235 4327 anima,
1266 4266 1453 4317 virtus
1477 4271 1537 4317 et
1559 4266 1838 4330 sapientia
1862 4271 1967 4317 est.
1992 4266 2099 4318 Sed

504 4351 613 4390 nec
652 4339 779 4401 ipsa
815 4336 925 4387 sibi
958 4337 1057 4387 lux
1090 4339 1197 4399 est,
1230 4349 1337 4388 nec
1370 4337 1496 4401 ipsa
1529 4336 1637 4387 sibi
1662 4336 1846 4387 virtus
1869 4341 1975 4387 est.
2001 4338 2103 4387 Est

505 4409 773 4473 quendam
792 4408 949 4472 origo
966 4408 1211 4471 fonsque
1242 4408 1469 4459 virtutis
1493 4411 1552 4459 et
1576 4408 1873 4471 sapientiae
1894 4409 2050 4458 Deus
2072 4424 2100 4455 a

503 4493 619 4543 quo
643 4479 919 4531 recedens
939 4479 1129 4529 anima
1140 4480 1488 4542 tenebratur,
1512 4477 1794 4529 accedens
1810 4477 2098 4528 illumina-

504 4555 616 4602 tur.
643 4552 791 4613 Ergo
816 4549 1208 4600 fortitudinem
1226 4561 1411 4601 meam
1430 4562 1463 4599 a
1484 4554 1538 4599 te
1555 4549 1903 4610 custodiam,
1926 4562 2041 4599 uon
2065 4561 2101 4599 a

2123 3310 2172 3386 C

2208 1922 2299 1969 est
2321 1930 2355 1968 a
2390 1918 2516 1969 Tito
2552 1923 2611 1969 et
2633 1918 3009 1982 Vespasiano,
3045 1918 3149 1981 qui
3172 1918 3451 1983 populum
3477 1918 3806 1969 Judseorum

2207 1989 2659 2053 captivaverunt.
2683 1991 2799 2040 Nec
2825 1995 3017 2040 tamen
3032 1989 3143 2040 hoc
3160 1989 3357 2040 virtuti
3377 2002 3588 2040 eorum
3608 1988 3809 2039 adscri-

2206 2060 2442 2111 bendun
2464 2065 2579 2111 est:
2601 2060 2701 2111 sed
2715 2061 2833 2123 Dei,
2852 2061 2952 2123 qui
2972 2060 3246 2124 praestitit
3271 2060 3373 2117 eis,
3404 2064 3477 2110 ut
3496 2059 3614 2111 hoc
3638 2058 3806 2110 facere

2206 2132 2549 2195 potuissent.
2584 2132 2785 2183 Omnis
2810 2132 2963 2182 enim
2989 2136 3249 2195 potestas
3283 2144 3317 2181 a
3339 2133 3465 2182 Deo
3490 2132 3669 2192 (Rom.
3694 2129 3805 2191 13.}.

2207 2204 2510 2265 Propterea
2531 2214 2647 2253 non
2683 2202 2901 2253 dictum
2935 2206 3044 2265 est,
3078 2202 3336 2266 Disperge
3370 2202 3494 2251 illos
3516 2203 3579 2253 in
3611 2202 3809 2252 virtute.

2205 2272 2477 2335 hostium,
2511 2273 2631 2336 sed,
2664 2272 2725 2320 in
2761 2273 2953 2321 virtute
2992 2277 3089 2321 tua
3115 2289 3128 2322 :
3156 2274 3293 2336 quia
3337 2275 3423 2335 (ut
3456 2273 3686 2327 dictum
3710 2277 3807 2323 est?

2205 2344 2394 2394 omnis
2420 2345 2605 2395 virtus
2628 2355 2663 2395 a
2686 2345 2804 2395 Deo
2827 2347 2931 2394 est.
2948 2345 3014 2393 Et
3027 2356 3150 2394 non
3167 2344 3355 2395 solum
3378 2344 3680 2408 disperge.
3695 2344 3809 2393 sed.

2204 2427 2238 2465 ο
2262 2415 2524 2472 Domine,
2561 2414 2659 2478 qui
2688 2427 2781 2465 me
2804 2414 3060 2478 protegis
3080 2420 3139 2466 et
3160 2414 3440 2477 defendis,
3467 2415 3698 2479 depone
3718 2427 3811 2465 eos

2204 2497 2239 2536 a
2269 2486 2470 2537 timore
2501 2483 2805 2549 superbiai.
2832 2488 2952 2536 Hoc
2972 2490 3064 2536 est
3080 2486 3237 2548 quod
3264 2486 3603 2549 subjungit:
3632 2486 3699 2534 Et
3732 2486 3811 2533 de-

2201 2570 2344 2621 {one
2366 2571 2465 2615 eos,
2513 2562 2772 2619 protector
2800 2571 2965 2618 meus,
2999 2557 3250 2606 Domine.
3295 2557 3515 2608 Deinde
3559 2556 3812 2608 ostendit

2205 2627 2344 2689 quid
2373 2627 2433 2678 in
2456 2627 2539 2678 eis
2563 2628 2771 2692 deponi
2800 2626 2955 2679 velit.

2268 2698 2355 2752 13.
2383 2699 2640 2747 Delictum
2664 2700 2775 2747 oris
2798 2714 3000 2760 eorum,
3025 2712 3325 2748 sermonem
3365 2698 3646 2749 labici-um
3670 2699 3810 2761 ipso-

2203 2785 2351 2819 rum.
2379 2771 2574 2821 Sermo
2590 2770 2872 2820 labiorum
2895 2774 2954 2820 et
2980 2769 3260 2821 delictum
3284 2770 3404 2821 oris
3430 2769 3808 2833 fuit,quando

2204 2842 2277 2893 de
2304 2842 2530 2892 Christo
2554 2841 2826 2892 dixerunt
2852 2859 2866 2889 :
2894 2841 3261 2892 Dtemonium
3286 2842 3463 2893 habet
3489 2856 3505 2891 :
3540 2842 3707 2893 Reus
3725 2846 3809 2892 est

2203 2912 2427 2975 mortis,
2451 2917 2511 2963 et
2531 2912 2638 2964 alia
2670 2913 3006 2973 bujusmodi
3039 2912 3222 2973 (Joan.
3249 2912 3302 2966 7.
3329 2917 3376 2962 et
3400 2912 3529 2975 19.).
3556 2914 3687 2964 Hoc
3709 2924 3809 2962 au-

2204 2988 2322 3036 tem
2342 2983 2630 3044 delictum,
2657 2983 2783 3034 ideo
2806 2982 2942 3034 dicit
2965 2996 2979 3033 :
3009 2983 3329 3033 Sermonem
3360 2984 3661 3048 labiorum,
3678 2984 3804 3047 quia

2203 3055 2338 3107 talia
2359 3055 2698 3119 improperia
2713 3059 2906 3119 aperte
2923 3054 3219 3118 dixerunt,
3236 3055 3425 3120 palam
3452 3056 3802 3119 praedicare

2200 3130 2352 3178 runt.
2398 3125 2532 3177 Tale
2570 3125 2861 3189 delictum,
2889 3124 3061 3176 talem
3103 3138 3435 3178 sermonem
3486 3125 3718 3189 depone
3749 3134 3798 3175 et

2202 3197 2524 3261 destrue,et
2543 3196 2613 3247 de
2637 3209 2733 3247 ore
2758 3202 2815 3247 et
2837 3196 3004 3247 labiis
3035 3209 3242 3248 eorum
3266 3198 3412 3248 tolle.
3447 3199 3516 3247 In
3534 3197 3656 3248 hoc
3678 3196 3797 3247 volo

2200 3268 2452 3331 deponas
2474 3280 2593 3330 eos,
2613 3279 2732 3318 non
2751 3266 3075 3318 secundum
3094 3273 3387 3331 naturam,
3403 3268 3507 3319 sed
3520 3271 3795 3317 secundum

2198 3338 2442 3403 culpam.
2471 3338 2556 3389 Illi
2583 3350 2677 3389 me
2705 3338 3028 3389 interimere
3067 3343 3461 3391 tentaverunt.
3488 3340 3577 3390 Tu
3618 3344 3800 3391 autem

2200 3411 2312 3474 (Ex
2328 3410 2651 3474 Augustino)
2664 3408 3063 3461 resuscitando
3073 3409 3388 3472 Christum,
3406 3422 3589 3473 quem
3603 3413 3800 3472 perdere

2199 3481 2524 3541 voluerunt,
2551 3480 2810 3531 occidisti
2834 3479 3107 3531 delictum
3130 3482 3249 3532 oris
3276 3494 3498 3545 eorum,
3522 3496 3797 3531 sermones:

2198 3553 2479 3604 labiorum
2503 3552 2776 3616 ipsorum.
2797 3551 3015 3615 Quippe
3031 3564 3207 3614 quem
3226 3553 3587 3616 perdendum
3605 3552 3803 3604 clama-

2198 3628 2423 3685 verunt,
2460 3623 2654 3673 vivere
2681 3626 3038 3686 expaverunt
3064 3641 3075 3671 :
3115 3627 3177 3674 et
3204 3636 3380 3686 quem
3408 3624 3472 3674 in
3497 3627 3653 3675 terra
3671 3637 3799 3674 con-

2199 3701 2491 3746 temserun
2501 3698 2538 3754 t,
2550 3694 2610 3744 in
2627 3693 2769 3745 caelo
2780 3693 3004 3744 adorari
3024 3695 3098 3745 ab
3110 3695 3386 3745 omnibus
3397 3696 3679 3759 gentibus
3699 3696 3797 3745 mi-

2199 3766 2303 3817 rati
2320 3770 2472 3817 sunt.
2490 3765 2578 3816 Sic
2606 3764 2900 3815 deleantur
2924 3764 3158 3815 delicta:
3178 3766 3250 3815 Et
3272 3767 3797 3829 comprehendantur

2200 3839 2258 3885 in
2274 3835 2526 3899 superbia
2547 3837 2742 3886 sua.Et
2759 3847 2889 3886 vere
2913 3835 3319 3900 comprehensi
3341 3843 3500 3888 sunt.
3517 3837 3617 3887 llle
3632 3838 3793 3891 enim.

2199 3920 2372 3971 quem
2407 3906 2790 3970 superbiendo
2814 3906 3167 3967 occiderunt,
3194 3909 3474 3959 surrexit:
3507 3912 3568 3959 et
3587 3908 3790 3958 factum

2199 3994 2396 4033 eorum
2438 3981 2497 4031 in
2530 3981 2751 4031 irritum
2786 3980 2962 4043 venit,
2998 3986 3304 4044 peccatum
3336 3983 3637 4034 remansit.
3660 3983 3792 4044 Quia

2200 4065 2335 4116 ergo
2353 4053 2567 4103 factum
2583 4055 2922 4103 evacuatum
2935 4056 3042 4115 est,
3055 4057 3361 4116 peccatum
3376 4058 3575 4104 autem
3586 4054 3789 4105 mansit

2404 4136 2572 4187 super
2584 4123 2888 4174 facientes:
2913 4122 3300 4187 συνηριτὴωεὶ
3319 4129 3449 4173 sunt
3470 4123 3530 4171 in
3544 4125 3789 4189 superbia

2198 4210 2335 4257 θυαμ,
2348 4194 2595 4245 convicti
2620 4197 2756 4245 sunt
2787 4191 2932 4244 male
2950 4205 3012 4243 se
3024 4198 3083 4244 et
3099 4195 3349 4258 superbe
3363 4195 3577 4257 egisse.
3602 4198 3791 4246 Resta-

2199 4266 2298 4316 bat
2312 4278 2444 4329 ergo
2461 4269 2527 4315 ut
2537 4264 2945 4315 confiterentur
2959 4269 3285 4328 peccatum,
3305 4269 3363 4317 et
3373 4264 3468 4316 ille
3481 4267 3789 4329 ignosceret

2200 4335 2296 4397 qui
2319 4340 2553 4386 venerat
2591 4334 2805 4386 solvere
2835 4338 3070 4398 peccata
3106 4334 3300 4397 (Joan.
3328 4336 3419 4398 1.).
3444 4337 3690 4387 Factum
3709 4341 3788 4387 est

2197 4405 2307 4457 hoc
2323 4407 2445 4469 jam
2468 4418 2502 4457 a
2532 4406 2897 4469 quibusdam.
2912 4406 3293 4457 Postmodum
3316 4406 3417 4458 flet
3438 4407 3500 4458 in
3520 4408 3787 4471 pluribus.

2200 4477 2333 4527 Ideo
2358 4477 2729 4539 subjunctum
2753 4480 2867 4527 est:
2893 4476 2962 4524 Et
2977 4476 3039 4523 de
3062 4478 3426 4526 exsecratione
3449 4482 3497 4525 et
3520 4478 3790 4527 πιεηάίιςίο

2198 4562 2310 4597 ann
2322 4563 2391 4595 un
2402 4546 2753 4596 tiabunturin
2766 4548 3247 4598 consummatione.
3262 4549 3342 4599 De
3354 4560 3421 4599 eo
3438 4549 3593 4610 quod
3606 4549 3793 4599 Domi-

502 4625 559 4672 te
580 4620 866 4679 recedam,
891 4632 1009 4670 non
1032 4620 1103 4671 de
1133 4632 1226 4671 me
1250 4632 1632 4685 praesumam:
1660 4624 1718 4670 et
1734 4622 1928 4676 merito,
1957 4620 2100 4677 Quia
2136 4671 2177 4685 ἢ
2200 4631 2341 4669 num
2366 4624 2800 4677 execraverunt,
2827 4622 2884 4668 et
2905 4630 3115 4682 corpus
3138 4620 3267 4682 ejus
3291 4619 3548 4670 furatum
3568 4618 3792 4669 mentiti

501 4671 643 4741 Deus
684 4671 951 4752 susceptor
1004 4706 1149 4739 meus
1193 4671 1270 4739 es:
1322 4671 1632 4754 Suscepisti
1677 4671 2095 4741 humanitatem
2127 4671 2340 4743 Dsunt
2361 4689 2571 4752 (Matth.
2597 4671 3255 4752 ‘28.),perpcenitentiam
3282 4694 3341 4740 et
3375 4689 3789 4740 confessionem

502 4773 710 4823 meam,
746 4761 1104 4823 conjungens
1137 4773 1263 4812 eam
1290 4763 1404 4812 tuaa
1446 4761 1763 4812 divinitati:
1791 4759 2097 4824 suscepisti

502 4844 597 4883 me
609 4830 682 4881 ad
701 4831 1541 4895 sanandum,quemadmodum
1558 4832 1817 4883 medicus
1834 4837 2091 4893 aegrotum,

500 4903 657 4952 Deus
682 4913 849 4951 meus
884 4901 981 4963 qui
1004 4903 1209 4953 creasti
1240 4916 1348 4953 me.

568 4969 654 5024 12.
680 4970 1053 5020 Misericordia
1086 4974 1199 5035 ejus
1241 4973 1494 5037 prmvcnit
1528 4988 1625 5022 me.
1653 4973 1758 5023 Ubi
1782 4974 2045 5037 jacebam
2067 4976 2094 5023 εἶ

502 5045 624 5104 Quo
660 5044 884 5093 erectus
932 5057 1059 5094 sum
1092 5046 1120 5092 ?
1164 5045 1307 5094 Ecce
1356 5056 1533 5105 quare
1577 5057 1691 5093 non
1717 5044 1896 5095 debeo
1937 5040 2082 5112 291

499 5114 570 5165 de
604 5126 696 5164 me
721 5126 1092 5177 praesumere,
1126 5114 1267 5176 quia
1295 5126 1411 5163 non
1444 5120 1863 5177 prtecesseruut
1896 5116 2093 5166 merita

498 5198 647 5247 mea,
700 5184 801 5235 sed
856 5184 1138 5247 prmvenit
1194 5196 1288 5234 me
1342 5184 1535 5234 divina
1575 5186 1978 5247 misericordia,
2028 5190 2093 5237 ut

493 5258 692 5321 justus
716 5268 922 5307 essem.
952 5257 1079 5305 Non
1102 5267 1331 5305 movere
1355 5267 1462 5305 nos
1486 5255 1672 5317 debet,
1690 5256 2091 5318 quodfrequen-

498 5332 585 5378 ter
615 5338 891 5390 personas
924 5328 1128 5376 mutat.
1153 5325 1305 5376 Talis
1348 5329 1437 5376 est
1481 5325 1633 5375 enim
1678 5339 1823 5376 usus
1847 5327 2091 5390 prophe-

498 5398 613 5449 tiae.
646 5396 813 5447 Modo
838 5396 1121 5447 convertit
1163 5409 1225 5447 se
1251 5396 1324 5449 ad
1373 5396 1702 5447 familiarem
1737 5398 1965 5448 Domini
2007 5398 2088 5448 lo-

495 5468 806 5528 cutionem,
830 5480 864 5517 a
897 5480 1012 5529 quo
1045 5467 1251 5532 accipit
1283 5467 1597 5532 prophetiae
1633 5467 2037 5519 revelationem
2073 5482 2085 5517 :

494 5538 668 5590 modo
696 5551 757 5589 se
772 5538 845 5588 ad
868 5539 1157 5590 auditores
1187 5539 1489 5601 convertit,
1514 5543 1580 5589 ut
1612 5551 1711 5589 eos
1747 5538 1991 5590 aedificet
2014 5551 2086 5589 ex

492 5610 586 5659 his
610 5622 741 5671 quae
766 5610 1009 5660 Domino
1033 5609 1321 5661 revelante
1342 5610 1576 5673 agnovit
1601 5626 1613 5660 :
1633 5610 1802 5661 modo
1816 5614 2010 5660 autem
2032 5612 2085 5658 in

493 5691 736 5742 persona
757 5691 863 5729 sua
885 5680 1158 5743 loquitur:
1185 5681 1357 5732 modo
1381 5681 1438 5731 in
1465 5694 1709 5744 persona
1721 5684 2081 5730 membrorum:

493 5747 664 5797 modo
694 5748 754 5797 in
779 5762 1021 5811 persona
1035 5751 1259 5802 Christi.
1296 5752 1457 5803 Unde
1480 5765 1636 5803 nunc
1652 5754 1886 5801 subditur
1913 5752 2084 5801 :Dcus

494 5815 721 5891 ostendit
751 5818 1063 5891 mihisuper
1081 5821 1328 5891 inimicos
1344 5837 1501 5871 meos.
1529 5826 1812 5883 Quantam
1838 5823 1948 5884 (Ea:
1969 5824 2085 5871 Au-

494 5883 724 5948 gustino)
743 5884 893 5937 circa
903 5899 994 5938 me
1018 5888 1219 5942 habuit
1237 5891 1702 5957 misericordiam,
1726 5893 1785 5943 in
1799 5883 1909 5945 illis
1942 5892 2081 5945 mihi

2194 4759 2329 4810 inde
2379 4759 2588 4820 educti,
2623 4758 3123 4809 annuntiabuntur
3169 4759 3230 4810 in
3277 4761 3788 4817 consummatione,

2193 4830 2363 4893 idest,
2388 4830 2999 4894 priedicabunturesse
3015 4830 3269 4893 perfecti.
3284 4830 3789 4893 Deipsamagnitu-

2192 4901 2326 4973 dine
2349 4902 2563 4976 peccati
2588 4901 2716 4976 plus
2746 4900 3223 4976 humiliabuntur,
3261 4906 3321 4976 et
3340 4903 3543 4976 majori
3563 4901 3791 4976 humili-

2193 4972 2309 5026 tale
2334 4973 2471 5036 erigi
2505 4974 2898 5032 merebuntur,
2937 4975 2996 5022 et
3019 4983 3087 5022 eo
3125 4972 3317 5037 magis
3342 4972 3579 5036 perfecti
3608 4977 3789 5024 erunL

2193 5045 2326 5108 quia
2359 5049 2477 5095 tam
2523 5042 2842 5094 execrabile
2867 5045 3169 5106 peccatum
3194 5056 3260 5095 se
3301 5045 3616 5095 commissa
3643 5042 3790 5095 dole

2191 5116 2354 5166 bunt.
2381 5117 2450 5165 Et
2473 5115 2580 5165 hoc
2613 5114 2728 5173 flet,

2254 5186 2339 5240 14.
2366 5186 2431 5234 In
2462 5186 2551 5234 ira
2596 5184 3080 5234 consummationis
3121 5189 3171 5233 et
3212 5200 3327 5234 non
3359 5191 3536 5235 erunt.
3592 5185 3785 5235 Omnis
3878 5208 3880 5215 -

2190 5256 2445 5308 vindicta
2466 5257 2571 5307 Dei
2586 5256 2671 5306 ira
2694 5256 2918 5306 dicitur.
2943 5254 3053 5305 Sed
3070 5254 3415 5319 plerumque
3438 5257 3511 5308 ad
3532 5256 3645 5307 hoc
3666 5256 3785 5306 vin-
3878 5280 3880 5311 ;

2190 5327 2342 5379 dicat
2368 5329 2540 5390 Deus,
2566 5325 2899 5390 utperflciat
2922 5325 3075 5377 sicut
3107 5327 3391 5390 scriptum
3413 5333 3501 5379 est
3532 5343 3545 5377 :
3573 5326 3781 5390 Flaget-

2188 5396 2269 5448 lat
2292 5410 2522 5449 omnem
2549 5398 2730 5448 filium
2753 5408 2924 5459 quem
2951 5396 3152 5460 recipit
3186 5397 3367 5461 (Prov.
3402 5397 3453 5453 3.
3479 5397 3634 5449 Hebr.
3662 5396 3777 5451 12.7.
3878 5400 3880 5403 '

2188 5469 2530 5531 Plerumque
2575 5468 2648 5519 ad
2691 5468 2800 5519 hoc
2831 5466 3103 5531 vindicat,
3139 5473 3207 5519 ut
3232 5468 3494 5529 damnet,
3527 5470 3673 5518 sicut
3694 5466 3779 5515 di-

2188 5543 2385 5591 cturus
2410 5543 2500 5591 est
2519 5539 2775 5603 reprobis
2804 5552 2817 5588 :
2854 5541 2937 5590 Ite
2960 5539 3019 5590 in
3044 5539 3243 5600 ignem
3270 5545 3549 5592 aeternum
3574 5537 3775 5599 (Matth.

2186 5609 2313 5672 ‘25.).
2332 5613 2420 5661 Ira
2438 5610 2612 5673 igitur
2635 5610 3171 5670 consummationis,
3198 5616 3292 5661 est
3307 5612 3395 5663 ira
3406 5607 3770 5665 correctionis,

2187 5680 2416 5744 quando
2434 5686 2669 5745 paterna
2691 5681 2773 5732 ira
2798 5681 3049 5731 vindicat
3070 5681 3227 5731 Deus
3252 5682 3458 5747 culpas
3480 5682 3539 5733 in
3556 5680 3659 5731 hoc
3673 5688 3773 5726 εει

2186 5752 2333 5808 culo,
2359 5755 2426 5802 ut
2447 5752 2715 5804 emendet
2744 5756 2802 5803 et
2830 5752 3103 5816 perficiat.
3130 5754 3640 5805 Annuntiabuntur
3664 5748 3767 5797 ita~

2184 5836 2293 5886 que
2316 5822 2843 5875 consummationes
2866 5823 2922 5873 in
2945 5823 3029 5873 ira
3050 5820 3761 5881 consummationisidest,

2184 5894 2244 5947 in
2269 5893 2367 5946 tali
2396 5893 2497 5959 ira,
2515 5906 2646 5958 quae
2678 5897 3043 5947 consummet
3068 5906 3187 5958 eos,
3206 5899 3269 5947 et
3292 5896 3564 5960 perficiat.
3578 5893 3640 5942 Et
3662 5902 3756 5938 nos
