3880 6222
95 389 206 444 881

1138 388 1212 438 ΙΝ
1247 384 1564 438 PSALMOS
1599 382 1804 435 LXXV
1826 377 2404 432 COMMENTARIUS.

3317 357 3425 415 882

95 508 273 552 erunt
287 501 618 565 (subaudis)
630 500 772 553 tales
784 500 1126 565 qualesante
1137 499 1504 570 exstiterant:
1539 496 1732 570 scilicet
1753 497 1808 570 Α
1831 490 2156 570 versionem
2176 487 2456 570 invitatis!
2485 485 2540 565 Si
2562 485 2760 565 utique
2781 479 3238 570 peccata'nostra
3255 473 3424 570 nobis

94 574 383 637 superbi,
404 577 794 636 exsecrantes,
820 571 1149 623 mendaces.
1184 569 1305 622 Tali
1319 569 1491 621 modo
1523 568 1730 618 dicitur

95 645 284 696 alibi:
331 648 514 696 Verte
555 645 780 708 impios,
806 647 862 693 et
903 656 1020 693 non
1062 644 1234 694 erunt
1279 642 1458 703 (Prov.
1507 637 1632 701 122.).
1661 637 1729 708 Et

96 718 299 776 scient,
320 718 465 780 quia
480 707 745 764 Dominus
756 714 941 762 domin
949 713 1131 761 abitur
1139 711 1490 774 Jacob,idest,
1506 712 1536 760 J
1544 707 1729 760 udaici

96 787 344 850 populi:
401 787 465 836 Et
488 787 688 848 ﬁnium
724 790 874 834 terra:
902 784 1070 847 idest,
1095 783 1362 833 Gentium
1401 794 1498 844 per
1525 792 1727 831 omnes

100 863 319 909 terras.
343 859 512 909 Tunc
527 860 844 919 agnoscent
858 854 1108 906 eundem
1125 856 1312 904 Deum
1324 858 1379 903 et
1392 852 1728 903 Judworum

100 942 234 980 esse
252 934 318 981 et.
344 929 638 980 Gentium.
667 932 854 979 Antea
870 926 1016 991 justi
1033 925 1145 976 sibi
1180 924 1540 985 videbantur,
1572 920 1726 984 quod

97 1000 301 1064 legem
325 1003 696 1063 acceperant,
721 998 875 1062 quod
899 998 1001 1049 Dei
1026 1000 1315 1061 praecepta
1337 997 1723 1064 servaverant.

100 1063 598 1124 Demonstratum
624 1074 715 1120 est
735 1069 820 1120 eis
844 1068 996 1131 quod
1026 1080 1145 1119 non
1169 1068 1572 1117 servaverunt:
1592 1063 1728 1127 quia

100 1144 163 1194 in
209 1142 302 1193 eis
337 1141 637 1193 Christum
660 1153 778 1191 non
808 1138 1229 1191 intellexerunt.
1256 1134 1549 1189 Videbunt
1571 1134 1725 1198 quod

99 1216 329 1267 Gentes
346 1226 471 1264 non
481 1212 727 1264 debeant
743 1214 1132 1262 contemnere.
1150 1208 1365 1260 Omnes
1382 1206 1535 1257 enim
1550 1219 1726 1266 pecca-

101 1288 328 1336 verunt
368 1285 431 1335 et
458 1287 632 1347 egent
654 1281 843 1346 gratia
864 1280 968 1331 Dei
994 1280 1161 1343 (Rom.
1188 1276 1279 1341 3.).
1306 1277 1605 1340 Deponent
1627 1288 1725 1347 su-

100 1354 401 1420 perbiam,
448 1345 517 1405 et
540 1345 712 1404 saluti
743 1352 1014 1403 Gentium
1044 1361 1160 1401 non
1182 1348 1525 1420 invidebunt
1550 1360 1563 1396 :
1588 1345 1725 1409 quia

100 1418 311 1491 parem
341 1436 515 1476 suam
542 1429 600 1475 et
615 1424 843 1474 illorum
857 1424 1210 1485 cognoscent
1228 1418 1619 1491 inﬁrmitatem
1638 1434 1648 1463 :
1665 1421 1724 1469 et

104 1488 164 1548 in
188 1496 469 1560 angulari
498 1494 685 1558 lapide
709 1492 957 1558 copulati
984 1491 1199 1556 (Ephes.
1225 1488 1318 1560 2.),
1340 1488 1512 1540 simul
1536 1490 1722 1539 Deum

103 1559 465 1620 adorabunt.
482 1566 699 1617 Dicitur
713 1577 848 1629 ergo
859 1567 928 1615 de
939 1562 1158 1615 Judaais
1173 1559 1328 1624 quod
1346 1570 1519 1624 supra
1533 1561 1721 1607 dictum

107 1642 196 1691 est
217 1639 293 1690 de
340 1637 630 1689 Gentibus
652 1650 665 1686 :

174 1708 260 1763 15.
295 1708 691 1759 Convertentur
712 1706 787 1755 ad
814 1720 1107 1769 vesperam,
1130 1704 1299 1767 idest,
1322 1702 1381 1753 in
1404 1702 1578 1753 ﬁnem
1602 1713 1715 1753 sm-

107 1779 241 1831 culi.
255 1779 548 1842 Reliquias
565 1779 718 1829 enim
742 1776 923 1829 salvae
938 1776 1095 1827 ﬁent.
1115 1776 1180 1824 Et
1202 1775 1401 1837 famem
1428 1772 1587 1824 verbi
1618 1771 1721 1824 Dei

108 1852 603 1933 pai'ienturui‘can
611 1864 684 1929 es,
696 1848 1156 1933 i’des‘t,'ian‘qu.am
1171 1849 1517 1933 peccatores.
1536 1842 1722 1925 Et'cir-
1749 1859 1805 1933 B

110 1921 341 1970 cuibunt
363 1921 655 1982 civitatem,
672 1918 840 1979 idest,
857 1917 1168 1968 Ecclesium
1195 1919 1546 1976 sanctorum,
1561 1916 1718 1961 vitam

111 1997 169 2044 et
189 2004 385 2042 mores
401 1988 810 2053 investigando
828 2004 840 2039 :
860 1988 952 2040 vel
968 1988 1281 2046 civitatem,
1296 1985 1452 2036 idest
1472 1986 1719 2033 mundum

114 2059 923 2123 circuibuntevangelizando.
942 2058 1106 2111 Unde
1121 2060 1312 2121 aperte
1325 2055 1695 2118 subjungitur
1713 2070 1726 2106 :

175 2132 262 2187 16.
298 2134 415 2197 Ipsi
441 2133 818 2196 dispergentur
848 2130 922 2179 ad
951 2128 1423 2189 manducandum,
1457 2125 1626 2187 idest,
1649 2125 1722 2177 ad

116 2204 253 2255 alios
283 2202 774 2267 incorporandum
800 2202 909 2252 sibi
931 2201 992 2252 in
1018 2200 1131 2251 fide
1155 2198 1381 2250 Domini
1403 2200 1543 2249 Jesu
1559 2197 1721 2247 Chri-

119 2277 207 2339 sti,
231 2275 294 2326 Si
318 2290 446 2324 vero
467 2289 579 2323 non
607 2274 815 2337 fuerint
837 2273 1087 2332 satur-ali,
1109 2271 1277 2334 idest,
1316 2270 1365 2320 si
1387 2267 1717 2331 praedicatio

116 2348 183 2396 ad
194 2352 397 2399 votum
411 2358 616 2397 eorum
628 2356 742 2395 non
753 2341 1204 2405 fructiﬁcaverit,
1217 2345 1274 2393 et
1283 2340 1393 2404 ipsi
1403 2343 1535 2388 sicut
1545 2347 1591 2388 et
1602 2354 1720 2401 gen-

120 2423 202 2468 tes
215 2415 653 2466 murmurabunt
676 2430 693 2463 :
722 2414 1009 2478 quomodo
1048 2413 1314 2477 superius
1347 2411 1566 2462 dictum
1589 2415 1677 2461 est
1701 2423 1715 2460 :

118 2490 382 2550 Domine,
422 2487 558 2551 quis
595 2485 811 2538 audivit
834 2490 858 2536 P
886 2485 993 2535 Sed
1020 2486 1142 2549 jam
1165 2481 1543 2535 concludatur
1564 2480 1718 2545 psal—

117 2571 263 2610 mus.
288 2559 502 2610 Videte
525 2557 638 2620 (Ea:
657 2556 990 2620 Augustino)
1009 2553 1286 2618 angulum
1303 2552 1715 2614 exsultantem,

116 2631 230 2692 jam
244 2629 316 2681 de
328 2634 579 2691 utroque
592 2628 805 2691 pariete
827 2629 1174 2688 gaudentem
1184 2664 1196 2676 .
1208 2622 1721 2688 Superbiebantlu-

120 2701 246 2763 daai,
293 2699 585 2752 humiliati
633 2703 787 2750 sunt.
831 2696 1220 2762 Desperabant
1255 2696 1487 2755 Gentes,
1512 2697 1719 2745 erectas

121 2777 271 2823 sunt.
296 2771 555 2823 Veniant
581 2769 655 2821 ad
689 2769 988 2833 angulum.
1015 2768 1101 2818 lbi
1124 2766 1470 2818 conveniant
1493 2779 1506 2814 :
1542 2763 1621 2815 illi
1645 2763 1719 2815 de

121 2842 576 2901 circumcisione,
605 2841 703 2892 isti
725 2840 794 2891 de
805 2839 1105 2904 praeputio.
1126 2840 1190 2888 In
1204 2835 1415 2898 angulo
1430 2839 1622 2886 autem
1636 2840 1720 2886 te-

120 2919 291 2965 neant
302 2926 383 2965 se.
398 2914 474 2964 Et
493 2917 615 2964 tota
634 2913 756 2976 jam
779 2910 1036 2962 Ecclesia
1057 2908 1196 2972 quid
1219 2909 1537 2971 subjungat
1547 2908 1717 2954 audia-

121 2999 265 3037 mus.
294 2986 410 3049 Ego
424 2990 603 3033 autem
620 2982 846 3032 cantabo
860 2980 1237 3045 fortitudinem
1258 2985 1428 3039 tuam,
1446 2982 1491 3026 et
1506 2976 1718 3025 exulta-

122 3056 179 3106 bo
206 3071 369 3106 mane
393 3054 829 3104 misericordiam
856 3059 1025 3102 tuam.
1052 3053 1260 3103 Sancta
1278 3050 1588 3101 electorum
1612 3049 1718 3098 Ec-

121 3127 290 3178 clesia
326 3125 739 3189 fortitudinem,
768 3136 884 3187 qua
915 3123 1202 3174 diabolum
1236 3121 1392 3183 vicit,
1424 3132 1538 3183 qua
1560 3131 1714 3189 mpr-

125 3204 235 3250 tem
258 3197 577 3261 superavit,
595 3208 711 3259 qua
727 3186 1013 3247 infernum
1030 3193 1295 3257 spoliavit
1310 3210 1321 3240 :
1337 3197 1510 3254 atque
1540 3186 1711 3257 293

1828 567 2053 615 tantum
2091 558 2428 617 dimisisset,
2451 555 2778 606 misericors
2804 554 2957 604 recte
2982 549 3095 601 dici
3118 547 3422 608 potuisset.

1830 635 1993 685 Nunc
2024 631 2157 695 quia
2185 632 2242 680 et
2270 616 2504 691 peccata
2526 625 2833 677 dimisit.et
2858 624 3097 695 insuper
3110 616 3426 695 donaaddi-

1829 704 1929 766 dit,
1960 706 2016 753 et
2026 690 2200 765 (quod
2210 690 2539 749 incredibile
2561 697 2697 766 erat)
2712 696 2883 766 etiam
2899 690 3422 766 caelestemgloriarn

1826 757 2127 824 immeritis
2143 766 2537 833 peccatoribus
2559 765 2812 823 donavit,
2841 775 2953 813 non
2979 760 3166 833 solum
3188 757 3422 833 jam_mi-

1828 843 2069 895 sericors
2089 828 2313 899 dicitur,
2326 837 2565 902 sedipsa
2575 833 2965 885 misericordia
2987 831 3160 894 digne
3171 828 3423 902 appella-

1827 919 1934 966 tur.
1964 915 2128 964 Dicat
2150 924 2285 974 ergo
2309 921 2470 969 voce,
2494 911 2554 959 et
2577 904 2747 956 corde
2778 903 3045 954 Ecclesia.
3082 902 3246 974 Dicat
3285 910 3421 950 una-

1827 996 2076 1050 quaeque
2110 972 2297 1034 ﬁdelis
2320 982 2509 1042 anima,
2529 978 2667 1026 Deus
2691 990 2856 1034 meus,
2886 972 3258 1023 misericordia
3281 984 3424 1021 mea.

2140 1067 2503 1133 TITULUS
2560 1062 2879 1128 PSALMI
2923 1060 3099 1124 LIX.

1886 1177 1909 1223 1
1920 1210 1933 1223 .
1950 1176 1994 1219 et
2005 1173 2049 1220 2.
2058 1173 2187 1217 Deus
2197 1164 2641 1229 repulisti.[Vors._1
2653 1161 2765 1229 ti
2777 1163 3062 1229 ﬁneytmro
3074 1156 3425 1229 liis,qui_com-

1822 1219 2182 1295 mutabuntur
2208 1219 2559 1295 inscriplibne
2583 1219 2725 1295 tituli
2877 1220 3050 1295 David
3087 1219 3425 1295 in‘drpctnina

1820 1280 2098 1404 [V2.in
2119 1280 2390 1363 succendi!
2422 1280 2863 1357 Mesopotamiam
2902 1283 3093 1353 Syriae,
3117 1286 3162 1330 et
3189 1280 3421 1349 Syriam

1824 1357 1963 1404 Soba
1989 1392 2001 1404 .
2015 1361 2059 1404 et
2080 1358 2340 1404 convertit
2364 1350 2516 1404 Joab,
2535 1356 2580 1399 et
2590 1351 2843 1404 percussit
2858 1346 3035 1394 Edom
3049 1359 3111 1392 in
3123 1341 3258 1392 valle
3274 1341 3421 1390 Sali-

1824 1341 2002 1416 Ϊςόδέίιξ
2014 1341 2059 1404 et
2078 1353 2340 1404 Tcouvcrtit
2364 1350 2516 1416 Joab,
2535 1341 2580 1416 εὶ
2590 1347 2843 1416 percussit
2984 1359 3040 1416 nt
3049 1341 3262 1416 inﬁvallé'
3274 1341 3423 1416 sali-

1820 1403 2031 1469 τῐὰήὼ
2057 1415 2337 1465 duodecim
2355 1403 2534 1461 millia
2557 1403 2627 1473 [ἑ.
2640 1412 2762 1471 Reg.
2779 1413 2828 1459 8.
2855 1413 2900 1456 et
2917 1411 3005 1467 10;
3024 1412 3069 1457 ι.
3091 1403 3278 1454 Paral.
3299 1406 3416 1473 18:).

1820 1468 2167 1531 HortuoSaule
2194 1485 2454 1538 postquam
2469 1468 2623 1523 David
2662 1468 2879 1538 obtinuit
2908 1483 3142 1538 regnum,
3161 1468 3422 1538 succendit

1819 1530 2215 1601 Mesopotamiam
2226 1577 2237 1598 ,
2250 1530 2438 1588 scilicet
2449 1542 2636 1601 partem
2651 1533 2826 1601 Syriae,
2841 1538 2887 1601 et
2903 1534 3096 1601 Syriam
3110 1531 3255 1578 Sobal
3267 1530 3419 1601 aliam

1820 1596 2007 1666 partem
2024 1596 2503 1666 Syrize,ctconvcrtit
2515 1600 2576 1645 ad
2596 1611 2647 1644 se
2662 1597 2780 1643 Joab
2795 1597 3060 1666 inimicum
3075 1606 3223 1666 suum
3238 1596 3284 1638 et
3296 1606 3421 1666 per-

1820 1655 2156 1721 cussitEdom,
2182 1655 2231 1712 id
2256 1667 2354 1724 est,
2368 1664 2416 1709 Id
2426 1673 2638 1724 animum
2657 1659 2919 1724 populum.
2937 1656 3060 1724 quia
3077 1660 3180 1701 erat
3196 1655 3419 1724 populus

1820 1732 1909 1777 ille
1931 1731 1992 1776 de
2043 1716 2170 1774 terra
2192 1716 2409 1773 Idumam
2458 1716 2669 1785 (Genes.
2704 1720 2972 1785 ‘25.),un
2992 1718 3075 1785 sic
3120 1722 3293 1785 vocata
3322 1716 3418 1761 fuit

1819 1794 1881 1839 ab
1905 1793 2032 1838 Esau
2078 1790 2370 1847 habitatore,
2418 1779 2507 1844 qui
2566 1787 2770 1830 vocatus
2812 1780 2907 1827 fuit
2940 1779 3090 1847 Edoni
3136 1782 3415 1847 propterea,

1822 1856 1944 1912 quia
1972 1852 2150 1900 dilexit
2193 1839 2405 1912 terrena,
2434 1839 2523 1912 Per
2565 1848 2654 1893 has
2695 1848 2858 1912 autem
2904 1841 3139 1912 victorias
3156 1839 3419 1912 'in‘lellexit

1823 1902 1974 1963 David
2019 1914 2250 1961 victorias
2293 1910 2498 1965 Christi,
2542 1921 2669 1967 quas
2703 1904 2925 1952 facturus
2946 1908 3049 1967 erat
3068 1903 3126 1967 in
3148 1902 3347 1948 Judzeos
3371 1905 3418 1946 et

1822 1980 1877 2024 in
1905 1978 2102 2026 Gentes.
2133 1974 2331 2021 Titulus
2368 1974 2441 2019 sic
2478 1964 2574 2017 est?
2622 1970 2715 2015 Iste
2736 1967 2961 2026 psalmus
2999 1964 3202 2011 habitus
3231 1968 3303 2009 est
3326 1976 3416 2026 pro

1820 2041 1920 2096 his,
1946 2039 1998 2086 id
2022 2025 2115 2093 est,
2153 2036 2214 2082 ad
2240 2037 2481 2082 honorem
2510 2025 2752 2096 illorum;
2772 2030 2861 2088 qui
2885 2027 3335 2077 commulabuntur
3359 2025 3413 2070 in

1822 2111 1992 2164 linem,
2018 2109 2072 2155 id
2091 2111 2184 2161 est,
2209 2107 2265 2153 in
2292 2104 2566 2159 Christum,
2796 2099 2874 2145 vel
2896 2099 2951 2144 in
2972 2095 3413 2157 perseverantiam,

1822 2178 2047 2227 Ostendit
2092 2178 2216 2223 duas
2246 2173 2660 2222 commutationes
2687 2171 2849 2228 justi:
2894 2181 3045 2215 unam
3080 2167 3135 2213 in
3171 2167 3264 2212 hac
3288 2167 3411 2221 vita,

1819 2251 1935 2300 qua:
1956 2240 2009 2286 ﬁt
2041 2240 2103 2285 de
2142 2242 2342 2300 peccato
2378 2236 2439 2281 ad
2468 2234 2743 2300 justitiam;
2777 2231 3060 2300 secundum
3088 2229 3141 2274 in
3165 2229 3267 2275 alia
3291 2229 3411 2283 vita,

1816 2292 1931 2360 quas
1954 2306 2026 2348 est
2050 2301 2111 2347 de
2133 2292 2431 2345 mortalitate
2453 2297 2515 2360 ad
2536 2292 3143 2360 immortalitathuQua)
3183 2302 3414 2360 cominu-

1824 2352 1940 2411 fatio
1964 2364 2046 2408 tiet
2076 2361 2402 2420 inscriptione
2437 2359 2568 2404 tituli
2601 2360 2830 2420 suscepta
2859 2367 2971 2420 per_
2988 2354 3156 2420 fidem,
3173 2414 3183 2420 _
3202 2352 3413 2420 scilicet,

1820 2427 1941 2485 quia
1955 2425 2166 2472 credunt
2180 2413 2432 2470 Christum
2447 2433 2611 2485 regem
2619 2421 2653 2485 _J
2660 2418 2724 2464 ud
2732 2430 2919 2485 morum
2954 2414 3287 2485 inscriptione
3298 2413 3414 2485 dico

1821 2475 1948 2535 facta
1970 2487 2069 2545 ipsi
2101 2485 2278 2540 David,
2304 2485 2355 2530 id
2390 2488 2483 2538 est,
2503 2475 2731 2545 ‘Christo,
2764 2476 3334 2545 eundo_in_docti‘inam,
3360 2475 3413 2545 id

1818 2550 1979 2605 est,ln
1990 2537 2240 2606 praecepta
2259 2537 2388 2604 ejus,
2414 2543 2733 2602 subjiciendo
2747 2555 2799 2606 se
2819 2541 2925 2606 legi
2936 2540 3100 2606 ipsius
3132 2537 3337 2606 Christi,
3359 2541 3414 2582 ut

1818 2598 2097 2659 secundum
2121 2598 2228 2657 eam
2247 2598 2408 2665 legem
2438 2598 2724 2664 operentur.
2761 2598 3023 2665 Quia'iides
3039 2601 3150 2647 sine
3175 2598 3413 2658 operibus

1818 2678 2013 2720 mortua
2024 2677 2099 2718 est
2137 2663 2338 2732 (Jacob.
2363 2667 2449 2732 2.)ἶ
2468 2663 2914 2732 Commutabuntui-
2929 2663 3048 2732 dico
3060 2675 3174 2708 cum
3198 2673 3408 2732 succen-

1817 2737 1908 2795 dit,
1927 2735 1977 2781 id
1990 2739 2079 2788 est,
2094 2723 2183 2792 per
2203 2734 2296 2779 hoc
2320 2723 2453 2790 quod
2471 2729 2731 2776 succendit
2751 2728 2866 2795 igne
2884 2724 2986 2795 Dei,
3006 2723 3408 2795 Mesopotamiam

1816 2784 1993 2856 Syrias,
2025 2784 2078 2841 id
2094 2784 2468 2856 -est,rJud‘aaos,
2503 2804 2629 2850 quos
2666 2788 2894 2856 vocando
2916 2785 3149 2856 elevavit
3179 2784 3409 2856 insitam

1816 2844 2128 2917 dignitatem,
2150 2844 2240 2915 qui
2271 2856 2415 2913 prius
2439 2844 2582 2917 erant
2602 2851 2864 2917 sublimes,
2882 2849 2932 2894 id
2969 2851 3060 2917 est,
3086 2844 3412 2917 singulariter

1816 2904 2020 2979 stipam
2034 2920 2092 2965 de
2105 2904 2389 2979 cogniiione
2410 2915 2495 2979 Dei
2515 2933 2525 2960 :
2544 2904 2894 2979 Mesopotamia
2904 2904 3173 2979 animalia
3183 2904 3407 2962 vacatio,

1817 2970 1963 3041 Syria
1983 2995 2099 3027 vero
2131 2970 2375 3041 sublimis
2407 2970 2776 3041 interpretatur.
2803 2973 2859 3041 Et
2882 2970 3411 3041 idcmChristussuc-

1816 3032 1981 3091 cendit
2010 3043 2206 3102 Syriam
2226 3040 2391 3099 Sobal,
2413 3039 2464 3085 id
2481 3032 2571 3102 est,
2590 3034 2724 3102 ipsos
2745 3035 2947 3102 Judreos
2957 3032 3227 3102 sublimes,
3245 3035 3291 3077 et
3316 3042 3409 3102 sii-

1816 3106 1993 3165 perbos
2008 3092 2069 3150 de
2086 3116 2213 3149 vana
2228 3092 2484 3153 vetustate,
2500 3100 2550 3146 id
2583 3092 2672 3158 est,
2689 3099 2749 3143 de
2763 3095 3050 3165 carnalibus
3074 3092 3411 3165 pbserfantiis

1814 3154 1959 3226 legis.
1982 3166 2356 3221 Sobalnamque
2381 3174 2528 3226 vana
2544 3154 2785 3226 vetustas
2804 3157 3182 3226 interpretatur:
3204 3154 3263 3223 Et
3292 3166 3404 3200 con.

1812 3214 2028 3275 vertitah
2052 3214 2333 3274 Idololatria
2353 3226 2413 3271 ad
2437 3224 2583 3270 iidem
2601 3234 2742 3268 suam
2764 3220 2902 3275 Joah,
2918 3214 2968 3264 id
2989 3223 3078 3271 est,
3098 3214 3408 3269 inimicum,

123 3283 169 3333 ej
178 3283 240 3320 us
267 3281 534 3347 "91390.0
538 3268 736 3347 @513”
751 3279 865 3330 qua
874 3266 1197 3347 1.1“?“3‘191
1213 3276 1399 3347 gentis,
1410 3262 1649 3347 9m“
1663 3268 1710 3347 in
1737 3267 1787 3341 C
2872 3262 3224 3347 r‘cogniti‘onein
3236 3278 3297 3322 de
3316 3262 3408 3347 Deo

126 3346 347 3404 peccata
369 3340 608 3391 dimisit.
623 3341 741 3389 Ista
751 3338 946 3389 omnia
962 3336 1215 3387 Ecclesia
1239 3334 1491 3386 cantabit
1502 3341 1548 3381 et
1564 3335 1711 3404 exul-

126 3403 282 3463 tabit:
309 3417 367 3463 et
390 3412 504 3461 hoc
527 3422 712 3473 mane,
736 3408 795 3459 id
816 3410 921 3469 est,
945 3407 1006 3458 in
1028 3405 1459 3466 resurrectione,
1482 3403 1712 3466 quando

126 3482 420 3533 transactis
436 3481 612 3544 hujus
630 3479 807 3530 seculi
824 3478 1091 3539 tenebris,
1115 3475 1411 3541 apparebit
1442 3474 1525 3524 sol
1541 3473 1715 3536 justi-

126 3552 215 3603 tize
241 3552 385 3614 (Mat.
412 3552 509 3614 4.).
534 3553 592 3602 et
622 3550 768 3614 justi
792 3550 1090 3613 fulgebunt
1112 3552 1178 3599 ut
1210 3546 1313 3608 sol,
1343 3546 1402 3596 in
1423 3557 1601 3607 regno
1621 3556 1716 3607 pa-

134 3622 226 3672 tris
262 3635 464 3673 eorum
503 3622 652 3685 (Sap.
679 3619 739 3679 3;
765 3621 956 3670 Matth.
987 3616 1113 3680 13.).
1141 3619 1265 3668 Non
1288 3617 1443 3667 enim
1472 3614 1715 3678 perfecte

132 3696 308 3755 potest
317 3693 494 3743 modo
507 3694 740 3743 cantare
754 3691 1047 3742 canticum
1057 3687 1288 3740 Domini
1301 3688 1363 3737 in
1388 3689 1533 3738 terra
1548 3688 1714 3733 aliena

135 3763 288 3823 (Psat.
338 3764 504 3826 136.),
551 3763 809 3826 quandiu
852 3762 1033 3824 sedet,
1068 3764 1125 3812 et
1157 3759 1255 3810 ﬁet
1278 3771 1451 3822 super
1473 3757 1581 3808 hos
1605 3758 1716 3807 llu-

137 3838 256 3884 ctus
278 3835 607 3898 Babylonis,
633 3834 783 3884 inter
805 3832 913 3883 hos
937 3831 1217 3882 decursus
1233 3828 1539 3894 praesentis
1558 3828 1715 3878 vitee.

138 3903 235 3983 §ed
260 3905 489 3967 quando
509 3904 781 3983 transibit
799 3903 863 3983 iii
866 3902 1055 3983 locum
1077 3900 1426 3983 tabernaculi
1448 3899 1719 3979 admirabi-

138 3973 218 4035 lis,
245 3988 428 4038 usque
456 3974 531 4026 ad
555 3975 788 4025 domum
822 3973 943 4033 Dei,
973 3977 1110 4023 tunc
1133 3972 1232 4022 fiet
1264 3973 1470 4021 cantus
1493 3970 1552 4019 in
1576 3981 1716 4020 voce

138 4044 501 4097 exultationis
527 4050 584 4096 et
597 4045 787 4095 laudis
807 4043 971 4105 (Psat.
996 4042 1125 4105 41.).
1153 4042 1315 4093 Unde
1330 4040 1462 4091 alibi
1479 4039 1712 4090 dicitur:

140 4113 282 4165 Beati
311 4117 408 4178 qui
440 4115 707 4167 habitant
727 4115 783 4165 in
813 4116 983 4164 domo
1008 4118 1123 4177 tua,
1144 4114 1315 4170 Deus,
1339 4112 1397 4161 in
1411 4111 1603 4161 secula
1631 4122 1718 4159 se-

140 4185 383 4236 culorum
406 4186 728 4238 laudabunt
752 4192 807 4236 te
840 4184 999 4247 (Psat.
1026 4182 1095 4237 83
1118 4187 1154 4247 ).
1186 4185 1256 4233 Et
1279 4182 1462 4233 reddit
1481 4192 1716 4231 causam

141 4265 305 4315 quare
337 4263 585 4321 cantare,
609 4262 667 4308 et
689 4257 949 4308 exultare
970 4255 1192 4316 debeat,
1220 4265 1352 4303 cum
1376 4250 1678 4313 subjungit
1703 4266 1714 4298 :

196 4324 279 4378 17.
328 4328 469 4385 Quia
511 4328 684 4390 factus
735 4343 786 4376 es
827 4330 1093 4390 susceptor
1141 4339 1306 4385 meus,
1353 4326 1399 4371 et
1440 4321 1717 4383 refugium

142 4407 311 4475 {neutri
322 4398 379 4446 in
394 4399 481 4448 die
493 4398 861 4475 tribulationis
872 4412 1012 4447 meae.
1032 4398 1097 4475 I_n
1113 4393 1385 4475 praesenti
1399 4392 1606 4475 vita,‘in
1619 4406 1718 4451 qua

146 4465 435 4546 iribuiatur
457 4471 663 4529 omnis,
709 4470 805 4533 qui
824 4471 984 4546 juste
1008 4467 1171 4546 vivit,
1196 4466 1379 4546 factus
1401 4475 1475 4546 es
1489 4463 1561 4514 ab
1590 4462 1719 4546 ipsa

146 4536 497 4618 tribulatione
520 4554 700 4618 meus
722 4545 1041 4618 suscepior,
1072 4541 1246 4618 atque
1270 4537 1342 4587 ab
1365 4534 1718 4615 instantibus

146 4608 393 4667 periculis
410 4610 1046 4676 tutumfrefugiumﬁisi
1058 4610 1213 4660 enim
1227 4612 1290 4659 tu
1307 4605 1664 4669 suscepisses
1675 4611 1722 4653 el

145 4678 439 4747 salvasses,
483 4696 654 4735 nemo
692 4688 849 4734 esset
871 4682 969 4745 qui
1010 4682 1159 4731 inter
1185 4683 1266 4731 tot
1287 4684 1345 4730 et
1389 4682 1552 4729 tanta
1574 4677 1723 4728 mala

147 4749 447 4819 subsistere
480 4754 784 4819 potuisset.
815 4753 949 4804 Ideo
974 4752 1162 4804 adhuc
1187 4750 1382 4802 subdit
1408 4763 1421 4799 :

201 4817 283 4901 18.
305 4817 538 4901 Adjutor
553 4840 717 4901 meus,
754 4826 847 4873 tibi
870 4823 1117 4901 psallam:
1140 4824 1294 4901 Dona
1317 4834 1489 4901 opera
1512 4833 1642 4884 quae
1668 4825 1723 4873 te

146 4894 422 4969 aﬁpirante
446 4897 842 4969 etiauxiliante
867 4895 1042 4960 gessi,
1060 4895 1161 4944 tibi
1184 4894 1486 4969 ascribam.
1513 4895 1582 4944 Et
1605 4904 1723 4942 me-

146 4965 263 5031 rito.
311 4966 448 5024 Quia
492 4968 632 5017 Deus
667 4972 935 5031 susceptor
979 4981 1128 5015 meus
1166 4980 1233 5013 es.
1261 4966 1383 5016 Non
1422 4967 1724 5026 susceptor

149 5028 326 5110 homo,
373 5037 474 5110 sed
522 5028 825 5110 susceptor
859 5038 1032 5110 Deus,
1066 5036 1163 5110 qui
1191 5037 1363 5110 etiam
1388 5038 1723 5098 susceptum

147 5098 378 5184 iﬁiﬁcst-
404 5109 541 5184 ιῗςυε
564 5098 713 5157 πιθα-ξ
738 5108 849 5184 ί
878 5107 1228 5184 Augustino},
1254 5105 1353 5168 qui
1377 5118 1471 5184 me
1496 5103 1720 5156 creasti.

146 5169 503 5243 Misericordia
525 5194 663 5243 mea,
688 5169 788 5241 qui
802 5191 896 5229 me
922 5169 1174 5229 salvasti.
1189 5176 1510 5228 Attendens
1535 5175 1726 5226 omnia

148 5238 303 5318 δρηεξ,
319 5238 675 5312 Quaecunque
690 5238 903 5300 habere
929 5260 1259 5312 possumus,
1278 5247 1402 5298 sive
1416 5247 1476 5298 in
1498 5252 1724 5297 natura.

150 5315 334 5394 ﬁliam
356 5320 753 5394 conversione,
770 5320 837 5394 in
860 5319 994 5394 iide,
1019 5319 1081 5370 in
1118 5330 1238 5381 spe,
1284 5318 1345 5368 in
1388 5318 1643 5374 caritate,
1666 5317 1727 5366 in

152 5378 304 5435 bonis
326 5392 596 5455 moribus,
620 5391 679 5441 in
698 5378 944 5453 justitia,
969 5390 1028 5441 in
1054 5378 1258 5441 tim—ore
1274 5389 1519 5451 Domini,
1540 5392 1728 5438 totum

151 5461 257 5503 non
277 5467 399 5509 esse
420 5461 531 5512 nisi
560 5474 633 5512 ex
658 5461 811 5512 illius
850 5471 869 5490 ι
899 5462 1068 5513 bonis
1095 5481 1107 5509 :
1153 5460 1232 5511 ita
1257 5459 1555 5522 conclusit,
1587 5459 1728 5508 Deus

157 5532 305 5604 Tufa
351 5531 721 5604 misericordia
790 5546 926 5581 mea.
1008 5533 1132 5584 Non
1186 5530 1406 5582 invenit
1457 5528 1727 5591 impletus

154 5588 323 5675 Ῥξδηξβ,
368 5603 500 5663 quid
535 5602 845 5675 appellaret
895 5604 1076 5654 Deum
1118 5614 1310 5675 suum,
1358 5599 1469 5653 nisi
1504 5588 1728 5675 miseri-

149 5664 384 5733 (ξοτῶἃῶ
432 5664 627 5725 suam:
654 5675 699 5725 Ο
743 5673 909 5724 dulce
958 5686 1186 5731 nomen,
1219 5672 1328 5723 sub
1372 5682 1485 5733 quo
1511 5669 1731 5719 nemini

153 5729 555 5798 desperandum
581 5748 689 5807 est,
716 5756 920 5796 omnes
937 5729 1263 5807 consolans,
1287 5729 1487 5794 omnes
1504 5739 1579 5791 ad
1595 5752 1731 5792 con-

212 5884 228 5903 '
258 5880 416 5945 Apud
438 5886 852 5951 Augustinum,
877 5887 1052 5939 donis.

1816 3338 2051 3401 habebat?
2069 3353 2123 3397 Et
2146 3338 2409 3408 percussit,
2430 3348 2481 3393 id
2526 3338 2616 3400 est,
2643 3340 2990 3408 commovitde
3012 3340 3308 3408 intidelitaie
3329 3338 3411 3383 ad-

1813 3417 1960 3462 ﬂdem
1992 3400 2163 3473 Edom,
2178 3412 2228 3458 id
2247 3418 2337 3466 est,
2358 3400 2622 3473 gentilium
2663 3406 2903 3465 populum
2926 3402 3134 3473 terrenis
3162 3400 3406 3473 deditum,

1815 3478 1895 3523 vel
1915 3479 1966 3522 in
1989 3463 2170 3534 peccati
2189 3463 2683 3534 sanguinemsEdom
2704 3463 2921 3534 namque
2934 3468 3193 3534 terrenus,
3210 3463 3290 3534 vel
3304 3473 3409 3506 san

1814 3525 2044 3601 guineus
2090 3525 2458 3595 interpretatur.
2512 3531 2755 3577 Percussit
2778 3527 3124 3601 ierr‘enitatem
3157 3525 3409 3601 gentium,

1815 3585 1949 3660 quod
1969 3601 2073 3657 jam
2101 3585 2291 3644 terrena
2322 3610 2425 3660 non
2447 3597 2748 3660 quaerere-nt.
2778 3591 2867 3636 Per
2887 3590 2986 3660 hoc
3004 3588 3245 3634 convertit
3267 3585 3406 3643 Joab,

1814 3650 1863 3709 ὶίι
1889 3650 1986 3719 est:
2002 3660 2237 3719 gentilem
2277 3650 2547 3719 populum:
2578 3660 2625 3719 et
2670 3655 2736 3700 ita
2768 3652 3009 3719 percussit
3033 3663 3135 3719 eos,
3165 3650 3410 3719 utces‘sent

1815 3727 1871 3771 in
1895 3709 2029 3770 valle
2046 3709 2422 3768 Salinarulmln
2440 3717 2571 3763 valle
2596 3709 2818 3769 fuerunt,
2845 3714 2898 3758 id
2922 3717 3015 3764 est,
3032 3711 3083 3756 in
3103 3709 3404 3771 humilitate,

1815 3800 1929 3845 qua:
1942 3790 2015 3832 est
2033 3790 2185 3830 mater
2198 3783 2439 3828 virtutum
2450 3786 2495 3845 ei
2516 3779 2895 3845 condimentum
2915 3776 3166 3828 omnium,
3193 3769 3407 3845 sicutsal

1816 3831 2061 3895 ciborum.
2085 3846 2212 3899 Quia
2233 3846 2323 3902 qui
2348 3845 2459 3889 sine
2483 3840 2764 3887 humilitate
2776 3839 2985 3902 virtutes
2997 3831 3410 3902 congregat,_p_ul-

1815 3923 1980 3955 verem
2006 3893 2059 3955 in
2078 3893 2283 3953 ν’ῡηιυῐὲι
2305 3909 2482 3964 portat.
2525 3902 2771 3949 Percussit
2793 3901 2905 3946 dico
2926 3897 3192 3964 duodecim
3226 3893 3409 3964 mil_lia,

1816 3972 1971 4029 idest,
1995 3983 2172 4016 omnes
2195 3970 2247 4014 in
2272 3956 2918 4029 quatuormundipariihus
2930 3960 3284 4029 ﬁdemsanciin
3300 3956 3410 4029 Tri-

1817 4017 1988 4079 nitatis
2010 4017 2316 4077 conﬁtentes.
2339 4030 2425 4073 Per
2442 4027 2582 4071 mille
2604 4017 2840 4083 perfectio
2876 4020 3176 4079 intelligitur
3210 4017 3412 4083 Materia

1816 4099 1935 4139 sunt
1959 4095 2055 4150 ipsi
2079 4079 2677 4150 commutandiludzniiet
2700 4084 2920 4150 «lentiles
2933 4083 2995 4129 ad
3017 4083 3161 4127 ﬁdem
3176 4079 3409 4150 conversi

1814 4169 1902 4214 per
1927 4140 2109 4201 Christi
2134 4152 2497 4210 percussiones.
2526 4140 2729 4214 Modus:
2752 4148 2805 4214 In
2825 4145 2987 4214 prima
3006 4146 3159 4214 ipsi-te
3191 4140 3409 4214 ostendit

1816 4202 1902 4275 per
1928 4217 2110 4261 multas
2136 4202 2367 4259 .rationes
2400 4216 2446 4256 et
2485 4202 2952 4275 per_auctoritatem
3004 4204 3166 4275 ipsius
3192 4202 3278 4247 Dei
3299 4214 3408 4271 esse

1815 4262 2192 4323 commutandos
2214 4275 2274 4320 de
2298 4262 2829 4331 peccatoadjustitiam
2853 4270 2928 4331 _in
2941 4265 3184 4322 secunda,
3206 4275 3321 4331 quin
3338 4262 3413 4307 in-

1816 4338 1956 4395 cipit,
1975 4338 2177 4383 Salvum
2226 4323 2524 4382 fac-dextera
2551 4323 2912 4395 tua,_iostendit
2958 4338 3174 4395 eos__per
3197 4323 3409 4395 eandem

1817 4384 2253 4447 commutationem
2269 4396 2530 4455 pervenire
2544 4394 2609 4455 ad
2622 4384 2773 4437 aliam
2790 4388 3248 4455 commutationem,
3265 4384 3412 4430 scili-

1817 4466 1890 4508 cet
1906 4450 2346 4507 demnrtalitate—ad
2366 4454 2810 4503 immortalitatem.
2834 4450 3048 4498 Intentio
3064 4453 3153 4507 est,
3182 4451 3235 4492 ut
3266 4458 3412 4491 nemo

1819 4528 2100 4571 contemnat
2120 4523 2239 4568 istas
2260 4510 2626 4579 percussiones;
2648 4516 2736 4579 sed
2769 4514 3012 4572 patienter
3026 4511 3183 4556 ferant
3208 4508 3415 4554 adversa

1822 4587 1976 4644 hujus
2008 4584 2210 4638 mundi,
2241 4574 2362 4641 quia
2384 4594 2473 4640 per
2487 4594 2568 4625 eas
2586 4574 2844 4624 habebunt
2868 4580 3123 4644 utrunque.
3145 4574 3416 4644 committa-

1824 4630 2029 4696 tionem.
2048 4630 2160 4692 Χῖοί
2189 4630 2218 4691 a
2244 4630 2401 4690 iidem.
2435 4652 2791 4689 conversurum
2828 4650 2913 4696 per
2948 4630 3184 4688 victorias
3209 4630 3413 4696 Christi.

1822 4692 2029 4767 Ethnici
2054 4707 2238 4755 dicturi
2262 4709 2402 4752 erant
2426 4719 2478 4750 se
2513 4692 2910 4767 commutandos,
2935 4696 3215 4744 ostenditur
3253 4692 3416 4752 prius,

1823 4765 1957 4820 unde
1986 4774 2373 4829 commutentur,
2395 4780 2508 4814 cum
2541 4765 2728 4812 dicitur
2758 4776 2770 4811 :

1884 4967 1934 5021 3.
1958 4966 2096 5015 Deus
2134 4962 2378 5029 repulisti
2400 4975 2517 5023 nos,
2562 4971 2596 5010 a
2647 4955 2900 5029 paradisi
2941 4951 3187 5029 gaudiis,
3211 4962 3247 5002 a
3277 4962 3415 5029 cpn-

1821 5024 2423 5101 templatione'intimaa
2449 5029 2708 5082 visionis.
2736 5027 2803 5077 Et
2819 5024 3132 5101 destruaisti
3149 5036 3265 5101 nos.
3292 5024 3419 5101 Cor-

1822 5094 2087 5171 ruptione
2132 5102 2529 5170 passibilitatis
2576 5105 2653 5171 et
2680 5096 3075 5171 mortalitatis:
3106 5094 3283 5171 Iratus
3328 5096 3418 5148 est,

1824 5165 2052 5244 propter
2073 5165 2307 5241 peccata
2322 5179 2539 5226 nostra:
2564 5170 2667 5244 sed
2680 5173 2914 5244 propter
2925 5165 3246 5244 bonitiatem.
3259 5166 3419 5244 tuam

1823 5232 2092 5297 ἇηίεὲνίαέ
2114 5263 2165 5296 es
2208 5245 2379 5296 nobis.
2430 5244 2575 5294 illnc
2620 5232 2753 5293 alibi
2788 5232 3035 5290 dicitur:
3062 5236 3203 5285 Cum
3232 5232 3416 5283 iratus

1825 5318 2017 5380 fueris,
2054 5316 2458 5369 misericordiae
2499 5311 2887 5366 recordaberis
2932 5306 3155 5380 (liabet),
3180 5302 3271 5380 3.).
3296 5303 3419 5353 Ma-

1824 5403 1975 5454 gnus
1985 5375 2256 5439 accessus
2269 5387 2341 5437 ad
2354 5389 2538 5438 Deum
2551 5388 2641 5436 est
2652 5375 3281 5454 cognitioinfmlicitatis
3293 5389 3415 5454 suae.

1826 5443 2006 5511 Valde
2036 5458 2172 5509 utile
2196 5462 2285 5509 est
2307 5457 2515 5507 anima;
2541 5443 2781 5519 pensare
2804 5449 2957 5501 unde
2978 5446 3198 5507 cecidit,
3226 5443 3419 5519 videre

1828 5531 1924 5582 ubi
1953 5530 2105 5592 jacet
2137 5543 2150 5579 :
2184 5529 2448 5590 plangere
2472 5515 2921 5578 destructionem
2947 5530 3113 5592 suam
3143 5529 3216 5567 ex
3240 5515 3418 5592 amis-

1829 5587 1989 5653 sione
2015 5587 2283 5662 justitim:
2310 5587 2483 5659 atque
2506 5597 2562 5646 in
2587 5596 2677 5645 his
2702 5595 2841 5644 iram
2866 5588 3171 5641 formidare
3185 5587 3418 5650 judicis.

1830 5673 1937 5734 Qui
1965 5660 2073 5721 hoc
2099 5670 2250 5731 facit,
2272 5666 2715 5718 misericordiam
2756 5662 2983 5734 Domini
3014 5660 3417 5734 consequetur.

1829 5728 2015 5798 Iratus
2039 5754 2101 5792 es
2118 5728 2337 5805 (inquit)
2366 5741 2421 5788 et
2455 5736 2726 5787 misertus
2751 5748 2812 5786 es
2839 5732 3020 5783 nobis.
3054 5733 3136 5783 Ac
3160 5730 3208 5783 si
3233 5728 3386 5781 dicat
3409 5744 3421 5780 :
