3880 6222
446 347 551 402 883
1504 345 1773 398 RUFINO
1806 345 2269 399 PRESBYTERO
2302 346 2689 400 ASCRIPTUS
3692 347 3795 406 884

440 468 528 520 Ad
544 466 954 528 hocirasceris,
991 468 1059 517 ut
1093 465 1451 517 miserearis:
1484 465 1747 518 irasceris
1775 463 1947 534 295
1984 467 2044 518 in
2066 461 2123 535 Α
2148 468 2400 519 cationes
2420 468 2791 532 praesentium
2803 468 3087 520 malorum
3113 467 3364 531 dantur,
3382 472 3455 519 ut
3481 467 3563 519 ab
3582 474 3794 518 aeternis

441 540 731 604 praesenti,
754 544 821 589 ut
838 538 1243 589 miserearisin
1263 537 1475 588 futuro.
1492 538 1721 601 Ipsaira
1740 538 2044 601 tua,mise-
2142 538 2311 589 malis
2336 539 2566 590 Domini
2589 539 2887 591 dilectores
2923 541 3264 591 liberentur.
3290 542 3369 590 Et
3401 544 3475 591 ut
3510 539 3635 590 hoc
3672 540 3788 599 ﬁat,

441 610 683 663 ricordia
710 614 817 660 est.
846 608 1461 671 Etexponitquomodo
1481 608 1857 671 sitmisertus,
1875 609 1979 659 ita:
2144 610 2475 673 suppliciter
2497 616 2713 673 exorat,
2741 611 2938 661 dicens
2964 627 2977 661 :
3004 611 3241 661 Salvum
3279 611 3375 673 fac
3405 611 3648 659 dextera
3677 616 3786 661 tua.

503 682 555 735 4.
586 680 935 732 Commomsti
955 685 1174 738 terram,
1192 678 1252 729 id
1268 684 1375 737 est,
1394 683 1648 730 terrenos
1659 692 1890 731 vomere
1902 692 2043 743 praa-
2143 680 2206 730 Id
2226 686 2330 741 est,
2356 683 2416 731 in
2439 681 2756 745 potioribus
2778 683 2943 733 bonis
2964 683 3103 744 tuis,
3121 683 3183 732 in
3201 681 3593 732 beatitudine
3606 698 3787 742 perpe-

441 752 780 805 dicationis:
811 751 879 799 Et
902 748 1232 798 conturbasti
1266 765 1404 809 eam,
1435 750 1508 800 ad
1532 750 1947 813 paenitentiam.
1976 753 2044 801 Et
2145 756 2262 802 tua.
2285 754 2369 801 Ita
2393 753 2622 803 salvum
2644 764 2737 802 me
2768 752 2873 812 fac,
2908 757 2973 802 ut
2995 753 3069 803 ad
3093 753 3632 803 dexteramstem.
3662 754 3784 803 Non

442 825 591 875 sicut
616 822 836 886 cepisti,
860 821 1120 885 Domine,
1160 821 1241 871 ita
1264 821 1487 883 perﬁce.
1519 821 1671 869 Sana
1697 821 2043 871 contritiones
2145 822 2391 873 salutem
2416 822 2785 886 temporalem
2811 828 2960 886 peto,
2992 824 3067 874 de
3085 824 3197 874 hac
3221 823 3635 874 ﬁatvoluntas
3652 828 3784 876 tua:

440 895 575 958 ejus,
599 894 769 955 idest,
795 892 1109 944 removeab
1131 904 1200 943 ea
1220 893 1663 954 miserias,quas
1678 893 1945 953 sustinet,
1962 895 2043 940 vel
2142 897 2362 944 aeterna
2386 899 2536 957 peto,
2568 907 2698 957 qua
2720 899 2778 945 tu
2806 894 3070 957 praecipis
3093 899 3311 956 petere.
3332 895 3402 943 Et
3422 897 3545 942 ideo
3568 896 3786 943 exaudi

438 969 813 1029 peccata.pro
830 964 1043 1027 quibus
1067 976 1164 1015 cor
1178 963 1487 1014 contritum
1500 962 1691 1014 habet.
1706 965 1777 1013 Et
1799 963 2040 1027 dignum
2141 979 2241 1014 me.
2267 964 2412 1015 Hinc
2443 968 2732 1016 convertit
2756 977 2818 1016 sc
2842 965 2914 1015 ad
2938 965 3240 1017 auditores
3266 968 3437 1025 suos,
3471 969 3539 1016 ut
3562 965 3785 1016 conﬁr-

440 1041 550 1096 est,
566 1040 635 1088 ut
657 1048 859 1087 sanes:
886 1034 1021 1099 quia
1044 1039 1311 1084 commota
1333 1039 1421 1083 est.
1441 1034 1509 1085 Et
1530 1034 1733 1097 gratiae
1753 1038 1872 1086 tua:
1894 1047 2046 1086 com-
2141 1038 2258 1086 met
2278 1046 2398 1098 eos,
2424 1035 2659 1086 dicens:

437 1106 700 1161 moventi
722 1118 824 1172 per
864 1105 1109 1157 liberum
1132 1104 1431 1156 consensit
1458 1105 1780 1156 arbitrium.
1808 1105 2042 1157 Talibus
2204 1103 2254 1159 8.
2289 1106 2431 1154 Deus
2460 1106 2666 1155 locutus
2694 1111 2765 1155 est
2793 1108 2855 1155 in
2872 1110 3058 1156 sancto
3077 1121 3196 1157 suo.
3220 1108 3311 1157 Ex
3334 1105 3455 1157 hoc
3485 1106 3617 1158 scio
3641 1107 3780 1170 quia

441 1178 677 1243 quidem
694 1176 969 1242 gradibus
985 1176 1276 1242 peccatrix
1290 1176 1500 1239 anima,
1516 1178 1636 1228 Deo
1653 1176 1962 1241 aspirante,
1979 1179 2043 1225 ad
2143 1175 2386 1229 salvabit
2401 1176 2644 1229 dextera
2667 1189 2774 1229 sua
2799 1191 2812 1228 :
2839 1177 3115 1240 quoniam
3140 1178 3299 1228 Deus
3334 1179 3513 1229 Pater
3530 1176 3779 1229 locutus

441 1249 751 1302 sanitatem
787 1248 991 1312 incipit
1045 1247 1333 1300 accedere.
1374 1248 1538 1300 Prius
1585 1252 1981 1303 commovetur
2007 1260 2044 1299 a
2142 1250 2232 1297 est
2253 1247 2315 1298 in
2337 1253 2557 1305 sancto,
2577 1247 2636 1299 id
2660 1252 2768 1312 est,
2805 1248 2867 1299 in
2888 1247 3028 1299 Filio
3061 1259 3185 1298 suo.
3220 1247 3373 1298 Hinc
3398 1246 3633 1299 Paulus
3659 1252 3777 1299 ait:

440 1317 1138 1374 timoreDomini.Deinde
1157 1317 1791 1371 conturbaturadolore
1802 1319 2038 1383 peccati.
2141 1318 2298 1369 Deus
2349 1320 2471 1369 erat
2516 1318 2578 1369 in
2621 1318 2846 1370 Christo
2891 1317 3177 1369 mundum
3218 1318 3620 1369 reconcilians
3667 1320 3776 1369 sibi

441 1393 711 1445 Timetne
724 1394 935 1455 pereat,
954 1389 1107 1440 dolet
1133 1390 1268 1453 quia
1294 1388 1553 1453 deliquit.
1597 1389 1687 1441 Sic
1711 1390 1861 1441 inter
1883 1390 2043 1442 timo-
2145 1386 2212 1452 (2.
2243 1387 2365 1439 Cor.
2387 1386 2482 1450 5.).
2501 1389 2571 1440 Et
2594 1388 3173 1452 iterum,Novissime
3196 1388 3776 1440 diebusististocums

441 1476 566 1517 rem
580 1468 639 1516 et
650 1461 905 1515 dolorem
916 1460 1248 1520 constituta,
1269 1460 1410 1512 dum
1425 1460 1773 1513 conscientia
1788 1464 2040 1523 accusat,
2140 1459 2230 1510 est
2247 1459 2418 1510 nobis
2440 1460 2501 1510 in
2520 1459 2680 1524 Filio,
2706 1471 2879 1524 quem
2896 1459 3201 1510 constituit
3210 1459 3516 1511 haeredem
3530 1461 3779 1511 univer-

444 1535 616 1599 culpa
640 1538 834 1597 terret,
866 1532 1068 1596 incipit
1090 1531 1570 1596 pcenitere,atque
1592 1531 1885 1584 anxietate
1900 1532 2044 1583 dura
2142 1541 2337 1581 eorum
2356 1529 2531 1593 (Hebr.
2554 1530 2647 1593 1.),
2670 1531 2730 1581 in
2751 1543 2866 1594 quo
2891 1529 3160 1594 promisit
3180 1530 3336 1581 hanc
3354 1531 3775 1583 salvationem.

444 1617 541 1657 cor
572 1607 886 1666 conterere,
916 1607 974 1654 et
997 1601 1248 1653 cruciare
1274 1617 1288 1649 :
1314 1604 1372 1653 et
1407 1600 1489 1653 sic
1516 1614 1616 1666 per
1640 1602 2043 1654 contritionem
2138 1601 2221 1651 De
2233 1613 2347 1664 qua
2358 1600 2787 1665 locutioneergo
2798 1604 3193 1662 ﬁdelispOpulus
3207 1601 3449 1651 ιειαὸοτ·
3460 1609 3509 1651 et
3515 1602 3777 1667 partibor

442 1675 591 1728 redit
606 1674 679 1726 ad
696 1674 1019 1725 sanitatem.
1038 1672 1422 1724 Prsedicatum
1437 1674 1526 1723 est
1540 1672 1730 1735 nobis,
1753 1674 1921 1737 Agite
1935 1688 2044 1735 ptB—
2139 1672 2462 1735 Sichimam,
2490 1679 2536 1721 et
2556 1673 2852 1722 convallem
2872 1672 3359 1722 tabernaculorum
3376 1673 3636 1727 metibor.
3649 1678 3771 1724 Cum

444 1746 781 1799 nitentiam:
818 1742 1299 1809 appropinquavit
1329 1743 1484 1794 enim
1508 1756 1751 1807 regnum
1775 1745 2046 1797 caelorum
2148 1744 2256 1805 (Ex
2273 1745 2439 1807 Aug.)
2466 1745 2643 1795 Jacob
2677 1744 2890 1795 rediret
2932 1756 2969 1795 a
2998 1745 3195 1795 Laban
3222 1757 3423 1796 socero
3472 1758 3612 1807 suo,
3637 1759 3773 1797 cum

447 1818 659 1877 (Matth.
696 1817 787 1879 4.).
826 1818 969 1867 Ecce
1004 1814 1160 1866 unde
1184 1819 1488 1874 commota,
1515 1820 1573 1865 et
1597 1817 1938 1871 conturbata
1957 1819 2046 1869 est
2152 1816 2422 1866 omnibus
2461 1815 2602 1878 suis,
2626 1815 2928 1867 abscondit
2950 1814 3167 1867 Rachel
3200 1815 3354 1866 idola
3392 1816 3459 1867 in
3490 1816 3772 1877 Sichima,

448 1892 593 1921 form
652 1887 885 1921 Audivi},
908 1885 1194 1921 nonnnlriv
1220 1885 1407 1921 nnimn
1459 1885 1598 1921 fnrtn
1618 1899 1732 1921 nnn
1759 1893 2024 1921 mnvohnn
2067 1847 2125 1921 B
2153 1898 2264 1921 min
2288 1886 2561 1921 hnhnnmt
2579 1890 2737 1921 natent
2758 1886 2958 1921 oincin
2985 1888 3143 1921 Rmn
3185 1888 3583 1921 "l‘nhamnonln
3604 1894 3769 1921 nnlm

448 1892 614 1941 terra.
643 1887 886 1939 Audivit
908 1885 1198 1950 peccatrix
1220 1885 1430 1947 anima,
1459 1885 1598 1936 forte
1618 1899 1737 1937 non
1758 1893 2042 1950 movetur,
2067 1885 2125 1921 ι)
2153 1898 2264 1949 que
2287 1886 2567 1938 habuerat
2579 1890 2737 1950 pater
2758 1887 2887 1950 ejus
2902 1886 2963 1936 in
2985 1888 3166 1950 Syria.
3185 1888 3589 1940 Tabernacula
3603 1894 3771 1937 autem

449 1972 568 2012 non
600 1961 691 2011 est
716 1958 893 2021 digna
936 1957 1145 2008 sanari.
1170 1957 1404 2008 Audivit
1448 1957 1556 2017 (Ea:
1577 1958 1616 2007 A
1632 1959 1899 2022 ugustino)
1925 1959 2053 2025 alia,
2153 1958 2286 2008 fecit
2310 1957 2386 2007 ibi
2408 1959 2586 2010 Jacob
2607 1962 2835 2022 propter
2862 1969 3004 2009 oves
3027 1970 3167 2009 suas
3190 1961 3248 2009 et
3268 1964 3562 2015 armenta.
3590 1964 3655 2010 et
3672 1972 3773 2023 ap-

448 2027 1292 2092 movetur,stimulatur,pectus
1309 2025 1512 2090 tundit,
1525 2027 1853 2091 lachrymas
1868 2032 2050 2079 fundit.
2153 2027 2388 2092 pellavit
2408 2028 2599 2080 locum
2622 2028 2785 2079 illum
2809 2028 3206 2080 Tabernacula
3228 2029 3378 2090 (Gen.
3404 2028 3540 2084 31.).
3565 2032 3643 2081 Et
3666 2034 3769 2079 haee

451 2100 626 2164 Sana,
671 2100 933 2162 Domine,
966 2099 1311 2148 contritiones
1345 2097 1478 2160 ejus,
1505 2101 1639 2161 quia
1668 2107 1934 2150 commota
1965 2109 2053 2151 est.
2216 2099 2483 2161 metibor,
2504 2099 2693 2163 inquit
2719 2099 2990 2151 Ecclesia.
3012 2099 3161 2160 Quid
3182 2112 3282 2164 per
3297 2100 3645 2163 Sichimam,
3672 2102 3771 2151 ubi

452 2172 544 2223 Sic
559 2183 837 2236 percusso
853 2174 1097 2232 terreno,
1112 2180 1397 2220 succensa
1415 2173 1725 2233 vetustate,
1749 2174 1973 2224 mutato
1996 2173 2058 2224 in
2156 2168 2310 2221 idola
2332 2171 2783 2224 absconduntur.
2801 2170 2912 2221 nisi
2926 2170 3180 2221 Gentiles
3203 2170 3495 2222 idolorum
3510 2173 3771 2223 cultores

450 2243 661 2294 melius
684 2242 933 2305 homine,
967 2244 1087 2302 jam
1109 2240 1253 2292 dura
1275 2244 1333 2291 et
1355 2251 1559 2304 aspera
1581 2242 2017 2306 subsequuntur
2041 2266 2056 2303 ε
2156 2240 2538 2305 designantur
2556 2244 2584 2292 ?
2616 2241 2870 2291 Partibor
2916 2241 3244 2299 Sichimam,
3275 2242 3334 2293 id
3357 2246 3469 2300 est,
3502 2243 3773 2295 dividam

454 2313 612 2365 unde
636 2316 695 2364 et
723 2312 987 2363 subditur
1003 2326 1016 2362 :
2156 2315 2378 2375 gentes.
2398 2314 2521 2363 Non
2537 2313 2689 2364 enim
2700 2313 2961 2364 omnium
2973 2316 3066 2364 est
3078 2312 3242 2364 ﬁdes.
3255 2312 3365 2364 Alii
3381 2314 3657 2373 credunt,
3675 2315 3773 2365 alii

517 2383 568 2437 5.
587 2383 873 2433 Ostendisti
886 2382 1087 2448 populo
1108 2387 1200 2432 tuo
1223 2382 1386 2434 dura.
1404 2383 1531 2434 Non
1548 2382 1735 2435 solum
1760 2397 1861 2448 per
1893 2386 2060 2440 visio-
2154 2394 2275 2435 non
2295 2384 2554 2435 credunt.
2570 2386 2850 2435 Eteorum
2866 2383 3060 2444 etiam,
3078 2384 3180 2447 qui
3192 2384 3455 2446 credunt,
3494 2385 3597 2436 alii
3620 2386 3775 2437 bene

454 2466 611 2517 nem,
624 2453 726 2505 sed
737 2454 911 2505 etiam
926 2466 1029 2518 per
1043 2453 1471 2518 experientiam,
1485 2454 1640 2506 unde
1666 2456 1947 2521 scriptum
1957 2466 2030 2508 est
2040 2474 2056 2507 :
2156 2454 2387 2511 vivunt,
2412 2454 2507 2506 alii
2530 2455 2699 2506 male.
2724 2456 2985 2520 Ipsorum
3002 2467 3235 2519 quoque
3250 2455 3394 2507 bene
3408 2456 3774 2518 viventium,

457 2525 673 2577 Omnes
686 2524 1002 2589 quivolunt
1014 2525 1107 2589 pie
1134 2524 1329 2576 vivere
1353 2524 1411 2575 in
1437 2525 1678 2590 Christo,
1706 2530 2059 2591 persecutio-
2156 2525 2250 2578 alii
2275 2530 2413 2577 sunt
2451 2526 2885 2590 perseveraturi,
2909 2526 3005 2577 alii
3037 2526 3245 2588 casuri,
3276 2531 3333 2577 et
3354 2527 3614 2590 perituri.
3644 2529 3775 2579 Non

455 2606 592 2647 nem
606 2595 910 2659 patiuntur
924 2594 991 2659 (Ξ.
1019 2596 1155 2646 Tim.
1182 2593 1274 2658 3.).
1299 2596 1406 2646 Per
1416 2595 1629 2646 multas
1644 2597 1799 2649 enim
1823 2599 2060 2652 tribula-
2158 2608 2293 2661 ergo
2314 2597 2574 2659 timeant,
2598 2597 2697 2661 qui
2719 2596 2961 2649 credunt
2974 2598 3127 2648 inter
3142 2609 3258 2657 eos,
3284 2598 3383 2660 qui
3396 2609 3519 2648 non
3529 2600 3773 2662 credunt,

459 2667 646 2718 tiones
665 2679 773 2717 nos
796 2669 1025 2731 oportet
1054 2666 1345 2719 intrarein
1382 2679 1624 2731 regnum
1647 2668 1751 2719 Dei
1768 2670 1898 2731 (Act.
1928 2671 2056 2736 14.).
2157 2673 2217 2720 et
2238 2667 2296 2719 hi
2320 2669 2420 2731 qui
2444 2673 2598 2721 recte
2621 2669 2831 2721 vivunt
2845 2668 2995 2719 inter
3012 2680 3134 2729 eos,
3157 2668 3258 2731 qui
3278 2669 3477 2731 pravis
3500 2669 3773 2720 moribus

458 2738 608 2790 Hinc
632 2738 916 2789 Dominus
939 2736 1237 2802 discipulis
1260 2738 1341 2789 ait
1365 2753 1377 2788 :
1404 2739 1471 2789 In
1494 2738 1714 2790 mundo
1730 2753 2059 2804 pressuram
2157 2739 2456 2792 resistunt.
2491 2739 2846 2791 Dividuntur
2868 2751 3026 2791 nunc
3043 2738 3156 2790 ﬁde
3169 2743 3229 2790 et
3241 2739 3775 2801 moribus,dividen-

458 2808 939 2873 habebitls(Joan.
965 2806 1093 2869 16.).
1113 2808 1319 2858 Potasti
1337 2823 1437 2858 nos
1459 2808 1587 2859 vino
1609 2813 2057 2877 compunctionis,
2157 2815 2253 2861 tur
2279 2811 2341 2861 in
2358 2810 2577 2873 judicio
2594 2823 2733 2862 oves
2757 2810 2831 2861 ad
2852 2810 3170 2867 dexteram.
3188 2809 3347 2861 haedi
3362 2809 3434 2861 ad
3461 2810 3771 2862 sinistram

459 2880 865 2932 Delectarinos
880 2879 1063 2931 fecisti
1075 2878 1280 2943 poculo
1293 2880 1909 2944 passionis.Quomodo
1922 2889 2057 2934 enim
2159 2882 2350 2943 (Matth
2383 2880 2511 2945 ‘25.).
2543 2881 2791 2933 Sichima
2823 2886 3019 2932 autem
3050 2880 3459 2945 interpretatur
3480 2882 3769 2930 humerus.

461 2950 707 3003 delectat
744 2950 963 3013 vinum,
989 2963 1121 3001 cum
1146 2952 1403 3014 potatur:
1441 2954 1498 3002 et
1529 2951 1637 3002 hoc
1660 2952 1873 3017 ipsum,
1903 2956 2057 3018 quod
2156 2952 2487 3003 Secundum
2499 2953 2751 3004 nominis
2769 2952 3295 3016 interpretationem
3308 2951 3771 3004 dividunturhu-

459 3022 685 3088 pungit,
709 3021 782 3072 ad
798 3020 1236 3073 delectationem
1261 3023 1514 3086 potantis
1526 3027 1614 3074 est
1633 3040 1644 3071 :
1666 3023 1747 3075 sic
1760 3025 2058 3089 passiones
2158 3023 2321 3087 meri,
2340 3028 2404 3074 ut
2428 3024 2572 3075 alios
2588 3029 2831 3087 gravent
2850 3027 3086 3088 peccata
3109 3036 3234 3085 sua,
3251 3022 3349 3073 alii
3364 3022 3582 3074 tollant
3607 3025 3773 3074 sarci-

461 3098 519 3146 et
542 3092 938 3146 tribulationes
953 3092 1130 3156 hujus
1164 3092 1340 3144 seculi
1363 3092 1436 3144 ad
1459 3092 1892 3147 delectationem
1922 3105 2063 3153 sunt,
2161 3106 2298 3146 nam
2314 3094 2550 3146 Christi:
2578 3095 2726 3146 sicut
2740 3095 2862 3159 ipse
2872 3107 2980 3146 nos
3003 3094 3545 3155 admonet,dicens:
3564 3094 3772 3146 Tollite

463 3175 763 3216 servorum
774 3162 893 3213 Dei.
916 3162 1062 3213 Hinc
1082 3167 1171 3213 est
1184 3162 1337 3226 quod
1355 3162 1566 3214 Paulus
1592 3163 1867 3228 gloriatur
1882 3168 1940 3219 in
1956 3170 2059 3221 tri-
2086 3210 2128 3229 η
2157 3178 2367 3229 jugum
2379 3177 2577 3216 meum
2594 3178 2768 3229 super
2780 3177 2901 3216 vos.
2915 3167 3134 3229 Jugum
3147 3167 3303 3216 enim
3313 3177 3511 3215 meum
3529 3180 3691 3213 suave
3703 3172 3774 3212 est

461 3210 2062 3298 Lusitanians;5:3:se};satiaissgsigaiaeagg‘.
2083 3210 2132 3285 C
2157 3210 2620 3288 ἒῐῖἧῖεἶιῖἔιῗηῖ
2632 3210 2772 3289 isis
2792 3210 3026 3298 ’(ἷιὶᾁῑιῆῗ
3040 3210 3549 3301 ἶῖῙῇ-ὸᾶιῖᾇιῖαἷιξ
3560 3210 3775 3300 iam

462 3310 780 3370 conspectu
804 3305 1044 3368 concilii,
1070 3305 1206 3368 quia
1217 3304 1376 3368 digni
1391 3305 1585 3369 (Sumo.
1610 3306 1805 3370 habiti)
1820 3314 1957 3362 sunt
1972 3327 2061 3372 pro
2161 3307 2637 3356 tabernaculorum
2674 3308 2914 3356 metibor.
2949 3309 3120 3359 Forte
3154 3313 3386 3372 propter
3408 3320 3551 3358 oves
3572 3308 3775 3369 Jacob.

462 3378 698 3431 nomine
709 3378 740 3427 J
746 3389 851 3428 esu
867 3375 1275 3426 contumeliam
1288 3376 1405 3439 pati
1434 3377 1569 3437 (Act.
1595 3375 1685 3438 5.).
1711 3381 1878 3431 Hunc
1892 3391 2062 3442 potum
2161 3378 2441 3431 convallis
2455 3378 2957 3430 tabernaculorum
2974 3378 3316 3443 intelligitur
3324 3392 3473 3441 gens
3484 3381 3774 3427 Judseorum

464 3448 811 3514 propinabat
838 3446 1124 3497 Dominus
1156 3444 1290 3497 ﬁliis
1325 3446 1606 3507 Zebedaai,
1633 3460 1762 3499 cum
1797 3450 2024 3505 dicebat
2050 3468 2062 3504 :
2162 3454 2220 3501 et
2241 3451 2367 3514 ipsa
2389 3449 2683 3501 dividitur.
2705 3453 2851 3501 Nam
2870 3450 3230 3501 transierunt
3243 3449 3395 3511 inde,
3423 3450 3525 3513 qui
3548 3452 3778 3498 credide-

468 3518 721 3571 Potestis
766 3517 960 3567 bibere
984 3516 1239 3579 calicem,
1274 3529 1445 3579 quem
1473 3530 1577 3579 ego
1622 3519 1907 3573 bibiturus
1933 3538 2063 3576 sum
2162 3525 2316 3580 runt,
2341 3520 2479 3571 foris
2518 3521 2780 3584 reliquim
2796 3525 3217 3572 remanserunt.
3254 3522 3396 3573 Ilaec
3413 3521 3539 3583 jam
3565 3520 3777 3572 divisio

472 3589 689 3654 (Matth.
712 3586 818 3648 20.)
834 3590 858 3636 .9
874 3586 1215 3657 Yelpotasti
1235 3599 1343 3639 nos
1354 3587 1492 3637 vino
1510 3592 1987 3657 compunctionis,
2006 3596 2064 3647 id
2163 3593 2609 3656 demonstratur,
2653 3605 2784 3643 cum
2803 3592 3156 3643 subinfertur
3193 3606 3206 3641 :

466 3665 573 3723 est,
599 3655 1391 3727 suavitatelachrymarumet
1404 3658 1777 3721 poenitentiae,
1796 3667 1853 3713 et
1868 3655 2065 3714 confes-
2226 3663 2278 3717 9.
2310 3664 2458 3712 Meus
2495 3668 2565 3711 est
2599 3655 2834 3724 Galaad,
2872 3677 3021 3717 meus
3063 3667 3135 3711 est
3173 3663 3477 3724 Manasses,
3502 3661 3775 3727 Ephraim

471 3729 1070 3791 sionis.Primusergo
1085 3726 1246 3779 labor
1260 3732 1367 3789 est,
1384 3732 1451 3778 ut
1467 3728 1951 3793 displiceathomo
1966 3740 2067 3787 sibi
2163 3733 2426 3796 fortitudo
2466 3734 2656 3797 capitis
2692 3735 2817 3783 mei.
2847 3732 3060 3783 Galaad
3103 3734 3521 3797 interpretatur
3558 3726 3778 3781 acervus

467 3806 536 3854 ut
546 3804 781 3865 peccata
803 3802 1116 3863 expugnet,
1130 3802 1196 3848 ut
1216 3802 1475 3849 mutetur
1491 3798 1551 3850 in
1571 3800 2067 3857 melius.Secundus
2168 3805 2474 3855 testimonii.
2493 3805 2581 3856 Sic
2595 3810 2835 3856 vocatus
2847 3809 2937 3855 est
2949 3806 3225 3855 cumulus
3240 3804 3701 3867 lapidum,quem
3714 3806 3773 3850 fe-

466 3871 630 3925 labor
651 3874 761 3931 est,
780 3882 882 3942 pro
898 3880 986 3933 eo,
1004 3868 1160 3942 quod
1179 3873 1443 3942 mutatus
1469 3874 1573 3930 est,
1596 3873 1741 3923 ferre
1761 3875 2071 3929 tribulatio-
2169 3880 2374 3927 cerunt
2387 3876 2565 3926 Jacob
2581 3880 2639 3926 et
2650 3876 2862 3934 Laban,
2875 3876 2933 3925 in
2949 3887 3188 3938 Signum
3207 3871 3382 3942 297
3407 3875 3661 3927 fmderis.
3674 3877 3773 3926 Per

468 3957 578 3997 nes
602 3946 660 3994 et
675 3940 1025 3993 tentationes
1036 3939 1214 4003 hujus
1234 3940 1428 4001 seculi,
1447 3946 1622 4005 atque
1640 3943 1790 3995 inter
1802 3946 1926 3997 illas
1945 3961 2072 4011 per-
2169 3960 2433 3999 acervum
2453 3946 2767 3997 testimonii
2780 3945 3091 3997 multitudo
3117 3939 3442 4009 martyrum
3462 3948 3767 4007 designatur.

472 4024 739 4066 severare
751 4024 937 4075 usque
951 4011 1012 4062 in
1026 4010 1230 4083 ﬁnem.
1258 4012 1327 4061 Et
1346 4012 1664 4083 notandum
1679 4016 1834 4076 quod
1849 4010 1967 4068 non
1982 4022 2068 4083 ait,
2169 4021 2449 4081 Martyres
2475 4017 2628 4067 enim
2652 4016 2860 4079 Graece,
2880 4021 3022 4064 testes
3046 4016 3187 4067 dicti
3220 4020 3363 4067 sunt
3385 4016 3611 4067 Latine.
3631 4018 3770 4065 Mm

470 4083 908 4148 Peremptionis:
942 4081 1046 4133 sed
1069 4082 1513 4146 compunctionis.
1541 4084 1655 4134 Iste
1679 4085 1837 4137 enim
1862 4081 2074 4151 passio?
2169 4095 2241 4138 est
2265 4088 2493 4149 Galaad,
2515 4099 2680 4139 meus
2717 4091 2805 4138 est
2826 4098 3075 4138 acervus
3128 4088 3468 4149 testimonii,
3500 4099 3668 4138 meus
3688 4092 3768 4137 est

470 4156 567 4209 nis
596 4159 771 4227 potus
806 4165 922 4206 non
958 4152 1214 4227 perdens
1258 4157 1367 4217 est,
1418 4153 1518 4205 sed
1567 4155 1855 4210 medicina
1878 4173 2073 4227 urens.
2169 4172 2449 4211 numerus
2472 4163 2810 4221 martyrum,
2840 4157 3006 4216 idest,
3038 4169 3188 4209 mete
3214 4158 3516 4209 societatis
3536 4164 3647 4209 est.
3662 4159 3773 4208 Ma-

472 4226 640 4283 Unde
663 4226 855 4278 adhuc
885 4226 1012 4289 subj
1022 4226 1258 4289 ungitur
1282 4242 1296 4275 :
2169 4242 2375 4281 nasses
2390 4230 2799 4293 interpretatur
2820 4227 3031 4279 oblivio.
3057 4228 3169 4289 Qui
3193 4229 3558 4279 obliviscitur
3580 4228 3772 4292 prioris

536 4299 587 4354 6.
612 4297 819 4350 Dedisti
840 4295 1192 4346 metuentibus
1210 4301 1255 4344 te
1267 4295 1899 4359 signiﬁcationesztas
1915 4301 2077 4354 vide-
2173 4305 2382 4359 status,
2426 4299 2520 4350 ille
2552 4299 2811 4350 similiter
2845 4303 2937 4350 est
2968 4310 3155 4350 meus.
3182 4299 3349 4350 Unde
3376 4299 3511 4350 alibi
3535 4298 3769 4350 dicitur:

471 4370 605 4423 licet
616 4368 1022 4421 tribulationes
1043 4366 1366 4418 indicantes
1390 4370 1449 4418 et
1472 4368 1885 4434 signiﬁcantes,
1917 4373 2077 4435 Uqu-
2172 4369 2524 4423 Obliviscere
2547 4369 2824 4435 populum
2847 4372 3013 4420 tuum
3037 4373 3096 4421 et
3118 4369 3360 4420 domum
3384 4371 3570 4433 patris
3593 4371 3695 4430 tui,
3716 4374 3769 4419 et

473 4443 679 4506 gianta
700 4439 839 4503 facie
861 4453 1038 4489 arcus.
1066 4437 1131 4489 Id
1160 4440 1266 4501 est,
1289 4451 1324 4489 a
1352 4440 1659 4502 praesentia
1683 4440 1860 4493 futuri
1884 4447 1942 4495 et
1965 4445 2077 4495 mi-
2174 4442 2257 4493 sic
2286 4441 2655 4505 concupiscet
2677 4453 2777 4491 rex
2798 4440 3062 4491 decorem
3088 4446 3257 4492 tuum
3284 4440 3447 4505 (Psal.
3492 4441 3623 4501 ιιι).
3647 4444 3768 4501 Eph-

474 4510 907 4575 nantisjudicii.
933 4512 1038 4561 Per
1063 4508 1463 4560 tribulationes
1486 4510 1705 4574 (inquit)
1730 4514 2075 4578 temporales
2173 4513 2317 4564 raim
2330 4512 2537 4563 dicitur
2549 4511 2912 4575 fructiﬁcatio.
2931 4512 3317 4575 Hiquibonos
3330 4511 3560 4563 fructus
3571 4514 3771 4567 faciunt,

478 4582 818 4649 signiﬁcasti
831 4581 948 4632 tuis
974 4580 1169 4644 fugere
1180 4581 1252 4631 ab
1276 4580 1359 4631 ira
1378 4580 1530 4645 ignis
1558 4583 1906 4647 sempiterni.
1930 4587 2076 4638 Hinc
2177 4583 2400 4647 capitis,
2416 4582 2586 4644 idest,
2605 4581 2813 4633 Christi
2833 4586 2971 4632 sunt
2986 4582 3281 4634 fortitudo.
3298 4584 3406 4633 Per
3431 4583 3543 4633 hos
3564 4585 3769 4630 maxime

478 4653 884 4689 ιιηιιαιτιιίςιηιιρ
907 4651 1229 4689 ηηηςὶίῖριιρῒ.
1276 4664 1407 4689 num
1434 4658 1734 4689 nonnnntnn
1760 4661 2072 4689 mummium
2100 4616 2161 4689 Β
2177 4653 2852 4689 intnlliannhwﬂnntnma
2866 4653 3136 4689 Rnnlnqim
3175 4653 3271 4689 nni
3288 4653 3344 4689 in
3364 4653 3767 4689 cainaict‘nmtna

478 4653 884 4716 unusquisque
907 4651 1247 4716 consideret,
1276 4664 1408 4715 quae
1434 4658 1734 4716 peccantes
1760 4661 2077 4716 postmodum
2100 4651 2161 4689 U
2177 4654 2579 4718 intelliguntur
2591 4653 2853 4705 doctores
2866 4653 3155 4715 Ecclesiae,
3175 4653 3349 4716 quiin
3364 4653 3767 4716 seipsisfruclus

478 4727 770 4785 maneant,
795 4725 843 4772 si
860 4722 1031 4773 etiam
1046 4724 1240 4784 justos
1266 4727 1385 4773 tam
1408 4722 1597 4775 valida
1620 4725 1713 4775 hic
1737 4726 1962 4790 ﬂagella
1982 4741 2078 4781 ca—
2176 4726 2395 4777 faciunt
2416 4724 2544 4776 etin
2555 4723 2699 4775 aliis.
2717 4724 2950 4775 Talibus
2965 4723 3108 4775 dicit
3128 4724 3416 4774 Dominus
3436 4724 3501 4774 in
3518 4726 3768 4785 Evangek

481 4796 717 4858 stigant.
735 4793 881 4843 Hinc
900 4792 1235 4844 Petriusait:
1260 4794 1511 4857 Tempus
1535 4799 1643 4858 est,
1669 4796 2082 4861 utincipiatju-
2178 4797 2253 4848 lio
2280 4812 2293 4848 :
2319 4798 2435 4859 Ego
2467 4808 2569 4846 vos
2611 4796 2772 4859 elegi,
2815 4798 2881 4845 ut
2921 4796 3084 4853 eatis,
3135 4799 3193 4846 et
3238 4794 3497 4846 fructum
3541 4794 3767 4845 aiteratis

480 4866 704 4937 digium
722 4863 793 4914 de
816 4863 1252 4937 domoDomini;
1278 4864 1434 4937 et,SAi
1444 4865 1643 4928 justus
1664 4866 1763 4917 vix
1786 4871 2077 4937 salvabitur,
2182 4868 2359 4932 (Joan.
2388 4865 2515 4927 15.).
2549 4866 2652 4917 Isti
2686 4870 2823 4917 sunt
2854 4865 3129 4917 fortitudo
3153 4865 3378 4930 capitis,
3405 4866 3543 4929 quia
3571 4864 3765 4917 Christi

485 4932 661 5003 296
691 4934 905 4999 impius
929 4938 986 4986 et
1009 4940 1290 4998 peccator,
1314 4935 1413 4985 ubi
1439 4937 1946 4999 parebunt(1.Petr.
1961 4942 2033 5006 4.)
2057 4932 2082 4994 ἑ
2179 4939 2442 4990 membra
2461 4937 2776 4989 inﬁrmiora
2799 4940 3148 4988 sustentant.

487 5006 785 5078 Quomodo
797 5006 1064 5078 ferieteos
1077 5006 1290 5078 quibus
1306 5006 1587 5069 irascitur,
1607 5007 1655 5058 si
1680 5009 1763 5060 sic
1781 5010 1956 5077 afﬂigi
1980 5026 2080 5078 pa-
2242 5010 2333 5064 10.
2378 5010 2527 5059 Juda
2575 5009 2688 5057 Rea:
2728 5022 2893 5059 meus.
2941 5009 3184 5059 Peccata
3214 5017 3329 5057 sua
3362 5007 3695 5059 conﬁtentes
3714 5011 3771 5057 et

485 5078 626 5129 titur
648 5089 747 5129 eos
769 5077 829 5128 in
846 5077 1059 5140 quibus
1084 5075 1345 5127 laetatur?
1356 5078 1526 5127 Recte
1541 5083 1736 5130 autem
1759 5093 1861 5143 per
1880 5075 2080 5135 arcum
2180 5082 2400 5145 seipsos
2417 5080 2786 5143 spiritualiter
2807 5081 3094 5142 regentes,
3120 5079 3235 5130 mei
3260 5080 3467 5133 sunt.J
3472 5078 3615 5130 udas
3626 5079 3765 5129 enim

482 5146 1289 5213 designaturjudiciumzquia
1300 5145 1452 5196 sicut
1474 5159 1548 5197 ex
1571 5159 1707 5199 arcu
1720 5151 1966 5204 mittitur
1998 5167 2081 5205 sa-
2178 5153 2586 5215 interpretatur
2601 5150 2875 5212 confessio.
2893 5150 2994 5200 Vel
3012 5150 3414 5214 Christus,qui
3429 5156 3521 5202 est
3534 5149 3604 5200 de
3628 5151 3765 5200 tribu

482 5219 643 5284 gitta,
668 5217 1075 5282 sicexjudicio
1090 5216 1436 5280 producetur
1451 5220 1985 5275 sententia.Nervus
2001 5241 2081 5274 re-
2178 5226 2207 5274 J
2218 5223 2328 5273 uda
2357 5223 2567 5284 (Matth.
2615 5222 2707 5284 1.),
2739 5221 3069 5271 nasciturus
3113 5222 3223 5272 erit
3254 5224 3380 5273 Rex
3414 5233 3597 5271 meus.
3624 5219 3765 5268 Moab

482 5296 571 5343 tro
588 5290 863 5351 tenditur,
880 5287 1112 5352 quando
1123 5285 1219 5337 illa
1230 5286 1511 5338 mittenda
1530 5293 1622 5339 est
1639 5305 1651 5339 :
1667 5295 1724 5342 et
1738 5297 1954 5354 quanto
1965 5299 2079 5356 plus
2182 5293 2286 5343 olla
2308 5294 2420 5358 spei
2438 5308 2579 5341 meae.
2604 5293 2768 5343 Moab
2794 5292 3202 5355 interpretatur
3221 5307 3288 5341 ea:
3306 5298 3463 5356 patre
3485 5306 3500 5341 :
3521 5291 3651 5355 quia
3670 5291 3761 5341 fuit

481 5367 570 5414 est
590 5363 717 5426 ejus
732 5359 994 5413 extensio
1008 5362 1339 5422 retrorsum,
1353 5360 1512 5409 tanto
1523 5361 1738 5424 majore
1760 5362 2081 5427 impetuilla
2180 5378 2252 5416 ex
2276 5368 2434 5429 patre
2459 5369 2515 5414 et
2537 5363 2672 5415 ﬁlia.
2699 5364 2801 5414 Per
2823 5364 2990 5415 Moab
3019 5362 3364 5427 intelligitur
3386 5363 3654 5415 Gentium
3675 5375 3763 5425 po-

481 5433 711 5486 volatin
732 5431 1033 5496 priora.Sic
1057 5434 1273 5493 quanto
1289 5429 1476 5492 magis
1502 5430 1763 5483 differtur
1770 5435 2077 5500 judicium,
2181 5435 2352 5500 pulus
2374 5440 2549 5487 natus
2574 5435 2643 5486 de
2668 5436 2918 5499 peccato,
2946 5434 3017 5485 de
3042 5434 3272 5485 filiabus
3295 5435 3464 5488 Loth.
3490 5446 3617 5497 qute
3640 5446 3759 5484 cum

482 5509 643 5556 tanto
663 5503 869 5567 majori
883 5504 1103 5566 impetu
1127 5506 1439 5553 venturum
1460 5506 1567 5552 est.
1585 5504 1731 5565 Ergo
1756 5505 1826 5556 de
1846 5513 2083 5567 temporu-
2180 5510 2339 5571 patre
2361 5506 2642 5557 inebriato
2688 5506 3144 5563 concubuerunt,
3188 5505 3340 5557 male
3367 5510 3597 5557 utentes
3619 5508 3759 5567 patre

478 5575 635 5627 libus
661 5574 905 5626 Domino
928 5574 1142 5637 gratias
1163 5585 1426 5637 agamus,
1454 5574 1587 5636 quia
1606 5574 1762 5625 dedit
1786 5576 1936 5639 plebi
1959 5590 2081 5629 suae
2185 5578 2332 5640 (Gen.
2351 5577 2473 5640 19.).
2499 5581 2564 5628 In
2585 5577 2693 5627 hoc
2722 5576 2799 5626 illi
2817 5576 3216 5638 signiﬁcantur
3239 5577 3339 5640 qui
3362 5577 3514 5629 male
3536 5581 3756 5627 utuntur

482 5645 980 5709 signiﬁcationem,
996 5649 1062 5696 ut
1081 5644 1309 5707 fugiant
1323 5656 1358 5694 a
1380 5644 1520 5695 facie
1546 5658 1734 5697 arcus.
1758 5648 1943 5707 Quare
1954 5651 2084 5698 hoc?
2179 5647 2321 5712 lege.
2337 5650 2510 5699 Porro
2522 5647 2833 5711 Apostolus
2844 5646 3007 5698 dicit:
3032 5649 3191 5697 Bona
3205 5652 3297 5698 est
3310 5648 3409 5700 lex
3425 5648 3493 5711 (1.
3519 5647 3643 5697 Tim.
3678 5646 3751 5705 1.).

543 5714 596 5768 7.
628 5716 694 5765 Ut
720 5716 1012 5766 liberentur
1042 5714 1219 5767 dilecti
1242 5715 1339 5768 tui.
1376 5715 1465 5766 Ad
1484 5715 1593 5767 hoc
1618 5717 1825 5781 quippe
1855 5717 2080 5782 signiﬁ-
2183 5718 2713 5784 siquisealegitime
2728 5722 2941 5770 utatur.
2967 5716 3087 5771 ιιιω
3105 5724 3306 5772 autem
3325 5719 3466 5772 ﬁliae
3487 5717 3628 5771 Loth
3651 5728 3750 5768 non

545 5860 564 5881 ⁸
594 5855 762 5905 Anne
785 5852 1062 5914 partibor?
1092 5855 1263 5918 Apud
1285 5847 1701 5921 Augustinum,
1725 5862 1771 5907 et
1797 5858 1910 5909 haec
1944 5858 2211 5923 dividam,
2244 5860 2427 5924 inquit
2458 5858 2708 5909 Ecclesia.
