3880 6222
234 301 353 358 885

1243 312 1317 361 ΙΝ
1352 309 1674 363 PSALMOS
1706 310 1914 360 LXXV
1948 309 2532 362 COMMENTARIUS.

3429 309 3535 366 886

232 413 503 496 legitime
526 429 653 470 usa:
664 423 799 470 sunt
807 424 984 496 patre.
1000 421 1295 496 Quomodo
1311 426 1507 496 autem
1521 425 1842 496 nascuntur
1868 422 1922 496 Α
1943 432 2045 496 pro
2071 419 2191 471 vita
2212 431 2471 496 pugnare
2492 420 2782 496 praesenti.
2808 420 2951 496 Quia
2971 432 3107 484 ergo
3130 424 3537 496 contemnebat

234 498 420 551 opera
437 489 609 553 bona,
635 502 767 541 cum
788 492 1033 555 quisque
1048 493 1194 543 bene
1218 493 1341 558 lege
1364 494 1569 544 utitur:
1598 493 1681 543 sic
1702 504 1840 544 nas-

235 562 458 608 cuntur
480 571 653 623 opera
676 559 843 625 mala,
878 575 1011 613 cum
1034 562 1281 626 quisque
1302 564 1451 614 male
1485 564 1611 627 lege
1639 563 1836 615 utitur.

236 627 613 681 Proindeillte
625 630 773 682 male
790 637 1021 684 utentes
1044 637 1224 697 patre,
1247 634 1413 695 idest,
1434 633 1583 685 male
1608 638 1838 685 utentes

232 697 388 763 lege,
407 706 831 763 generaverunt
842 703 1138 764 Moabitas,
1157 716 1255 768 per
1269 718 1415 767 quos
1442 705 1489 755 si
1496 705 1841 768 gnificantur

236 781 417 833 opera
435 772 602 822 mala.
622 772 761 824 Inde
781 774 886 837 (Ea:
906 774 1231 837 Augustino)
1249 776 1536 826 tribulatio
1550 775 1836 839 Ecclesiae,

230 839 377 891 inde
404 841 520 892 olla
561 844 829 895 bulliens.
866 846 947 895 De
985 844 1094 896 hac
1136 845 1248 896 olla
1299 845 1508 897 dicitur
1552 845 1685 896 alibi
1738 859 1840 910 per

230 911 603 977 Prophetam,
630 913 755 965 Olla
777 926 1058 967 succensa
1080 915 1141 967 in
1183 916 1465 979 Aquilone
1510 917 1721 978 (Jerem.
1746 916 1835 979 1.).

229 983 408 1034 Unde
422 984 534 1035 nisi
556 997 590 1035 a
613 989 771 1048 parte
794 985 1004 1045 diaboli
1034 986 1134 1049 qui
1162 986 1310 1037 dixit
1334 1004 1345 1034 :
1398 988 1609 1037 Ponam
1637 987 1835 1038 sedem

227 1066 432 1105 meam
447 1054 520 1105 ad
536 1054 878 1119 Aquilonem
900 1057 1046 1120 (Isai.
1078 1056 1182 1121 14.)
1206 1061 1233 1108 τ
1256 1057 1675 1109 Tribulationes
1700 1070 1836 1121 ergo

226 1128 493 1180 maxime
504 1140 621 1180 non
633 1129 899 1181 oriuntur
912 1129 1194 1182 adversus
1205 1128 1536 1192 Ecclesiam,
1548 1129 1661 1180 nisi
1676 1129 1749 1181 ab
1761 1132 1836 1178 eis

227 1199 341 1262 qui
366 1200 515 1250 male
534 1199 660 1263 lege
684 1201 943 1251 utuntur.
969 1201 1127 1252 Sicut
1155 1202 1353 1252 autem
1374 1200 1433 1250 in
1460 1199 1572 1251 olla
1594 1199 1724 1263 cibi,
1753 1200 1836 1251 sic

227 1271 298 1321 in
324 1270 693 1322 tribulatione
709 1271 930 1322 excocti
947 1276 1085 1323 sunt
1108 1271 1309 1322 sancti.
1326 1273 1534 1336 Aperte
1553 1283 1687 1322 vero
1700 1270 1836 1321 dici—

228 1345 352 1399 tur,
374 1340 489 1389 Otta
511 1342 624 1405 spei
646 1355 772 1390 meae
795 1357 811 1390 :
832 1342 967 1405 quia
989 1354 1122 1405 spes
1152 1346 1482 1393 sanctorum
1506 1341 1666 1393 venit
1680 1353 1715 1392 a
1738 1341 1836 1393 tri-

227 1409 551 1474 bulatione,
576 1410 851 1475 Apostolo
868 1416 1133 1477 testante,
1163 1413 1262 1475 qui
1283 1414 1390 1464 ait:
1410 1413 1726 1464 Tribulatio
1743 1424 1838 1475 pa—

230 1482 501 1533 tientiam
527 1488 811 1546 operatur,
844 1483 1117 1545 patientia
1140 1483 1552 1546 probationem,
1578 1484 1834 1548 probatio

230 1564 404 1615 spem
430 1553 599 1615 (Rom.
629 1551 720 1611 5.).
747 1552 924 1604 Ardet
946 1552 1057 1604 olla
1068 1553 1405 1617 iniquitatis,
1425 1554 1526 1605 sed
1549 1555 1733 1616 major
1746 1556 1837 1604 est

228 1624 474 1674 ﬂamma
497 1623 765 1674 caritatis.
785 1624 909 1674 Noli
934 1624 1131 1674 timere
1157 1624 1453 1687 Moabitas,
1480 1623 1645 1686 idest,
1666 1635 1837 1687 opera

228 1694 392 1745 mala
425 1706 625 1746 eorum
649 1695 750 1757 qui
777 1694 900 1758 lege
926 1694 1072 1744 male
1096 1698 1358 1748 utuntur.
1397 1697 1427 1745 J
1437 1695 1546 1746 uda
1569 1708 1673 1746 rex
1701 1700 1837 1746 tuus

228 1768 552 1830 praecessit.
579 1768 779 1820 Nescis
797 1768 1034 1820 Judaios
1060 1770 1204 1820 male
1226 1774 1457 1822 utentes
1481 1770 1833 1836 lege,regem

231 1829 406 1889 tuum
423 1838 702 1890 occidisse
713 1842 739 1889 ‘3
754 1842 902 1903 Ergo
914 1852 1097 1904 spera,
1115 1842 1173 1892 et
1188 1854 1302 1903 qua
1313 1854 1412 1892 rex
1425 1829 1568 1893 tuus
1582 1829 1832 1906 praeces-
1854 1829 1909 1903 B

232 1909 333 1971 sit,
367 1922 619 1972 sequere.
656 1912 729 1985 In
752 1910 861 1985 hac
894 1910 1006 1985 olla
1031 1910 1465 1985 tribulationum
1498 1914 1832 1985 constituta,

230 1984 517 2043 quantam
532 1993 693 2044 spem
714 1980 924 2033 habeat
940 1981 1192 2033 Ecclesia
1213 1983 1537 2035 audiamus.
1564 1980 1835 2050 Sequitur

230 2052 394 2103 enim
420 2053 515 2100 :In
556 2052 851 2101 Idumaeam
881 2054 1168 2103 extendam
1192 2054 1610 2104 calceamentum
1631 2073 1831 2114 meum.

230 2122 495 2173 Idumaaa
516 2122 922 2187 interpretatur
950 2129 1178 2188 terrena,
1223 2125 1346 2177 sive
1377 2126 1701 2189 sanguinea.
1729 2133 1835 2183 Per

230 2192 687 2244 calceamentum
701 2194 1039 2258 intelligitur
1050 2194 1414 2259 Evangelium
1423 2200 1577 2246 .Unde
1588 2202 1831 2262 scriptum

229 2269 327 2316 est
345 2281 357 2312 :
373 2267 555 2337 Quam
576 2265 820 2329 speciosi
836 2265 1011 2330 pedes
1022 2279 1217 2318 eorum
1231 2267 1333 2337 qui
1356 2271 1707 2323 annuntiant
1731 2285 1833 2337 pa-

228 2348 390 2409 cem,
408 2335 506 2397 qui
528 2337 880 2409 annuntiant
892 2337 1045 2388 bona
1062 2338 1204 2401 (lsai.
1224 2335 1361 2400 52.)!
1381 2340 1450 2390 Et
1473 2340 1708 2394 calceati
1732 2335 1834 2409 pe-

227 2406 437 2481 desuin
483 2408 897 2481 praeparatione
941 2409 1239 2472 Evangelii
1282 2412 1440 2476 pacis
1485 2413 1701 2478 (Ephes.
1727 2406 1823 2481 6.).

228 2475 442 2529 Bulliat
453 2476 565 2528 olla
579 2484 863 2540 quantum
876 2482 1085 2544 potest,
1099 2480 1303 2533 saeviat
1314 2475 1571 2535 mundus
1582 2475 1830 2546 quantum

229 2547 408 2599 valet.
456 2550 575 2612 Ego
600 2550 662 2598 in
683 2550 998 2609 Idumaeam,
1016 2551 1380 2615 idest,usque
1397 2554 1471 2606 ad
1491 2559 1748 2609 terrenos
1772 2564 1831 2611 et

228 2618 583 2683 sanguineos
595 2621 787 2670 extend
792 2637 882 2670 um
894 2621 1307 2671 calceamentum
1322 2639 1520 2690 meum,
1537 2626 1687 2679 idest
1697 2644 1825 2690 prte-

229 2689 579 2743 dicationem
604 2703 812 2743 meam.
845 2692 945 2745 Vel
966 2705 1156 2756 usque
1191 2694 1252 2744 in
1273 2694 1589 2748 Idumaaam
1609 2689 1831 2752 calcea-

225 2767 494 2813 mentum
524 2765 874 2827 extenditur,
902 2777 1036 2815 cum
1059 2765 1158 2815 Dei
1189 2764 1520 2819 humanitas
1544 2771 1827 2823 Gentibus

224 2832 597 2907 prmdicatur.
622 2836 801 2907 Carne
824 2836 979 2907 enim
1001 2841 1204 2887 nostra
1225 2837 1449 2888 mortali
1469 2840 1719 2893 calceata
1741 2844 1828 2907 (ut

226 2905 311 2955 ita
327 2903 529 2966 dicam)
546 2904 819 2956 divinitas
839 2906 1113 2957 fuit.Mihi
1137 2907 1449 2970 alienigenae
1462 2910 1663 2961 subditi
1677 2903 1822 2962 sunt.

221 2975 415 3025 Etiam
438 2974 520 3026 illi
543 2975 640 3039 qui
664 2988 779 3027 non
805 2977 1094 3039 pertinent
1116 2979 1184 3029 ad
1199 2991 1382 3041 genus
1395 2992 1606 3039 meum,
1624 2982 1697 3033 ad
1716 2986 1824 3032 hae-

220 3045 530 3122 reditatem
542 3047 1048 3122 meam,mihisunt
1060 3049 1292 3122 subditi.
1308 3051 1621 3122 Multiienim
1644 3052 1692 3119 2
1703 3050 1755 3122 9
1766 3054 1817 3119 8

220 3117 471 3167 veniunt
493 3117 566 3167 ad
590 3117 779 3179 ﬁdem,
806 3118 908 3182 qui
927 3132 1043 3169 non
1067 3120 1401 3184 pertingunt
1422 3121 1495 3172 ad
1515 3117 1822 3178 heare—dila-

222 3186 543 3265 tem,_sicut
578 3189 855 3265 scriptum
882 3194 1001 3265 est:
1023 3189 1202 3265 Aiulti
1250 3191 1403 3241 enim
1449 3197 1587 3265 sunt
1610 3196 1815 3259 vocati,
1848 3192 1896 3265 ρ

218 3258 394 3322 pauci
419 3271 554 3309 vero
590 3259 754 3310 electi
783 3260 989 3321 (Matth.
1019 3258 1139 3323 20.).
1173 3263 1355 3322 Quam
1391 3263 1553 3314 multi
1578 3265 1820 3317 adorant

220 3328 540 3391 Christum,
558 3330 654 3392 qui
672 3343 791 3381 non
803 3335 939 3382 sunt
955 3332 1245 3395 regnaturi
1261 3345 1394 3383 cum
1412 3334 1653 3386 Christo.
1670 3338 1821 3388 Etne

218 3400 336 3451 hoc
359 3399 649 3450 videretur
678 3400 897 3452 viribus
931 3402 1051 3452 suis
1092 3402 1420 3465 attribuere,
1448 3408 1821 3459 commendat

218 3470 470 3535 gratiam
495 3471 597 3521 Dei
620 3472 1000 3523 deducentem
1027 3485 1108 3531 se;
1143 3486 1275 3523 cum
1305 3474 1608 3539 subjungit
1635 3491 1648 3527 :

287 3540 376 3595 11.
411 3541 538 3599 Quis
561 3542 775 3591 deducet
798 3543 953 3592 mein
976 3543 1244 3592 civitatem
1268 3546 1543 3594 munitam
1582 3549 1818 3611 sanctis,

219 3611 396 3669 idest,
411 3612 699 3663 caelestem
715 3613 1071 3664 Jerusalem?
1084 3614 1215 3672 Quis
1237 3614 1451 3663 deducet
1465 3631 1548 3664 me
1572 3632 1737 3681 usque
1758 3619 1819 3666 in

225 3683 520 3731 tdumaeam
540 3686 566 3732 .9
580 3682 748 3743 idest,
774 3686 837 3734 in
861 3683 1264 3745 Centilitatem,
1283 3690 1349 3735 ut
1364 3685 1528 3737 multi
1545 3700 1617 3737 ex
1628 3688 1823 3739 Genti-

218 3754 337 3804 bus
360 3752 502 3803 mihi
527 3753 979 3818 incorporentur,
1010 3758 1065 3806 et
1112 3756 1384 3807 societate
1424 3759 1818 3810 membrorum

220 3824 433 3875 civitas
444 3824 770 3889 amplietur.
794 3826 897 3877 Vel
914 3826 1118 3878 civitas
1133 3827 1473 3879 haecJudeea
1494 3833 1817 3893 intelligitur,
1873 3823 1876 3827 ’

220 3907 360 3958 quae
382 3895 608 3946 munita
648 3901 802 3948 recte
844 3896 1069 3958 dicitur,
1107 3897 1375 3949 videlicet
1404 3900 1737 3961 patriarchis
1761 3906 1819 3952 et

221 3965 539 4031 prophetis,
562 3967 790 4031 legibus
815 3978 1062 4030 quoque,
1080 3968 1371 4031 variisque
1388 3971 1816 4022 institutionibus.

220 4037 314 4089 Ad
328 4036 475 4087 hanc
486 4037 730 4101 primum
743 4038 960 4088 missus
972 4038 1355 4090 estChristus.
1368 4042 1436 4088 Ad
1456 4042 1584 4089 hanc
1596 4044 1817 4101 primum

219 4107 384 4158 ducti
408 4111 545 4157 sunt
569 4107 843 4171 Apostoli.
874 4109 960 4159 Ad
984 4108 1133 4159 hanc
1166 4110 1412 4173 primum
1442 4111 1818 4173 prtedicatum

218 4182 315 4229 est
338 4176 727 4241 Evangelium.
747 4181 913 4230 Dicat
932 4192 1067 4240 ergo
1082 4179 1370 4244 primitiva
1391 4181 1670 4233 Ecclesia:
1688 4183 1819 4231 dicat

217 4261 340 4300 vox
363 4249 709 4312 apostolica:
736 4251 874 4311 Quis
898 4249 1143 4302 deducet
1158 4264 1252 4301 me
1267 4251 1323 4300 in
1340 4251 1632 4303 civitatem
1646 4255 1820 4301 muni-

218 4325 363 4379 tam,
387 4320 555 4383 idest,
574 4321 631 4370 in
654 4321 1007 4373 Idumaaam?
1023 4324 1160 4383 Quis
1173 4321 1417 4373 deducet
1438 4334 1532 4374 me
1556 4335 1742 4387 usque
1756 4324 1818 4375 in

218 4390 561 4453 Idumaeam,
586 4391 753 4453 idest,
779 4392 839 4443 in
861 4393 1194 4444 universam
1225 4391 1626 4444 Gentilitatem.

287 4460 373 4515 12.
401 4461 595 4510 Nonne
620 4467 693 4521 tu,
720 4463 876 4521 Deus,
900 4465 997 4527 qui
1028 4462 1274 4527 repulisti
1296 4479 1394 4512 nos
1416 4468 1440 4514 .9
1464 4465 1549 4514 Tu
1572 4465 1695 4528 ipse
1718 4465 1820 4528 qui

215 4532 500 4595 repulisti,‘
529 4532 798 4584 deduces.
825 4535 1065 4598 Tuipse,
1091 4534 1188 4597 qui
1202 4535 1385 4585 iratus
1409 4547 1490 4597 es,
1508 4535 1819 4587 miserebe-

1944 492 2126 542 vitam
2138 494 2483 553 praesentem
2492 526 2504 547 ,
2520 490 2648 541 ideo
2666 492 2851 542 iactus
2861 493 2951 542 est
2963 502 3202 543 acervus
3219 494 3540 545 testimonii

1942 561 2013 613 de
2035 562 2155 612 vita
2180 561 2387 613 futura.
2414 561 2499 611 Tu
2522 572 2674 624 ergo,
2701 563 2873 622 Deus,
2910 562 3008 625 qui
3032 577 3143 611 non
3165 564 3450 624 egredieris
3474 565 3537 615 in

1941 631 2228 681 virtutibus
2240 632 2452 690 nostris,
2466 632 2600 694 quia
2612 644 2732 682 non
2743 632 2904 684 dabis
2930 633 3239 697 temporale
3260 639 3530 699 auxilium,

1942 703 2017 755 da
2039 703 2474 767 sempiternum.
2506 704 2576 754 Et
2596 702 2705 753 hoc
2738 708 2829 753 est
2850 704 3002 766 quod
3026 704 3223 755 subdit
3247 722 3258 753 :

2006 774 2091 830 13.
2106 775 2188 823 Da
2199 773 2352 822 nobis
2368 773 2649 823 auxilium
2662 774 3075 837 sempiternum
3087 776 3147 823 de
3161 775 3438 826 tribulatio
3448 792 3534 840 ne,

1942 847 2109 907 idest,
2122 849 2354 910 propter
2376 843 2821 907 tribulationem,
2838 856 3014 907 quam
3035 845 3127 895 hic
3151 847 3532 898 sustinemus.

1943 920 2013 969 Et
2034 917 2162 968 ideo
2178 928 2296 966 non
2317 916 2569 980 petimus
2592 914 2744 965 hanc
2774 913 3019 965 salutem
3039 914 3380 978 humanam,
3398 918 3535 981 quia

1942 1000 2096 1040 vana
2109 990 2199 1039 est
2222 988 2280 1037 et
2307 985 2653 1038 transitoria.
2677 984 2840 1037 Unde
2864 984 3121 1048 protinus
3150 986 3417 1050 adjungit
3434 1004 3446 1039 :
3464 989 3537 1037 Et

1942 1075 2089 1108 vana
2108 1057 2256 1107 salus
2271 1057 2686 1107 hominis.Hinc
2707 1056 2974 1108 Salomon
2989 1055 3069 1107 ait
3093 1073 3105 1104 :
3123 1057 3359 1108 Vanitas
3374 1060 3535 1109 vani-

1944 1132 2148 1190 tatum,
2195 1132 2253 1181 et
2276 1129 2470 1180 omnia
2491 1128 2714 1179 vanitas
2737 1126 2948 1190 (Eccles.
2980 1126 3074 1190 1.).
3119 1129 3190 1179 Et
3215 1127 3426 1179 iterum
3449 1129 3540 1180 di-

1941 1201 2030 1252 xit
2047 1216 2060 1250 :
2087 1201 2217 1253 Vidi
2243 1204 2453 1252 cuncta
2477 1211 2609 1262 quae
2624 1198 2774 1249 ﬁunt
2790 1198 2898 1248 sub
2915 1198 3053 1258 sole,
3073 1202 3129 1249 et
3143 1210 3276 1250 ecce
3293 1202 3538 1249 universa

1941 1272 2187 1336 vanitas,
2203 1276 2263 1323 et
2274 1270 2507 1324 afflictio
2519 1269 2754 1334 spiritus
2766 1268 2961 1332 (Ibid).
2975 1269 3172 1321 Merito
3184 1281 3320 1333 ergo
3338 1270 3538 1322 subdit

1940 1343 2197 1394 Ecclesia
2222 1357 2234 1393 :

2003 1413 2089 1468 14.
2124 1416 2187 1463 In
2211 1414 2316 1463 Deo
2343 1412 2605 1476 faciemus
2637 1413 2904 1462 virtutem.
2930 1410 3059 1462 Non
3091 1410 3154 1462 in
3184 1410 3391 1475 gladio,
3415 1424 3535 1465 non

1938 1485 1999 1535 in
2021 1485 2206 1549 equis,
2231 1496 2349 1535 non
2365 1483 2423 1533 in
2444 1482 2651 1546 loricis,
2675 1494 2795 1533 non
2814 1482 2873 1532 in
2894 1485 3197 1546 potentatu
3212 1484 3502 1535 exercitus

1938 1555 2006 1603 Et
2022 1555 2131 1619 ipse
2151 1556 2224 1603 ad
2234 1554 2483 1603 nihitum‘
2493 1554 2709 1601 deducet
2731 1552 3042 1601 tribulantes
3053 1568 3169 1605 nos.
3185 1554 3427 1605 Factum
3443 1559 3536 1607 est

1939 1625 2379 1689 (EacAugustino)
2393 1625 2526 1676 hoc:
2543 1623 2860 1675 conculcati
2874 1628 3264 1685 suntmartyres
3274 1628 3530 1689 patiendo,

1937 1696 2377 1761 perseverando,
2394 1697 2454 1747 in
2470 1697 2586 1746 Deo
2616 1695 2877 1747 fecerunt
2890 1696 3185 1745 virtutem.
3199 1697 3269 1746 Et
3284 1696 3406 1759 ipse
3417 1698 3513 1745 feci

1938 1769 2092 1831 quod
2113 1768 2392 1832 sequitur.
2410 1766 2497 1818 Ad
2514 1765 2755 1817 nihilum
2779 1766 3020 1817 deduxit
3034 1765 3377 1817 tribulantes
3399 1778 3532 1820 nos.

1936 1839 2045 1890 Ubi
2064 1844 2200 1890 sunt
2218 1839 2651 1902 persecutores?
2666 1836 2773 1889 Ubi
2796 1841 2934 1887 sunt
2954 1836 3052 1898 qui
3072 1835 3409 1895 fremebant,
3424 1841 3533 1888 tra-

1934 1909 2171 1969 hebant,
2196 1907 2533 1959 occidebant
2548 1911 2572 1956 P
2595 1907 2734 1969 Quis
2768 1918 2967 1959 eorum
2986 1905 3078 1957 vel
3101 1906 3492 1958 reminiscitur
3508 1910 3533 1955 ?

1933 1979 2264 2031 Adnihilata
2284 1982 2373 2030 est
2389 1978 2611 2030 saavitia
2622 1981 3052 2041 persecutorum
3068 1993 3078 2025 :
3098 1978 3262 2028 ﬂoret
3274 1977 3459 2029 virtus
3472 1982 3531 2029 et

1932 2050 2113 2114 gloria
2147 2053 2497 2100 sanctorum.
2524 2050 2822 2099 Faciemus
2843 2052 2901 2100 et
2931 2060 3041 2098 nos
3065 2044 3526 2116 virtutem299

1934 2121 1992 2171 in
2018 2121 2279 2177 Domino,
2313 2122 2379 2170 ut
2416 2120 2488 2170 ab
2518 2118 2675 2170 omni
2716 2118 3083 2169 tribulatione
3125 2119 3183 2168 et
3214 2119 3529 2171 tentatione

1892 2236 1899 2241 .
1931 2190 2095 2242 liberi
2119 2203 2248 2242 esse
2270 2202 2610 2241 mereamur.
2648 2190 2795 2240 Nam
2820 2188 2869 2239 si
2891 2190 3047 2241 Deus
3070 2201 3170 2252 pro
3184 2189 3371 2251 nobis,
3398 2190 3529 2252 quis

1932 2266 2133 2313 contra
2147 2274 2255 2312 nos
2268 2260 2437 2325 (Rom.
2450 2258 2558 2323 8.)?
2569 2260 2796 2323 Sitergo
2807 2260 2867 2311 in
2881 2260 2998 2311 Deo
3011 2259 3287 2312 fortitudo
3300 2265 3527 2312 nostra:

1933 2337 1990 2384 et
2011 2331 2171 2384 nulla
2192 2344 2403 2383 nocere
2434 2330 2827 2395 praevalebunt
2853 2330 3119 2393 adversa,

2261 2435 2621 2500 TITULUS
2666 2434 2991 2500 PSALMI
3045 2435 3187 2499 LX.

1995 2557 2037 2601 ι.
2069 2553 2941 2615 sequensPsalmusintitulaturhoc
2963 2553 3141 2602 modo:
3167 2551 3230 2600 In
3252 2552 3438 2615 ﬁnem,
3464 2552 3526 2602 in

1928 2614 2153 2678 hymnis
2171 2613 2602 2678 David.7P_salmus
2625 2616 2718 2678 iste
2740 2615 2915 2678 dirigit
2939 2627 3031 2678 nos
3047 2616 3101 2661 in
3120 2616 3293 2676 tinem,
3320 2613 3526 2664 habitus

1926 2675 1989 2725 iri
2005 2676 2228 2738 hymnis
2250 2675 2434 2736 David,
2450 2677 2501 2722 id
2526 2677 2683 2735 est,ln
2702 2676 2939 2723 laudibus
2952 2677 3154 2725 Christi.
3168 2678 3523 2724 Ostenditurin

1928 2740 2018 2787 hoc
2033 2739 2225 2798 psalmo
2241 2744 2369 2785 totus
2383 2739 2605 2797 populus
2621 2752 2649 2783 a
2673 2738 2869 2785 cunctis
2883 2738 3109 2796 partibus
3126 2739 3306 2784 mundi
3318 2751 3409 2797 per
3418 2752 3524 2785 om-

1924 2814 2013 2848 nes
2044 2801 2404 2857 successiones,
2429 2802 2490 2847 ad
2519 2798 2773 2847 Christum
2796 2800 3025 2845 clamare.
3051 2800 3336 2846 Ostenditur
3371 2802 3519 2847 etiam

1924 2864 2059 2923 quod
2084 2876 2172 2921 per
2213 2863 2466 2910 Christum
2491 2863 2552 2907 ad
2592 2862 2802 2907 eandam
2848 2860 3206 2919 htereditatem,
3233 2874 3384 2921 quam
3410 2862 3519 2921 ipse

1924 2925 2148 2973 Christus
2168 2926 2332 2986 habet,
2373 2926 2592 2983 populus
2616 2923 2703 2986 ille
2741 2924 3012 2986 perveniet.
3038 2923 3236 2986 Materia
3259 2928 3332 2986 est
3355 2924 3519 2971 fidelis

1924 2987 2159 3046 populus,
2188 2988 2277 3046 qui
2305 2983 2387 3033 hic
2415 2986 2654 3044 loquitur.
2678 2985 2737 3031 Et
2779 2984 2995 3031 ostendit
3027 2997 3080 3030 se
3107 2985 3160 3030 in
3196 2983 3360 3043 prima
3378 2991 3517 3043 parte

1923 3050 2105 3108 psalmi
2130 3049 2192 3095 ad
2216 3049 2490 3101 Christum,
2539 3053 2594 3093 ut
2615 3047 2802 3093 dictum
2841 3050 2915 3092 est
2947 3046 3180 3095 clamare.
3213 3046 3270 3092 In
3296 3047 3517 3093 secunda

1922 3118 2077 3169 parte,
2106 3123 2221 3168 quas
2261 3108 2475 3167 incipit:
2518 3109 2763 3163 Quoniam
2805 3112 2875 3161 tu,
2914 3109 3041 3154 Deus
3077 3120 3237 3168 meus,
3264 3108 3514 3155 exaudistl

1924 3174 2194 3219 orationem
2208 3185 2387 3229 meam,
2401 3171 2682 3217 ostenditur
2691 3170 2875 3215 Christi
2888 3169 3067 3217 btet-edi
3078 3174 3218 3215 tatem
3238 3170 3511 3228 possidere.

1925 3235 2138 3281 Intentio
2161 3239 2234 3280 est
2252 3233 2502 3279 exhortari
2533 3245 2643 3293 nos,
2677 3238 2733 3277 ut
2758 3244 2849 3277 suo
2865 3231 3092 3289 exemplo
3108 3238 3325 3288 orantes,
3350 3235 3397 3277 et
3424 3245 3512 3290 per

1920 3296 2233 3354 adeptionem
2258 3295 2579 3353 praisentium
2601 3293 2845 3339 honorum
2878 3294 3047 3339 futura
3069 3293 3199 3339 bona
3236 3298 3510 3354 sperantes,

1921 3353 2295 3417 perseveremus
2313 3357 2366 3402 in
2393 3356 2631 3402 laudibus
2662 3367 2819 3413 usque
2842 3355 2895 3400 in
2918 3355 3088 3402 ﬁnem.
3105 3355 3160 3400 Et
3178 3355 3282 3400 haec
3300 3353 3515 3417 intentio

1920 3416 2249 3479 perpenditur
2271 3419 2325 3464 in
2351 3418 2450 3464 ﬁne
2473 3417 2671 3475 psalmi,
2699 3416 2787 3462 ubi
2822 3417 3031 3463 dicitur:
3058 3417 3137 3462 Sir.
3153 3417 3402 3475 psalmum
3435 3416 3517 3460 di-

1921 3476 2028 3529 cam
2059 3476 2254 3527 nomini
2277 3486 2378 3543 tuo,
2390 3485 2478 3527 etc.
2495 3480 2729 3538 Proponit
2743 3482 2907 3525 autem
2921 3479 3067 3526 nobis
3083 3479 3262 3525 orandi
3281 3478 3512 3538 formam,

1922 3544 1996 3590 sic
2019 3542 2211 3590 dicens.

2430 3627 2829 3692 PSALMUS
2872 3626 3010 3692 LX.
3061 3704 3070 3714 ,

1983 3762 2035 3817 ΕΖ.
2095 3763 2336 3826 Exaudi,
2391 3762 2548 3826 Deus,
2594 3762 3018 3826 deprecationem
3063 3776 3242 3810 meam
3297 3761 3518 3811 intende

1921 3835 2164 3883 orationi
2182 3848 2322 3882 meae.
2361 3833 2616 3885 Orationi
2638 3838 2854 3885 nostrae
2887 3832 3135 3883 intendit
3171 3834 3346 3895 Deus,
3378 3846 3515 3884 cum

1921 3909 2212 3969 gratanter
2224 3904 2462 3966 suscipit
2478 3903 2629 3967 quod
2641 3917 2890 3955 oramus.
2905 3903 3226 3955 Nonnullos
3244 3906 3517 3964 aliquando

1921 3976 2369 4037 exauditiratus,
2381 3988 2495 4025 non
2515 3979 2629 4025 tam
2641 3975 2714 4025 ad
2728 3975 2992 4034 salutem,
3006 3986 3179 4037 quam
3192 3974 3265 4025 ad
3277 3974 3520 4025 damna-

1925 4045 2155 4096 tionem.
2183 4046 2253 4095 Et
2292 4045 2419 4095 ideo
2450 4050 2755 4109 postquam
2779 4044 2942 4102 dixit,
2988 4044 3235 4107 Exaudi,
3256 4045 3518 4108 protinus

1920 4115 2156 4174 addidit,
2179 4114 2397 4162 Intende
2414 4130 2426 4163 :
2441 4119 2506 4165 ut
2526 4113 2788 4165 videlicet
2811 4118 3103 4177 gratanter
3118 4118 3175 4165 et
3195 4113 3407 4164 utiliter
3429 4114 3519 4164 di-

1920 4190 2129 4249 gnetur
2151 4183 2441 4235 exaudire.
2457 4186 2649 4234 Potest
2672 4185 2844 4235 etiam
2868 4184 2948 4234 ita
2970 4184 3522 4247 distinguizEwaudi

1920 4255 2348 4318 deprecationem
2369 4267 2565 4313 meam,
2590 4255 2647 4304 in
2660 4253 2934 4305 cavendis
2948 4253 3140 4303 malis:
3164 4253 3225 4301 In
3235 4253 3386 4301 tende
3400 4268 3521 4302 orae

1920 4326 2057 4373 tioni
2090 4340 2233 4383 meae,
2259 4324 2319 4374 in
2341 4324 2678 4387 appetendis
2712 4325 2898 4375 bonis.
2921 4322 3163 4384 Quidam
3187 4322 3341 4373 enim
3365 4322 3517 4375 hanc

1918 4394 2342 4446 distinctionem
2362 4393 2578 4445 faciunt
2597 4394 2749 4446 inter
2770 4392 3222 4457 deprecationem
3240 4398 3299 4443 et
3311 4393 3515 4444 oratio-

1917 4478 2070 4529 nem,
2084 4469 2151 4516 ut
2165 4465 2273 4515 hoc
2291 4464 2368 4515 sit
2382 4464 2671 4527 deprecari
2686 4467 2890 4523 Deum,
2921 4462 3153 4526 quando
3172 4467 3234 4512 ut
3248 4468 3472 4514 avertat
3486 4479 3516 4512 a

1918 4537 2084 4588 nobis
2108 4534 2277 4599 mala,
2296 4535 2629 4598 qumrimus.
2654 4537 2727 4587 Et
2752 4535 2861 4586 hoc
2885 4534 2961 4585 sit
2983 4534 3165 4595 orare,
3193 4534 3427 4596 quando
3454 4538 3518 4586 ut

216 4603 323 4655 ris.
364 4603 490 4675 Non
524 4603 677 4654 enim
702 4605 1020 4675 continebis
1045 4605 1104 4655 in
1144 4604 1229 4655 ira
1262 4608 1362 4656 tua
1395 4605 1815 4657 misericordias
1845 4602 1902 4675 D
1922 4610 2073 4659 bona
2090 4607 2318 4669 tribuat,
2342 4605 2726 4669 postulamus.
2752 4604 2968 4668 thuia
2982 4602 3232 4675 Ecclesia
3244 4608 3367 4675 toto
3379 4605 3517 4656 orbe

221 4680 372 4725 tuas.
389 4673 455 4721 Et
468 4689 579 4721 non
602 4674 910 4737 egredieris,
932 4676 1069 4723 Deus
1084 4675 1143 4723 in
1157 4675 1443 4724 virtutibus
1458 4677 1650 4724 nostris
1661 4681 1685 4727 9
1699 4680 1755 4725 Se
1764 4694 1816 4725 r-

218 4745 445 4795 viturus
470 4750 559 4795 est
582 4745 853 4807 mundus,
882 4746 1111 4797 futurus
1134 4750 1225 4797 est
1245 4759 1487 4798 acervus
1507 4747 1821 4799 testimonii

218 4814 405 4865 effuso
439 4818 756 4877 martyrum
799 4815 1100 4879 sanguine,
1146 4815 1351 4867 dicturi
1397 4822 1533 4867 sunt
1557 4817 1765 4881 pagani
1802 4835 1813 4866 :

220 4886 327 4935 Ubi
348 4890 437 4936 est
449 4887 603 4935 Deus
629 4898 827 4937 eorum
846 4886 1004 4948 (Psal.
1035 4884 1175 4949 113.)
1194 4891 1283 4938 ?et
1300 4891 1438 4938 tunc
1460 4901 1577 4938 non
1593 4891 1817 4949 egredie-

218 4955 318 5015 ris,
347 4957 525 5017 Deus,
550 4955 607 5005 in
633 4956 947 5007 virtutibus
966 4958 1203 5020 nostris,
1219 4970 1335 5008 non
1348 4964 1545 5010 contra
1560 4972 1659 5010 eos
1670 4975 1819 5020 appa-

217 5026 393 5077 rubis.
422 5028 548 5076 Non
572 5028 844 5079 ostendes
864 5030 1178 5091 potentiam
1202 5033 1359 5079 tuam
1378 5030 1604 5092 qualem
1624 5036 1818 5081 osten—

220 5098 427 5149 distiin
452 5099 669 5161 Moyse,
696 5098 754 5148 in
788 5101 928 5149 Jesu
961 5100 1133 5163 Nave,
1162 5099 1221 5150 in
1240 5100 1444 5161 David,
1467 5101 1814 5165 etincmteris,

219 5168 456 5231 quando
473 5180 673 5219 eorum
695 5169 1011 5220 fortitudini
1026 5175 1327 5221 cesserunt
1341 5175 1563 5234 gentes,
1589 5177 1644 5222 et
1657 5174 1825 5231 strage

218 5240 388 5298 facta,
416 5239 478 5289 in
502 5242 711 5290 terram
735 5253 909 5303 quam
945 5241 1273 5304 promisisti,
1300 5242 1523 5305 plebem
1548 5247 1707 5303 tuam
1730 5243 1817 5293 in-

218 5310 457 5361 duxisti.
474 5311 636 5361 Certe
647 5311 876 5374 quando
889 5312 1136 5364 catenati
1146 5316 1429 5375 martyres
1441 5313 1814 5376 ducebantur,

217 5381 454 5444 quando
471 5381 615 5431 ferro
628 5382 1056 5444 occidebantur,
1073 5382 1205 5445 igne
1218 5386 1637 5446 cremebantur,
1655 5387 1818 5432 diver-

216 5452 300 5503 sis
331 5452 637 5503 tormentis
654 5452 1079 5515 cruciabantur,
1101 5456 1545 5502 contemnebantur
1562 5462 1814 5515 tamquam

217 5523 755 5585 deserti,tamquam
784 5524 907 5574 sine
931 5524 997 5574 ad
1002 5526 1209 5587 jutore.
1228 5524 1519 5586 Numquid
1531 5538 1667 5589 ergo
1681 5526 1817 5588 quia

216 5607 337 5644 non
352 5593 757 5655 egrediebatur
778 5596 936 5645 Deus
954 5595 1014 5645 in
1037 5594 1345 5646 virtutibus
1361 5607 1574 5651 eorum.
1587 5596 1715 5647 ideo
1729 5600 1817 5645 de-

219 5666 454 5716 serebat
466 5668 495 5713 ?
512 5666 711 5715 Nonne
723 5666 907 5725 magis
921 5678 1040 5716 non
1055 5665 1417 5727 egrediendo,
1435 5666 1495 5717 in
1508 5667 1779 5719 virtutibu
1790 5682 1818 5718 s

219 5747 426 5786 eorum
450 5734 694 5785 deduxit
716 5735 1034 5786 Ecclesiam
1064 5748 1251 5798 usque
1285 5737 1345 5786 in
1372 5737 1688 5789 Idumaaam
1711 5742 1738 5788 ‘t
1761 5739 1817 5789 Si

180 5813 191 5819 '
222 5802 434 5857 bellare
456 5804 613 5856 enim
632 5804 802 5856 vellet
820 5804 1086 5866 Ecclesia,
1116 5811 1173 5856 et
1187 5805 1376 5868 gladio
1400 5808 1504 5871 uti,
1526 5809 1819 5861 videretur

1921 4681 2198 4729 terrarum
2224 4676 2434 4727 diffusa
2456 4679 2565 4740 est,
2591 4675 2846 4739 undique
2876 4688 2939 4727 se
2964 4673 3213 4726 clamare
3236 4674 3514 4740 insinuat,

1918 4761 2051 4800 cum
2076 4747 2379 4812 subjungit
2405 4764 2415 4794 :

1979 4819 2029 4874 3.
2053 4820 2095 4869 Α
2111 4818 2310 4883 ﬁnibus
2332 4822 2480 4867 terrae
2498 4817 2571 4866 ad
2594 4823 2639 4866 te
2671 4817 2918 4866 clamavi.
2950 4816 3175 4868 Clamor
3217 4822 3417 4870 noster
3440 4818 3514 4870 ad

1917 4894 2122 4953 Deum,
2136 4895 2223 4942 est
2234 4894 2494 4941 nostrum
2511 4888 2880 4940 desiderium.
2900 4890 3127 4950 Quanto
3139 4890 3385 4953 quisque
3396 4891 3516 4950 plus

1918 4962 2221 5023 desiderat,
2261 4966 2419 5013 tanto
2453 4959 2583 5024 plus
2616 4959 2845 5010 clamat.
2897 4961 2967 5010 Et
3013 4959 3211 5011 subdit
3247 4972 3515 5011 caussam

1917 5045 2111 5095 quare.
2126 5034 2266 5083 Dum
2280 5031 2605 5081 auxiaretur
2614 5045 2704 5079 cor
2718 5044 2915 5080 meum.
2932 5030 3199 5082 Ostendit
3213 5043 3273 5082 se
3284 5042 3415 5082 esse
3430 5045 3516 5091 per

1917 5116 2120 5155 omnes
2130 5108 2334 5168 gentes
2351 5103 2410 5153 in
2426 5114 2637 5166 magna
2647 5101 2846 5165 gloria,
2864 5114 2972 5152 nec
2988 5105 3184 5152 tamen
3198 5100 3321 5151 sine
3333 5116 3517 5160 magna

1919 5176 2250 5226 tentatione.
2298 5176 2512 5226 Omnes
2554 5172 2706 5224 enim
2740 5172 2839 5234 qui
2866 5172 2958 5237 pie
3003 5171 3208 5222 volunt
3232 5171 3427 5221 vivere
3451 5172 3513 5221 in

1917 5244 2162 5308 Christo,
2188 5245 2646 5309 persecutionem
2669 5242 2979 5307 patiuntur.
3001 5240 3070 5305 (2.
3109 5238 3356 5303 Tim.3.).
3382 5242 3516 5292 Pro-

1918 5320 2120 5366 vectus
2130 5320 2323 5367 autem
2334 5319 2531 5367 noster
2546 5327 2646 5378 per
2663 5313 3035 5365 tentationem
3048 5312 3132 5371 ﬁt,
3145 5323 3252 5362 nec
3264 5313 3362 5359 sibi
3380 5313 3519 5372 quis-

1918 5396 2110 5447 quam,
2142 5385 2252 5435 nisi
2271 5390 2539 5447 tentetur,
2568 5383 2902 5435 innotescit:
2923 5394 3030 5433 nec
3052 5386 3245 5446 potest
3264 5384 3514 5445 coronari,

1916 5455 2029 5505 nisi
2052 5454 2249 5506 vicerit
2265 5455 2336 5518 (2.
2362 5456 2493 5506 Tim.
2509 5454 2581 5518 2.)
2601 5472 2611 5502 :
2628 5467 2734 5504 nec
2759 5457 2950 5517 potest
2965 5453 3214 5513 vincere,
3230 5450 3343 5501 nisi
3354 5457 3516 5498 certa-

1916 5525 2066 5577 verit
2090 5541 2101 5572 :
2148 5538 2253 5575 nec
2278 5530 2468 5588 potest
2494 5527 2729 5581 certare,
2760 5523 2874 5574 nisi
2917 5522 3217 5573 inimicum
3240 5525 3300 5572 et
3327 5524 3517 5572 tenta-‘-

1919 5595 2129 5647 tionem
2197 5595 2483 5645 habuerit.
2538 5594 2822 5644 Anxiatur
2876 5606 3010 5657 ergo
3054 5593 3165 5643 iste
3220 5604 3255 5643 a
3297 5592 3514 5643 finibus

1918 5670 2086 5716 terras
2131 5665 2404 5727 clamans,
2458 5663 2559 5714 sed
2605 5676 2722 5713 non
2768 5662 3149 5726 relinquitur:
3196 5662 3333 5724 quia
3374 5663 3515 5713 sub-

1919 5737 2074 5788 ditur
2114 5749 2127 5785 :
2180 5735 2246 5784 In
2284 5741 2441 5799 petra
2494 5734 2742 5783 exaltasti
2793 5749 2893 5783 me.
2947 5736 3112 5784 Petra
3156 5737 3350 5783 autem
3393 5736 3515 5784 erat

1918 5807 2179 5860 Christus
2206 5805 2273 5868 (1.
2303 5807 2424 5857 Cor.
2458 5804 2586 5869 10.).
2624 5804 2771 5856 Hinc
2794 5805 2920 5869 ipsa
2939 5804 3165 5854 Veritas
3187 5803 3268 5853 ait
3292 5823 3305 5852 :
3331 5802 3515 5867 Super
