  <div class='ocr_page' id='page_1' title='image "/cluster/home/n/w/nwhite01/storage/ocr_20150623/20-21/uva.x000826555/1057.png"; bbox 0 0 3880 6222; ppageno 0'>
   <div class='ocr_carea' id='block_1_1' title="bbox 397 312 3767 369">
    <p class='ocr_par' dir='ltr' id='par_1_1' title="bbox 397 312 3767 369">
     <span class='ocr_line' id='line_1_1' title="bbox 397 312 3767 369; baseline 0 -2"><span class='ocrx_word' id='word_1_1' title='bbox 397 312 501 367; x_wconf 85' lang='grc'>887</span> <span class='ocrx_word' id='word_1_2' title='bbox 1455 314 1721 367; x_wconf 82' lang='lat' dir='ltr'>RUFINO</span> <span class='ocrx_word' id='word_1_3' title='bbox 1755 314 2218 369; x_wconf 85' lang='lat' dir='ltr'>PRESBYTERO</span> <span class='ocrx_word' id='word_1_4' title='bbox 2252 314 2638 367; x_wconf 79' lang='lat' dir='ltr'>ASCRIPTUS</span> <span class='ocrx_word' id='word_1_5' title='bbox 3660 312 3767 368; x_wconf 52' lang='lat'>8%</span> 
     </span>
    </p>
   </div>
   <div class='ocr_carea' id='block_1_2' title="bbox 394 416 3771 503">
    <p class='ocr_par' dir='ltr' id='par_1_2' title="bbox 394 416 3771 503">
     <span class='ocr_line' id='line_1_2' title="bbox 394 416 3771 503; baseline 0.001 -27"><span class='ocrx_word' id='word_1_6' title='bbox 394 426 545 503; x_wconf 70' lang='lat' dir='ltr'>hanc</span> <span class='ocrx_word' id='word_1_7' title='bbox 577 424 1131 503; x_wconf 51' lang='lat' dir='ltr'>petramadiﬂcabo</span> <span class='ocrx_word' id='word_1_8' title='bbox 1148 423 1464 503; x_wconf 54' lang='lat' dir='ltr'>Ecclesiarn</span> <span class='ocrx_word' id='word_1_9' title='bbox 1486 441 1647 503; x_wconf 76' lang='lat' dir='ltr'>meum</span> <span class='ocrx_word' id='word_1_10' title='bbox 1673 428 1843 503; x_wconf 77' lang='lat' dir='ltr'>(Matt.</span> <span class='ocrx_word' id='word_1_11' title='bbox 1864 427 1995 503; x_wconf 42' lang='grc' dir='ltr'>βᾶ).</span> <span class='ocrx_word' id='word_1_12' title='bbox 2016 430 2073 503; x_wconf 83' lang='grc' dir='ltr'><strong>Α</strong></span> <span class='ocrx_word' id='word_1_13' title='bbox 2097 427 2510 503; x_wconf 62' lang='lat' dir='ltr'>iacereservus</span> <span class='ocrx_word' id='word_1_14' title='bbox 2544 426 2649 503; x_wconf 89' lang='lat' dir='ltr'>Dei</span> <span class='ocrx_word' id='word_1_15' title='bbox 2671 427 2733 479; x_wconf 90' lang='lat' dir='ltr'>in</span> <span class='ocrx_word' id='word_1_16' title='bbox 2756 426 2867 503; x_wconf 81' lang='lat' dir='ltr'>hoc</span> <span class='ocrx_word' id='word_1_17' title='bbox 2890 428 3108 503; x_wconf 75' lang='lat' dir='ltr'>seculo,</span> <span class='ocrx_word' id='word_1_18' title='bbox 3126 439 3318 503; x_wconf 89' lang='lat' dir='ltr'>quam</span> <span class='ocrx_word' id='word_1_19' title='bbox 3343 438 3523 503; x_wconf 81' lang='lat' dir='ltr'>orare</span> <span class='ocrx_word' id='word_1_20' title='bbox 3542 416 3771 503; x_wconf 67' lang='lat' dir='ltr'>Deum&#39;</span> 
     </span>
    </p>
   </div>
   <div class='ocr_carea' id='block_1_3' title="bbox 395 495 3775 561">
    <p class='ocr_par' dir='ltr' id='par_1_3' title="bbox 395 495 3775 561">
     <span class='ocr_line' id='line_1_3' title="bbox 395 495 3775 561; baseline 0.001 -15"><span class='ocrx_word' id='word_1_21' title='bbox 395 498 461 547; x_wconf 92' lang='lat' dir='ltr'>In</span> <span class='ocrx_word' id='word_1_22' title='bbox 498 499 661 560; x_wconf 88' lang='lat' dir='ltr'>petra</span> <span class='ocrx_word' id='word_1_23' title='bbox 693 495 1005 553; x_wconf 84' lang='lat' dir='ltr'>exaltatur,</span> <span class='ocrx_word' id='word_1_24' title='bbox 1037 496 1135 558; x_wconf 87' lang='lat' dir='ltr'>qui</span> <span class='ocrx_word' id='word_1_25' title='bbox 1176 495 1237 546; x_wconf 92' lang='lat' dir='ltr'>in</span> <span class='ocrx_word' id='word_1_26' title='bbox 1260 495 1372 547; x_wconf 75' lang='lat' dir='ltr'>fide</span> <span class='ocrx_word' id='word_1_27' title='bbox 1398 497 1629 547; x_wconf 88' lang='lat' dir='ltr'>Domini</span> <span class='ocrx_word' id='word_1_28' title='bbox 1650 499 1832 549; x_wconf 90' lang='lat' dir='ltr'>nostri</span> <span class='ocrx_word' id='word_1_29' title='bbox 1854 501 1997 550; x_wconf 87' lang='lat' dir='ltr'>Jesu</span> <span class='ocrx_word' id='word_1_30' title='bbox 2016 495 2073 503; x_wconf 85' lang='grc'><em>’“</em></span> <span class='ocrx_word' id='word_1_31' title='bbox 2094 498 2285 551; x_wconf 91' lang='lat' dir='ltr'>Oratio</span> <span class='ocrx_word' id='word_1_32' title='bbox 2341 502 2569 549; x_wconf 83' lang='lat' dir='ltr'>serenat</span> <span class='ocrx_word' id='word_1_33' title='bbox 2591 511 2704 561; x_wconf 91' lang='lat' dir='ltr'>cor,</span> <span class='ocrx_word' id='word_1_34' title='bbox 2745 498 3035 550; x_wconf 76' lang='lat' dir='ltr'>abstrahit</span> <span class='ocrx_word' id='word_1_35' title='bbox 3071 511 3107 549; x_wconf 90' lang='lat' dir='ltr'>a</span> <span class='ocrx_word' id='word_1_36' title='bbox 3150 497 3429 561; x_wconf 75' lang='lat' dir='ltr'>terrenis,</span> <span class='ocrx_word' id='word_1_37' title='bbox 3455 498 3775 549; x_wconf 81' lang='lat' dir='ltr'>mundata</span> 
     </span>
    </p>
   </div>
   <div class='ocr_carea' id='block_1_4' title="bbox 400 566 3772 632">
    <p class='ocr_par' dir='ltr' id='par_1_4' title="bbox 400 566 3772 632">
     <span class='ocr_line' id='line_1_4' title="bbox 400 566 3772 632; baseline 0.001 -16"><span class='ocrx_word' id='word_1_38' title='bbox 400 566 611 617; x_wconf 87' lang='lat' dir='ltr'>Christi</span> <span class='ocrx_word' id='word_1_39' title='bbox 646 566 923 618; x_wconf 89' lang='lat' dir='ltr'>fundatus</span> <span class='ocrx_word' id='word_1_40' title='bbox 956 570 1063 617; x_wconf 90' lang='lat' dir='ltr'>est.</span> <span class='ocrx_word' id='word_1_41' title='bbox 1108 568 1177 617; x_wconf 89' lang='lat' dir='ltr'>Et</span> <span class='ocrx_word' id='word_1_42' title='bbox 1213 566 1361 618; x_wconf 82' lang='lat' dir='ltr'>bene</span> <span class='ocrx_word' id='word_1_43' title='bbox 1384 568 1481 629; x_wconf 89' lang='lat' dir='ltr'>ait,</span> <span class='ocrx_word' id='word_1_44' title='bbox 1514 568 1789 617; x_wconf 72' lang='lat' dir='ltr'>Exattasti</span> <span class='ocrx_word' id='word_1_45' title='bbox 1817 587 1827 618; x_wconf 85' lang='lat'>:</span> <span class='ocrx_word' id='word_1_46' title='bbox 1862 570 1999 632; x_wconf 82' lang='lat' dir='ltr'>quia</span> <span class='ocrx_word' id='word_1_47' title='bbox 2099 569 2269 630; x_wconf 90' lang='lat' dir='ltr'>vitiis,</span> <span class='ocrx_word' id='word_1_48' title='bbox 2306 567 2570 620; x_wconf 81' lang='lat' dir='ltr'>sublevat</span> <span class='ocrx_word' id='word_1_49' title='bbox 2612 569 2686 620; x_wconf 91' lang='lat' dir='ltr'>ad</span> <span class='ocrx_word' id='word_1_50' title='bbox 2723 570 2996 627; x_wconf 62' lang='lat' dir='ltr'>caelestia,</span> <span class='ocrx_word' id='word_1_51' title='bbox 3035 569 3231 621; x_wconf 85' lang='lat' dir='ltr'>reddit</span> <span class='ocrx_word' id='word_1_52' title='bbox 3258 568 3565 632; x_wconf 86' lang='lat' dir='ltr'>capacius</span> <span class='ocrx_word' id='word_1_53' title='bbox 3588 574 3657 620; x_wconf 86' lang='lat' dir='ltr'>et</span> <span class='ocrx_word' id='word_1_54' title='bbox 3685 569 3772 619; x_wconf 83' lang='lat' dir='ltr'>di-</span> 
     </span>
    </p>
   </div>
   <div class='ocr_carea' id='block_1_5' title="bbox 393 636 3768 704">
    <p class='ocr_par' dir='ltr' id='par_1_5' title="bbox 393 636 3768 704">
     <span class='ocr_line' id='line_1_5' title="bbox 393 636 3768 704; baseline 0.001 -15"><span class='ocrx_word' id='word_1_55' title='bbox 393 638 590 701; x_wconf 87' lang='lat' dir='ltr'>justus</span> <span class='ocrx_word' id='word_1_56' title='bbox 617 638 715 701; x_wconf 91' lang='lat' dir='ltr'>qui</span> <span class='ocrx_word' id='word_1_57' title='bbox 739 650 810 689; x_wconf 83' lang='lat' dir='ltr'>ex</span> <span class='ocrx_word' id='word_1_58' title='bbox 845 636 958 688; x_wconf 81' lang='lat' dir='ltr'>fide</span> <span class='ocrx_word' id='word_1_59' title='bbox 981 636 1124 687; x_wconf 80' lang='lat' dir='ltr'>vivit</span> <span class='ocrx_word' id='word_1_60' title='bbox 1153 637 1322 699; x_wconf 88' lang='lat' dir='ltr'>(Rom.</span> <span class='ocrx_word' id='word_1_61' title='bbox 1361 636 1450 699; x_wconf 75' lang='lat'>1.),</span> <span class='ocrx_word' id='word_1_62' title='bbox 1487 644 1696 689; x_wconf 90' lang='lat' dir='ltr'>cuncta</span> <span class='ocrx_word' id='word_1_63' title='bbox 1719 644 1997 700; x_wconf 88' lang='lat' dir='ltr'>tempora-</span> <span class='ocrx_word' id='word_1_64' title='bbox 2098 640 2269 703; x_wconf 81' lang='lat' dir='ltr'>gnius</span> <span class='ocrx_word' id='word_1_65' title='bbox 2292 638 2366 690; x_wconf 91' lang='lat' dir='ltr'>ad</span> <span class='ocrx_word' id='word_1_66' title='bbox 2388 639 2717 704; x_wconf 89' lang='lat' dir='ltr'>accipienda</span> <span class='ocrx_word' id='word_1_67' title='bbox 2732 642 2882 691; x_wconf 91' lang='lat' dir='ltr'>bona</span> <span class='ocrx_word' id='word_1_68' title='bbox 2906 640 3252 704; x_wconf 87' lang='lat' dir='ltr'>spiritualia.</span> <span class='ocrx_word' id='word_1_69' title='bbox 3278 641 3768 691; x_wconf 78' lang='lat' dir='ltr'>Perseveremus</span> 
     </span>
    </p>
   </div>
   <div class='ocr_carea' id='block_1_6' title="bbox 398 707 3775 777">
    <p class='ocr_par' dir='ltr' id='par_1_6' title="bbox 398 707 3775 777">
     <span class='ocr_line' id='line_1_6' title="bbox 398 707 3775 777; baseline 0.001 -18"><span class='ocrx_word' id='word_1_70' title='bbox 398 708 475 760; x_wconf 90' lang='lat' dir='ltr'>lia</span> <span class='ocrx_word' id='word_1_71' title='bbox 520 708 875 759; x_wconf 84' lang='lat' dir='ltr'>transcendit</span> <span class='ocrx_word' id='word_1_72' title='bbox 912 727 924 756; x_wconf 85' lang='lat'><strong>:</strong></span> <span class='ocrx_word' id='word_1_73' title='bbox 966 712 1138 770; x_wconf 89' lang='lat' dir='ltr'>atque</span> <span class='ocrx_word' id='word_1_74' title='bbox 1160 707 1220 758; x_wconf 91' lang='lat' dir='ltr'>in</span> <span class='ocrx_word' id='word_1_75' title='bbox 1243 707 1400 760; x_wconf 63' lang='lat' dir='ltr'>calls</span> <span class='ocrx_word' id='word_1_76' title='bbox 1428 710 1792 761; x_wconf 86' lang='lat' dir='ltr'>conversatio</span> <span class='ocrx_word' id='word_1_77' title='bbox 1818 708 1994 777; x_wconf 83' lang='lat'>300</span> <span class='ocrx_word' id='word_1_78' title='bbox 2101 711 2235 773; x_wconf 79' lang='lat' dir='ltr'>ergo</span> <span class='ocrx_word' id='word_1_79' title='bbox 2252 710 2312 761; x_wconf 89' lang='lat' dir='ltr'>in</span> <span class='ocrx_word' id='word_1_80' title='bbox 2336 711 2590 762; x_wconf 88' lang='lat' dir='ltr'>oratione</span> <span class='ocrx_word' id='word_1_81' title='bbox 2613 716 2671 762; x_wconf 89' lang='lat' dir='ltr'>et</span> <span class='ocrx_word' id='word_1_82' title='bbox 2696 712 2896 763; x_wconf 88' lang='lat' dir='ltr'>timore</span> <span class='ocrx_word' id='word_1_83' title='bbox 2912 713 3171 762; x_wconf 90' lang='lat' dir='ltr'>nominis</span> <span class='ocrx_word' id='word_1_84' title='bbox 3184 711 3651 773; x_wconf 87' lang='lat' dir='ltr'>Deiquatenus</span> <span class='ocrx_word' id='word_1_85' title='bbox 3668 724 3775 762; x_wconf 68' lang='lat' dir='ltr'>csa-</span> 
     </span>
    </p>
   </div>
   <div class='ocr_carea' id='block_1_7' title="bbox 401 777 3775 845">
    <p class='ocr_par' dir='ltr' id='par_1_7' title="bbox 401 777 3775 845">
     <span class='ocr_line' id='line_1_7' title="bbox 401 777 3775 845; baseline 0.001 -14"><span class='ocrx_word' id='word_1_86' title='bbox 401 781 528 844; x_wconf 85' lang='lat' dir='ltr'>ejus</span> <span class='ocrx_word' id='word_1_87' title='bbox 550 782 638 830; x_wconf 86' lang='lat' dir='ltr'>est</span> <span class='ocrx_word' id='word_1_88' title='bbox 660 780 827 841; x_wconf 85' lang='lat' dir='ltr'>(Phil.</span> <span class='ocrx_word' id='word_1_89' title='bbox 856 778 948 841; x_wconf 88' lang='lat'>3.).</span> <span class='ocrx_word' id='word_1_90' title='bbox 974 779 1044 829; x_wconf 89' lang='lat' dir='ltr'>Et</span> <span class='ocrx_word' id='word_1_91' title='bbox 1068 777 1201 841; x_wconf 88' lang='lat' dir='ltr'>quia</span> <span class='ocrx_word' id='word_1_92' title='bbox 1218 777 1312 829; x_wconf 92' lang='lat' dir='ltr'>ille</span> <span class='ocrx_word' id='word_1_93' title='bbox 1336 779 1435 841; x_wconf 90' lang='lat' dir='ltr'>qui</span> <span class='ocrx_word' id='word_1_94' title='bbox 1461 779 1639 831; x_wconf 88' lang='lat' dir='ltr'>donat</span> <span class='ocrx_word' id='word_1_95' title='bbox 1662 780 1856 844; x_wconf 79' lang='lat' dir='ltr'>fidem,</span> <span class='ocrx_word' id='word_1_96' title='bbox 1879 794 2001 845; x_wconf 86' lang='lat' dir='ltr'>pro-</span> <span class='ocrx_word' id='word_1_97' title='bbox 2100 781 2307 832; x_wconf 89' lang='lat' dir='ltr'>lestem</span> <span class='ocrx_word' id='word_1_98' title='bbox 2328 782 2940 845; x_wconf 86' lang='lat' dir='ltr'>promereripossimus</span> <span class='ocrx_word' id='word_1_99' title='bbox 2951 782 3391 833; x_wconf 68' lang='lat' dir='ltr'>hasreditatem.</span> <span class='ocrx_word' id='word_1_100' title='bbox 3406 782 3665 832; x_wconf 85' lang='lat' dir='ltr'>Deinde</span> <span class='ocrx_word' id='word_1_101' title='bbox 3678 796 3775 833; x_wconf 55' lang='lat' dir='ltr'>ex.</span> 
     </span>
    </p>
   </div>
   <div class='ocr_carea' id='block_1_8' title="bbox 400 848 3768 917">
    <p class='ocr_par' dir='ltr' id='par_1_8' title="bbox 400 848 3768 917">
     <span class='ocr_line' id='line_1_8' title="bbox 400 848 3768 917; baseline 0 -16"><span class='ocrx_word' id='word_1_102' title='bbox 400 854 601 902; x_wconf 86' lang='lat' dir='ltr'>movet</span> <span class='ocrx_word' id='word_1_103' title='bbox 652 862 793 901; x_wconf 90' lang='lat' dir='ltr'>suos</span> <span class='ocrx_word' id='word_1_104' title='bbox 835 849 907 901; x_wconf 92' lang='lat' dir='ltr'>ad</span> <span class='ocrx_word' id='word_1_105' title='bbox 943 848 1331 917; x_wconf 85' lang='lat' dir='ltr'>operationem</span> <span class='ocrx_word' id='word_1_106' title='bbox 1358 855 1417 900; x_wconf 90' lang='lat' dir='ltr'>et</span> <span class='ocrx_word' id='word_1_107' title='bbox 1438 862 1620 914; x_wconf 89' lang='lat' dir='ltr'>spem,</span> <span class='ocrx_word' id='word_1_108' title='bbox 1645 855 1820 914; x_wconf 89' lang='lat' dir='ltr'>atque</span> <span class='ocrx_word' id='word_1_109' title='bbox 1843 853 1905 903; x_wconf 90' lang='lat' dir='ltr'>in</span> <span class='ocrx_word' id='word_1_110' title='bbox 1933 864 2001 903; x_wconf 94' lang='lat' dir='ltr'>eo</span> <span class='ocrx_word' id='word_1_111' title='bbox 2100 853 2279 916; x_wconf 84' lang='lat' dir='ltr'>ponit,</span> <span class='ocrx_word' id='word_1_112' title='bbox 2305 863 2481 915; x_wconf 89' lang='lat' dir='ltr'>quam</span> <span class='ocrx_word' id='word_1_113' title='bbox 2499 852 2901 905; x_wconf 73' lang='lat' dir='ltr'>htereditatem</span> <span class='ocrx_word' id='word_1_114' title='bbox 2921 852 3169 904; x_wconf 88' lang='lat' dir='ltr'>daturus</span> <span class='ocrx_word' id='word_1_115' title='bbox 3193 858 3291 903; x_wconf 88' lang='lat' dir='ltr'>est</span> <span class='ocrx_word' id='word_1_116' title='bbox 3310 854 3516 914; x_wconf 88' lang='lat' dir='ltr'>Deus,</span> <span class='ocrx_word' id='word_1_117' title='bbox 3532 854 3728 901; x_wconf 73' lang='lat' dir='ltr'>dicens</span> <span class='ocrx_word' id='word_1_118' title='bbox 3755 872 3768 902; x_wconf 90' lang='lat'><strong>:</strong></span> 
     </span>
    </p>
   </div>
   <div class='ocr_carea' id='block_1_9' title="bbox 403 920 3771 992">
    <p class='ocr_par' dir='ltr' id='par_1_9' title="bbox 403 920 3771 992">
     <span class='ocr_line' id='line_1_9' title="bbox 403 920 3771 992; baseline 0 -21"><span class='ocrx_word' id='word_1_119' title='bbox 403 921 545 992; x_wconf 16' lang='lat' dir='ltr'>ipso,</span> <span class='ocrx_word' id='word_1_120' title='bbox 564 920 894 992; x_wconf 80' lang='lat' dir='ltr'>confirmat,</span> <span class='ocrx_word' id='word_1_121' title='bbox 921 933 995 992; x_wconf 88' lang='lat' dir='ltr'>ne</span> <span class='ocrx_word' id='word_1_122' title='bbox 1034 923 1293 992; x_wconf 77' lang='lat' dir='ltr'>tentatus</span> <span class='ocrx_word' id='word_1_123' title='bbox 1307 920 1557 992; x_wconf 87' lang='lat' dir='ltr'>quisque</span> <span class='ocrx_word' id='word_1_124' title='bbox 1579 921 1825 983; x_wconf 82' lang='lat' dir='ltr'>deficiat,</span> <span class='ocrx_word' id='word_1_125' title='bbox 1848 928 2001 974; x_wconf 89' lang='lat' dir='ltr'>recte</span> <span class='ocrx_word' id='word_1_126' title='bbox 2164 921 2215 975; x_wconf 94' lang='lat'>7.</span> <span class='ocrx_word' id='word_1_127' title='bbox 2250 923 2374 971; x_wconf 84' lang='lat' dir='ltr'>Dies</span> <span class='ocrx_word' id='word_1_128' title='bbox 2416 938 2578 987; x_wconf 80' lang='lat' dir='ltr'>super</span> <span class='ocrx_word' id='word_1_129' title='bbox 2624 922 2735 971; x_wconf 85' lang='lat' dir='ltr'>dies</span> <span class='ocrx_word' id='word_1_130' title='bbox 2762 925 2901 987; x_wconf 76' lang='lat' dir='ltr'>regis</span> <span class='ocrx_word' id='word_1_131' title='bbox 2918 922 3144 992; x_wconf 67' lang='lat' dir='ltr'>adﬁcies</span> <span class='ocrx_word' id='word_1_132' title='bbox 3171 938 3182 970; x_wconf 86' lang='lat'><strong>:</strong></span> <span class='ocrx_word' id='word_1_133' title='bbox 3209 938 3406 972; x_wconf 83' lang='lat' dir='ltr'>annos</span> <span class='ocrx_word' id='word_1_134' title='bbox 3431 922 3569 985; x_wconf 82' lang='lat' dir='ltr'>ejus</span> <span class='ocrx_word' id='word_1_135' title='bbox 3591 938 3771 986; x_wconf 81' lang='lat' dir='ltr'>usque</span> 
     </span>
    </p>
   </div>
   <div class='ocr_carea' id='block_1_10' title="bbox 403 988 3769 1057">
    <p class='ocr_par' dir='ltr' id='par_1_10' title="bbox 403 988 3769 1057">
     <span class='ocr_line' id='line_1_10' title="bbox 403 988 3769 1057; baseline 0 -14"><span class='ocrx_word' id='word_1_136' title='bbox 403 991 671 1043; x_wconf 77' lang='lat' dir='ltr'>subditur</span> <span class='ocrx_word' id='word_1_137' title='bbox 719 991 1025 1042; x_wconf 72' lang='lat' dir='ltr'>:Deduxisti</span> <span class='ocrx_word' id='word_1_138' title='bbox 1059 1004 1161 1052; x_wconf 80' lang='lat' dir='ltr'>me,</span> <span class='ocrx_word' id='word_1_139' title='bbox 1186 988 1258 1041; x_wconf 87' lang='lat' dir='ltr'>de</span> <span class='ocrx_word' id='word_1_140' title='bbox 1280 990 1491 1043; x_wconf 88' lang='lat' dir='ltr'>virtute</span> <span class='ocrx_word' id='word_1_141' title='bbox 1513 991 1575 1044; x_wconf 91' lang='lat' dir='ltr'>in</span> <span class='ocrx_word' id='word_1_142' title='bbox 1597 993 1894 1057; x_wconf 80' lang='lat' dir='ltr'>virtutem,</span> <span class='ocrx_word' id='word_1_143' title='bbox 1929 993 2001 1045; x_wconf 91' lang='lat' dir='ltr'>de</span> <span class='ocrx_word' id='word_1_144' title='bbox 2101 993 2163 1042; x_wconf 86' lang='lat' dir='ltr'>in</span> <span class='ocrx_word' id='word_1_145' title='bbox 2185 994 2327 1042; x_wconf 84' lang='lat' dir='ltr'>diem</span> <span class='ocrx_word' id='word_1_146' title='bbox 2349 994 2715 1057; x_wconf 74' lang='lat' dir='ltr'>generationis</span> <span class='ocrx_word' id='word_1_147' title='bbox 2737 1000 2782 1042; x_wconf 85' lang='lat' dir='ltr'>et</span> <span class='ocrx_word' id='word_1_148' title='bbox 2804 988 3192 1056; x_wconf 78' lang='lat' dir='ltr'>generationis.</span> <span class='ocrx_word' id='word_1_149' title='bbox 3227 995 3322 1044; x_wconf 93' lang='lat' dir='ltr'>Tu</span> <span class='ocrx_word' id='word_1_150' title='bbox 3352 993 3629 1057; x_wconf 81' lang='lat' dir='ltr'>adjicies</span> <span class='ocrx_word' id='word_1_151' title='bbox 3656 996 3769 1055; x_wconf 70' lang='lat' dir='ltr'>(Ex</span> 
     </span>
    </p>
   </div>
   <div class='ocr_carea' id='block_1_11' title="bbox 400 1063 3764 1129">
    <p class='ocr_par' dir='ltr' id='par_1_11' title="bbox 400 1063 3764 1129">
     <span class='ocr_line' id='line_1_11' title="bbox 400 1063 3764 1129; baseline 0 -14"><span class='ocrx_word' id='word_1_152' title='bbox 400 1064 554 1115; x_wconf 90' lang='lat' dir='ltr'>bono</span> <span class='ocrx_word' id='word_1_153' title='bbox 578 1065 636 1115; x_wconf 88' lang='lat' dir='ltr'>in</span> <span class='ocrx_word' id='word_1_154' title='bbox 655 1063 865 1115; x_wconf 89' lang='lat' dir='ltr'>melius</span> <span class='ocrx_word' id='word_1_155' title='bbox 891 1079 903 1113; x_wconf 90' lang='lat'>:</span> <span class='ocrx_word' id='word_1_156' title='bbox 2101 1064 2419 1127; x_wconf 76' lang='lat' dir='ltr'>Augustino)</span> <span class='ocrx_word' id='word_1_157' title='bbox 2447 1064 2570 1116; x_wconf 86' lang='lat' dir='ltr'>dies</span> <span class='ocrx_word' id='word_1_158' title='bbox 2595 1068 2843 1117; x_wconf 65' lang='lat' dir='ltr'>aeternos</span> <span class='ocrx_word' id='word_1_159' title='bbox 2870 1077 3044 1129; x_wconf 90' lang='lat' dir='ltr'>super</span> <span class='ocrx_word' id='word_1_160' title='bbox 3064 1064 3435 1128; x_wconf 75' lang='lat' dir='ltr'>temporales</span> <span class='ocrx_word' id='word_1_161' title='bbox 3458 1065 3644 1128; x_wconf 82' lang='lat' dir='ltr'>regis</span> <span class='ocrx_word' id='word_1_162' title='bbox 3659 1078 3764 1117; x_wconf 90' lang='lat' dir='ltr'>no-</span> 
     </span>
    </p>
   </div>
   <div class='ocr_carea' id='block_1_12' title="bbox 463 1134 3757 1200">
    <p class='ocr_par' dir='ltr' id='par_1_12' title="bbox 463 1134 3757 1200">
     <span class='ocr_line' id='line_1_12' title="bbox 463 1134 3757 1200; baseline 0.002 -16"><span class='ocrx_word' id='word_1_163' title='bbox 463 1134 514 1189; x_wconf 76' lang='grc'>4.</span> <span class='ocrx_word' id='word_1_164' title='bbox 544 1135 687 1194; x_wconf 83' lang='lat' dir='ltr'>Quia</span> <span class='ocrx_word' id='word_1_165' title='bbox 707 1134 885 1197; x_wconf 85' lang='lat' dir='ltr'>factus</span> <span class='ocrx_word' id='word_1_166' title='bbox 905 1148 956 1183; x_wconf 85' lang='lat' dir='ltr'>es</span> <span class='ocrx_word' id='word_1_167' title='bbox 977 1147 1090 1197; x_wconf 84' lang='lat' dir='ltr'>spes</span> <span class='ocrx_word' id='word_1_168' title='bbox 1105 1147 1244 1190; x_wconf 85' lang='lat' dir='ltr'>mea,</span> <span class='ocrx_word' id='word_1_169' title='bbox 1270 1134 1439 1183; x_wconf 76' lang='lat' dir='ltr'>turris</span> <span class='ocrx_word' id='word_1_170' title='bbox 1459 1135 1800 1199; x_wconf 74' lang='lat' dir='ltr'>fortitudinis</span> <span class='ocrx_word' id='word_1_171' title='bbox 1816 1152 1851 1187; x_wconf 88' lang='lat' dir='ltr'>a</span> <span class='ocrx_word' id='word_1_172' title='bbox 1864 1136 2004 1200; x_wconf 81' lang='lat' dir='ltr'>facie</span> <span class='ocrx_word' id='word_1_173' title='bbox 2103 1135 2208 1187; x_wconf 91' lang='lat' dir='ltr'>stri</span> <span class='ocrx_word' id='word_1_174' title='bbox 2233 1135 2459 1196; x_wconf 87' lang='lat' dir='ltr'>Christi,</span> <span class='ocrx_word' id='word_1_175' title='bbox 2485 1140 2675 1187; x_wconf 89' lang='lat' dir='ltr'>utnon</span> <span class='ocrx_word' id='word_1_176' title='bbox 2693 1135 2881 1187; x_wconf 91' lang='lat' dir='ltr'>solum</span> <span class='ocrx_word' id='word_1_177' title='bbox 2902 1136 3109 1187; x_wconf 89' lang='lat' dir='ltr'>diebus</span> <span class='ocrx_word' id='word_1_178' title='bbox 3125 1136 3259 1188; x_wconf 87' lang='lat' dir='ltr'>istis</span> <span class='ocrx_word' id='word_1_179' title='bbox 3274 1136 3757 1189; x_wconf 78' lang='lat' dir='ltr'>transeuntibus</span> 
     </span>
    </p>
   </div>
   <div class='ocr_carea' id='block_1_13' title="bbox 408 1204 3759 1271">
    <p class='ocr_par' dir='ltr' id='par_1_13' title="bbox 408 1204 3759 1271">
     <span class='ocr_line' id='line_1_13' title="bbox 408 1204 3759 1271; baseline 0.001 -17"><span class='ocrx_word' id='word_1_180' title='bbox 408 1206 644 1256; x_wconf 82' lang='lat' dir='ltr'>inimici.</span> <span class='ocrx_word' id='word_1_181' title='bbox 670 1205 770 1257; x_wconf 90' lang='lat' dir='ltr'>Ille</span> <span class='ocrx_word' id='word_1_182' title='bbox 795 1206 902 1269; x_wconf 67' lang='lat' dir='ltr'>(Ex</span> <span class='ocrx_word' id='word_1_183' title='bbox 922 1204 1252 1268; x_wconf 79' lang='lat' dir='ltr'>Augustino)</span> <span class='ocrx_word' id='word_1_184' title='bbox 1269 1205 1527 1258; x_wconf 89' lang='lat' dir='ltr'>sinostra</span> <span class='ocrx_word' id='word_1_185' title='bbox 1544 1219 1676 1271; x_wconf 88' lang='lat' dir='ltr'>spes</span> <span class='ocrx_word' id='word_1_186' title='bbox 1689 1207 1877 1260; x_wconf 79' lang='lat' dir='ltr'>iactus</span> <span class='ocrx_word' id='word_1_187' title='bbox 1899 1222 2000 1257; x_wconf 89' lang='lat' dir='ltr'>non</span> <span class='ocrx_word' id='word_1_188' title='bbox 2101 1209 2305 1270; x_wconf 79' lang='lat' dir='ltr'>regnet</span> <span class='ocrx_word' id='word_1_189' title='bbox 2341 1206 2604 1258; x_wconf 85' lang='lat' dir='ltr'>Christus</span> <span class='ocrx_word' id='word_1_190' title='bbox 2648 1206 2710 1257; x_wconf 92' lang='lat' dir='ltr'>in</span> <span class='ocrx_word' id='word_1_191' title='bbox 2744 1206 2999 1258; x_wconf 87' lang='lat' dir='ltr'>Ecclesia</span> <span class='ocrx_word' id='word_1_192' title='bbox 3023 1218 3149 1270; x_wconf 90' lang='lat' dir='ltr'>sua,</span> <span class='ocrx_word' id='word_1_193' title='bbox 3181 1207 3290 1259; x_wconf 88' lang='lat' dir='ltr'>sed</span> <span class='ocrx_word' id='word_1_194' title='bbox 3316 1213 3601 1271; x_wconf 84' lang='lat' dir='ltr'>regnent</span> <span class='ocrx_word' id='word_1_195' title='bbox 3626 1221 3759 1259; x_wconf 87' lang='lat' dir='ltr'>cum</span> 
     </span>
    </p>
   </div>
   <div class='ocr_carea' id='block_1_14' title="bbox 2100 1276 3759 1342">
    <p class='ocr_par' dir='ltr' id='par_1_14' title="bbox 2100 1276 3759 1342">
     <span class='ocr_line' id='line_1_14' title="bbox 2100 1276 3759 1342; baseline 0 -14"><span class='ocrx_word' id='word_1_196' title='bbox 2100 1276 2197 1329; x_wconf 88' lang='lat' dir='ltr'>illo</span> <span class='ocrx_word' id='word_1_197' title='bbox 2216 1277 2399 1329; x_wconf 83' lang='lat' dir='ltr'>sancti</span> <span class='ocrx_word' id='word_1_198' title='bbox 2416 1277 2476 1328; x_wconf 90' lang='lat' dir='ltr'>in</span> <span class='ocrx_word' id='word_1_199' title='bbox 2493 1277 2697 1329; x_wconf 91' lang='lat' dir='ltr'>diebus</span> <span class='ocrx_word' id='word_1_200' title='bbox 2720 1276 2852 1341; x_wconf 90' lang='lat' dir='ltr'>illis,</span> <span class='ocrx_word' id='word_1_201' title='bbox 2867 1278 2966 1342; x_wconf 90' lang='lat' dir='ltr'>qui</span> <span class='ocrx_word' id='word_1_202' title='bbox 2978 1290 3094 1329; x_wconf 90' lang='lat' dir='ltr'>non</span> <span class='ocrx_word' id='word_1_203' title='bbox 3109 1277 3337 1330; x_wconf 85' lang='lat' dir='ltr'>habent</span> <span class='ocrx_word' id='word_1_204' title='bbox 3375 1278 3605 1330; x_wconf 79' lang='lat' dir='ltr'>ﬁnem.</span> <span class='ocrx_word' id='word_1_205' title='bbox 3624 1283 3759 1328; x_wconf 66' lang='lat' dir='ltr'>diter</span> 
     </span>
    </p>
   </div>
   <div class='ocr_carea' id='block_1_15' title="bbox 2101 1348 3755 1413">
    <p class='ocr_par' dir='ltr' id='par_1_15' title="bbox 2101 1348 3755 1413">
     <span class='ocr_line' id='line_1_15' title="bbox 2101 1348 3755 1413; baseline 0 -13"><span class='ocrx_word' id='word_1_206' title='bbox 2101 1348 2254 1400; x_wconf 83' lang='lat' dir='ltr'>nitas</span> <span class='ocrx_word' id='word_1_207' title='bbox 2303 1348 2424 1413; x_wconf 88' lang='lat' dir='ltr'>Dei,</span> <span class='ocrx_word' id='word_1_208' title='bbox 2458 1353 2518 1400; x_wconf 91' lang='lat' dir='ltr'>et</span> <span class='ocrx_word' id='word_1_209' title='bbox 2559 1348 2685 1400; x_wconf 91' lang='lat' dir='ltr'>dies</span> <span class='ocrx_word' id='word_1_210' title='bbox 2726 1349 2864 1400; x_wconf 89' lang='lat' dir='ltr'>anni</span> <span class='ocrx_word' id='word_1_211' title='bbox 2886 1348 3223 1400; x_wconf 89' lang='lat' dir='ltr'>nominatur</span> <span class='ocrx_word' id='word_1_212' title='bbox 3242 1348 3422 1411; x_wconf 81' lang='lat' dir='ltr'>(Dan.</span> <span class='ocrx_word' id='word_1_213' title='bbox 3456 1348 3540 1409; x_wconf 85' lang='lat'>7.)</span> <span class='ocrx_word' id='word_1_214' title='bbox 3582 1368 3596 1398; x_wconf 92' lang='lat'><strong>:</strong></span> <span class='ocrx_word' id='word_1_215' title='bbox 3650 1350 3755 1400; x_wconf 87' lang='lat' dir='ltr'>im-</span> 
     </span>
    </p>
   </div>
   <div class='ocr_carea' id='block_1_16' title="bbox 2102 1418 3751 1483">
    <p class='ocr_par' dir='ltr' id='par_1_16' title="bbox 2102 1418 3751 1483">
     <span class='ocr_line' id='line_1_16' title="bbox 2102 1418 3751 1483; baseline 0.002 -14"><span class='ocrx_word' id='word_1_216' title='bbox 2102 1419 2325 1483; x_wconf 89' lang='lat' dir='ltr'>proprie</span> <span class='ocrx_word' id='word_1_217' title='bbox 2349 1423 2557 1472; x_wconf 88' lang='lat' dir='ltr'>tamen.</span> <span class='ocrx_word' id='word_1_218' title='bbox 2575 1418 2737 1471; x_wconf 90' lang='lat' dir='ltr'>Unde</span> <span class='ocrx_word' id='word_1_219' title='bbox 2759 1419 2819 1470; x_wconf 86' lang='lat' dir='ltr'>in</span> <span class='ocrx_word' id='word_1_220' title='bbox 2842 1419 2953 1470; x_wconf 88' lang='lat' dir='ltr'>alio</span> <span class='ocrx_word' id='word_1_221' title='bbox 2966 1418 3189 1483; x_wconf 88' lang='lat' dir='ltr'>psalmo</span> <span class='ocrx_word' id='word_1_222' title='bbox 3204 1419 3438 1470; x_wconf 87' lang='lat' dir='ltr'>dicitur</span> <span class='ocrx_word' id='word_1_223' title='bbox 3465 1434 3480 1467; x_wconf 91' lang='lat'>:</span> <span class='ocrx_word' id='word_1_224' title='bbox 3514 1422 3596 1470; x_wconf 85' lang='lat' dir='ltr'>Et</span> <span class='ocrx_word' id='word_1_225' title='bbox 3617 1422 3751 1472; x_wconf 87' lang='lat' dir='ltr'>anni</span> 
     </span>
    </p>
   </div>
   <div class='ocr_carea' id='block_1_17' title="bbox 404 1275 2005 1342">
    <p class='ocr_par' dir='ltr' id='par_1_17' title="bbox 404 1275 2005 1342">
     <span class='ocr_line' id='line_1_17' title="bbox 404 1275 2005 1342; baseline 0.001 -16"><span class='ocrx_word' id='word_1_226' title='bbox 404 1276 627 1339; x_wconf 80' lang='lat' dir='ltr'>ruisset,</span> <span class='ocrx_word' id='word_1_227' title='bbox 642 1288 759 1327; x_wconf 90' lang='lat' dir='ltr'>non</span> <span class='ocrx_word' id='word_1_228' title='bbox 784 1288 893 1328; x_wconf 90' lang='lat' dir='ltr'>nos</span> <span class='ocrx_word' id='word_1_229' title='bbox 909 1275 1235 1327; x_wconf 89' lang='lat' dir='ltr'>deduceret.</span> <span class='ocrx_word' id='word_1_230' title='bbox 1251 1276 1492 1329; x_wconf 88' lang='lat' dir='ltr'>Deducit</span> <span class='ocrx_word' id='word_1_231' title='bbox 1506 1280 1806 1342; x_wconf 89' lang='lat' dir='ltr'>tamquam</span> <span class='ocrx_word' id='word_1_232' title='bbox 1823 1281 1946 1335; x_wconf 83' lang='lat' dir='ltr'>dux,</span> <span class='ocrx_word' id='word_1_233' title='bbox 1958 1284 2005 1327; x_wconf 86' lang='lat' dir='ltr'>et</span> 
     </span>
    </p>
   </div>
   <div class='ocr_carea' id='block_1_18' title="bbox 401 1345 2003 1412">
    <p class='ocr_par' dir='ltr' id='par_1_18' title="bbox 401 1345 2003 1412">
     <span class='ocr_line' id='line_1_18' title="bbox 401 1345 2003 1412; baseline 0 -15"><span class='ocrx_word' id='word_1_234' title='bbox 401 1347 463 1397; x_wconf 91' lang='lat' dir='ltr'>in</span> <span class='ocrx_word' id='word_1_235' title='bbox 486 1358 550 1397; x_wconf 92' lang='lat' dir='ltr'>se</span> <span class='ocrx_word' id='word_1_236' title='bbox 572 1345 1039 1409; x_wconf 89' lang='lat' dir='ltr'>ducittamquam</span> <span class='ocrx_word' id='word_1_237' title='bbox 1058 1346 1169 1409; x_wconf 89' lang='lat' dir='ltr'>via,</span> <span class='ocrx_word' id='word_1_238' title='bbox 1198 1348 1257 1398; x_wconf 90' lang='lat' dir='ltr'>et</span> <span class='ocrx_word' id='word_1_239' title='bbox 1274 1347 1348 1398; x_wconf 90' lang='lat' dir='ltr'>ad</span> <span class='ocrx_word' id='word_1_240' title='bbox 1382 1359 1445 1399; x_wconf 90' lang='lat' dir='ltr'>se</span> <span class='ocrx_word' id='word_1_241' title='bbox 1467 1348 1727 1412; x_wconf 89' lang='lat' dir='ltr'>perducit</span> <span class='ocrx_word' id='word_1_242' title='bbox 1750 1355 2003 1410; x_wconf 79' lang='lat' dir='ltr'>tamquam</span> 
     </span>
    </p>
   </div>
   <div class='ocr_carea' id='block_1_19' title="bbox 403 1416 2004 1483">
    <p class='ocr_par' dir='ltr' id='par_1_19' title="bbox 403 1416 2004 1483">
     <span class='ocr_line' id='line_1_19' title="bbox 403 1416 2004 1483; baseline 0.001 -15"><span class='ocrx_word' id='word_1_243' title='bbox 403 1416 606 1481; x_wconf 87' lang='lat' dir='ltr'>patria.</span> <span class='ocrx_word' id='word_1_244' title='bbox 636 1417 797 1470; x_wconf 88' lang='lat' dir='ltr'>Unde</span> <span class='ocrx_word' id='word_1_245' title='bbox 813 1422 901 1469; x_wconf 89' lang='lat' dir='ltr'>est</span> <span class='ocrx_word' id='word_1_246' title='bbox 928 1429 1060 1481; x_wconf 89' lang='lat' dir='ltr'>spes</span> <span class='ocrx_word' id='word_1_247' title='bbox 1083 1422 1283 1469; x_wconf 86' lang='lat' dir='ltr'>nostra</span> <span class='ocrx_word' id='word_1_248' title='bbox 1300 1420 1328 1468; x_wconf 81' lang='lat'><strong>?</strong></span> <span class='ocrx_word' id='word_1_249' title='bbox 1347 1418 1490 1480; x_wconf 88' lang='lat' dir='ltr'>Quia</span> <span class='ocrx_word' id='word_1_250' title='bbox 1512 1430 1725 1483; x_wconf 87' lang='lat' dir='ltr'>passus</span> <span class='ocrx_word' id='word_1_251' title='bbox 1750 1424 1856 1483; x_wconf 85' lang='lat' dir='ltr'>est,</span> <span class='ocrx_word' id='word_1_252' title='bbox 1870 1419 2004 1482; x_wconf 88' lang='lat' dir='ltr'>quia</span> 
     </span>
    </p>
   </div>
   <div class='ocr_carea' id='block_1_20' title="bbox 406 1487 3747 1554">
    <p class='ocr_par' dir='ltr' id='par_1_20' title="bbox 406 1487 3747 1554">
     <span class='ocr_line' id='line_1_20' title="bbox 406 1487 3747 1554; baseline 0.001 -15"><span class='ocrx_word' id='word_1_253' title='bbox 406 1487 672 1539; x_wconf 84' lang='lat' dir='ltr'>surrexit.</span> <span class='ocrx_word' id='word_1_254' title='bbox 688 1487 836 1550; x_wconf 89' lang='lat' dir='ltr'>Quid</span> <span class='ocrx_word' id='word_1_255' title='bbox 865 1487 1020 1539; x_wconf 91' lang='lat' dir='ltr'>enim</span> <span class='ocrx_word' id='word_1_256' title='bbox 1040 1500 1148 1539; x_wconf 90' lang='lat' dir='ltr'>nos</span> <span class='ocrx_word' id='word_1_257' title='bbox 1173 1488 1436 1554; x_wconf 89' lang='lat' dir='ltr'>dicimus,</span> <span class='ocrx_word' id='word_1_258' title='bbox 1455 1490 1689 1553; x_wconf 87' lang='lat' dir='ltr'>quando</span> <span class='ocrx_word' id='word_1_259' title='bbox 1712 1490 1839 1542; x_wconf 70' lang='lat' dir='ltr'>hinc</span> <span class='ocrx_word' id='word_1_260' title='bbox 1864 1490 2005 1554; x_wconf 89' lang='lat' dir='ltr'>legi-</span> <span class='ocrx_word' id='word_1_261' title='bbox 2104 1488 2187 1540; x_wconf 89' lang='lat' dir='ltr'>tui</span> <span class='ocrx_word' id='word_1_262' title='bbox 2209 1501 2329 1540; x_wconf 90' lang='lat' dir='ltr'>non</span> <span class='ocrx_word' id='word_1_263' title='bbox 2350 1488 2614 1540; x_wconf 81' lang='lat' dir='ltr'>deficient</span> <span class='ocrx_word' id='word_1_264' title='bbox 2637 1488 2804 1547; x_wconf 85' lang='lat' dir='ltr'>(Psal.</span> <span class='ocrx_word' id='word_1_265' title='bbox 2823 1489 2943 1543; x_wconf 84' lang='grc'>101.</span> <span class='ocrx_word' id='word_1_266' title='bbox 2949 1498 2985 1551; x_wconf 88' lang='lat'>).</span> <span class='ocrx_word' id='word_1_267' title='bbox 3002 1489 3306 1551; x_wconf 89' lang='lat' dir='ltr'>Quomodo</span> <span class='ocrx_word' id='word_1_268' title='bbox 3318 1490 3498 1549; x_wconf 86' lang='lat' dir='ltr'>anni,</span> <span class='ocrx_word' id='word_1_269' title='bbox 3516 1491 3613 1541; x_wconf 89' lang='lat' dir='ltr'>sic</span> <span class='ocrx_word' id='word_1_270' title='bbox 3624 1491 3747 1542; x_wconf 83' lang='lat' dir='ltr'>dies</span> 
     </span>
    </p>
   </div>
   <div class='ocr_carea' id='block_1_21' title="bbox 403 1558 3747 1624">
    <p class='ocr_par' dir='ltr' id='par_1_21' title="bbox 403 1558 3747 1624">
     <span class='ocr_line' id='line_1_21' title="bbox 403 1558 3747 1624; baseline 0.001 -15"><span class='ocrx_word' id='word_1_271' title='bbox 403 1560 575 1609; x_wconf 83' lang='lat' dir='ltr'>mus?</span> <span class='ocrx_word' id='word_1_272' title='bbox 597 1559 723 1609; x_wconf 89' lang='lat' dir='ltr'>Non</span> <span class='ocrx_word' id='word_1_273' title='bbox 756 1558 941 1623; x_wconf 86' lang='lat' dir='ltr'>perdit</span> <span class='ocrx_word' id='word_1_274' title='bbox 963 1570 1073 1609; x_wconf 88' lang='lat' dir='ltr'>nos</span> <span class='ocrx_word' id='word_1_275' title='bbox 1101 1561 1274 1622; x_wconf 87' lang='lat' dir='ltr'>Deus,</span> <span class='ocrx_word' id='word_1_276' title='bbox 1300 1572 1401 1623; x_wconf 90' lang='lat' dir='ltr'>pro</span> <span class='ocrx_word' id='word_1_277' title='bbox 1427 1561 1636 1624; x_wconf 86' lang='lat' dir='ltr'>quibus</span> <span class='ocrx_word' id='word_1_278' title='bbox 1648 1561 1807 1612; x_wconf 88' lang='lat' dir='ltr'>misit</span> <span class='ocrx_word' id='word_1_279' title='bbox 1818 1563 2003 1609; x_wconf 83' lang='lat' dir='ltr'>Filium</span> <span class='ocrx_word' id='word_1_280' title='bbox 2104 1559 2187 1610; x_wconf 88' lang='lat' dir='ltr'>sic</span> <span class='ocrx_word' id='word_1_281' title='bbox 2211 1572 2362 1611; x_wconf 91' lang='lat' dir='ltr'>unus</span> <span class='ocrx_word' id='word_1_282' title='bbox 2386 1559 2526 1611; x_wconf 90' lang='lat' dir='ltr'>dies.</span> <span class='ocrx_word' id='word_1_283' title='bbox 2542 1559 2828 1623; x_wconf 90' lang='lat' dir='ltr'>Quicquid</span> <span class='ocrx_word' id='word_1_284' title='bbox 2849 1561 2935 1610; x_wconf 85' lang='lat' dir='ltr'>vis</span> <span class='ocrx_word' id='word_1_285' title='bbox 2959 1560 3137 1623; x_wconf 90' lang='lat' dir='ltr'>dicas,</span> <span class='ocrx_word' id='word_1_286' title='bbox 3164 1560 3239 1612; x_wconf 76' lang='lat' dir='ltr'>de’</span> <span class='ocrx_word' id='word_1_287' title='bbox 3251 1563 3620 1613; x_wconf 77' lang='lat' dir='ltr'>aeternitate</span> <span class='ocrx_word' id='word_1_288' title='bbox 3644 1564 3747 1612; x_wconf 88' lang='lat' dir='ltr'>mi-</span> 
     </span>
    </p>
   </div>
   <div class='ocr_carea' id='block_1_22' title="bbox 406 1629 3744 1696">
    <p class='ocr_par' dir='ltr' id='par_1_22' title="bbox 406 1629 3744 1696">
     <span class='ocr_line' id='line_1_22' title="bbox 406 1629 3744 1696; baseline 0 -17"><span class='ocrx_word' id='word_1_289' title='bbox 406 1641 581 1680; x_wconf 89' lang='lat' dir='ltr'>suum</span> <span class='ocrx_word' id='word_1_290' title='bbox 616 1630 846 1691; x_wconf 90' lang='lat' dir='ltr'>tentari,</span> <span class='ocrx_word' id='word_1_291' title='bbox 893 1629 1169 1694; x_wconf 84' lang='lat' dir='ltr'>crucifigi,</span> <span class='ocrx_word' id='word_1_292' title='bbox 1204 1631 1366 1694; x_wconf 90' lang='lat' dir='ltr'>mori,</span> <span class='ocrx_word' id='word_1_293' title='bbox 1391 1643 1708 1696; x_wconf 83' lang='lat' dir='ltr'>resurgere.</span> <span class='ocrx_word' id='word_1_294' title='bbox 1746 1633 1873 1684; x_wconf 86' lang='lat' dir='ltr'>Non</span> <span class='ocrx_word' id='word_1_295' title='bbox 1895 1644 2004 1683; x_wconf 90' lang='lat' dir='ltr'>nos</span> <span class='ocrx_word' id='word_1_296' title='bbox 2102 1643 2216 1681; x_wconf 92' lang='lat' dir='ltr'>nus</span> <span class='ocrx_word' id='word_1_297' title='bbox 2233 1629 2510 1683; x_wconf 90' lang='lat' dir='ltr'>dicis.Sed</span> <span class='ocrx_word' id='word_1_298' title='bbox 2522 1629 2649 1682; x_wconf 88' lang='lat' dir='ltr'>ideo</span> <span class='ocrx_word' id='word_1_299' title='bbox 2665 1631 2853 1694; x_wconf 89' lang='lat' dir='ltr'>aliqua</span> <span class='ocrx_word' id='word_1_300' title='bbox 2864 1642 3106 1683; x_wconf 91' lang='lat' dir='ltr'>necesse</span> <span class='ocrx_word' id='word_1_301' title='bbox 3120 1630 3498 1689; x_wconf 81' lang='lat' dir='ltr'>estdicas,ut</span> <span class='ocrx_word' id='word_1_302' title='bbox 3514 1634 3603 1683; x_wconf 84' lang='lat' dir='ltr'>sit</span> <span class='ocrx_word' id='word_1_303' title='bbox 3618 1637 3744 1680; x_wconf 79' lang='lat' dir='ltr'>unde</span> 
     </span>
    </p>
   </div>
   <div class='ocr_carea' id='block_1_23' title="bbox 404 1700 3744 1767">
    <p class='ocr_par' dir='ltr' id='par_1_23' title="bbox 404 1700 3744 1767">
     <span class='ocr_line' id='line_1_23' title="bbox 404 1700 3744 1767; baseline -0 -15"><span class='ocrx_word' id='word_1_304' title='bbox 404 1700 647 1766; x_wconf 88' lang='lat' dir='ltr'>despicit</span> <span class='ocrx_word' id='word_1_305' title='bbox 669 1702 845 1763; x_wconf 88' lang='lat' dir='ltr'>Deus,</span> <span class='ocrx_word' id='word_1_306' title='bbox 871 1706 1101 1765; x_wconf 88' lang='lat' dir='ltr'>propter</span> <span class='ocrx_word' id='word_1_307' title='bbox 1123 1713 1270 1765; x_wconf 91' lang='lat' dir='ltr'>quos</span> <span class='ocrx_word' id='word_1_308' title='bbox 1288 1706 1347 1753; x_wconf 91' lang='lat' dir='ltr'>et</span> <span class='ocrx_word' id='word_1_309' title='bbox 1370 1702 1510 1754; x_wconf 88' lang='lat' dir='ltr'>Filio</span> <span class='ocrx_word' id='word_1_310' title='bbox 1536 1715 1642 1754; x_wconf 91' lang='lat' dir='ltr'>suo</span> <span class='ocrx_word' id='word_1_311' title='bbox 1666 1715 1783 1755; x_wconf 91' lang='lat' dir='ltr'>non</span> <span class='ocrx_word' id='word_1_312' title='bbox 1806 1714 2004 1767; x_wconf 88' lang='lat' dir='ltr'>peper-</span> <span class='ocrx_word' id='word_1_313' title='bbox 2102 1702 2343 1765; x_wconf 83' lang='lat' dir='ltr'>cogites,</span> <span class='ocrx_word' id='word_1_314' title='bbox 2364 1701 2520 1765; x_wconf 91' lang='lat' dir='ltr'>quod</span> <span class='ocrx_word' id='word_1_315' title='bbox 2537 1715 2655 1753; x_wconf 90' lang='lat' dir='ltr'>non</span> <span class='ocrx_word' id='word_1_316' title='bbox 2679 1706 2869 1765; x_wconf 87' lang='lat' dir='ltr'>potest</span> <span class='ocrx_word' id='word_1_317' title='bbox 2883 1701 3016 1752; x_wconf 90' lang='lat' dir='ltr'>dici.</span> <span class='ocrx_word' id='word_1_318' title='bbox 3042 1704 3113 1754; x_wconf 85' lang='lat' dir='ltr'>Et</span> <span class='ocrx_word' id='word_1_319' title='bbox 3132 1702 3271 1765; x_wconf 90' lang='lat' dir='ltr'>quia</span> <span class='ocrx_word' id='word_1_320' title='bbox 3286 1709 3505 1767; x_wconf 83' lang='lat' dir='ltr'>posset</span> <span class='ocrx_word' id='word_1_321' title='bbox 3523 1706 3744 1764; x_wconf 68' lang='lat' dir='ltr'>adjicere</span> 
     </span>
    </p>
   </div>
   <div class='ocr_carea' id='block_1_24' title="bbox 407 1771 3744 1863">
    <p class='ocr_par' dir='ltr' id='par_1_24' title="bbox 407 1771 3744 1863">
     <span class='ocr_line' id='line_1_24' title="bbox 407 1771 3744 1863; baseline 0 -41"><span class='ocrx_word' id='word_1_322' title='bbox 407 1771 485 1863; x_wconf 64' lang='lat' dir='ltr'>cit</span> <span class='ocrx_word' id='word_1_323' title='bbox 501 1793 526 1863; x_wconf 73' lang='grc' dir='ltr'>⁵ε</span> <span class='ocrx_word' id='word_1_324' title='bbox 563 1771 667 1824; x_wconf 90' lang='lat' dir='ltr'>sed</span> <span class='ocrx_word' id='word_1_325' title='bbox 681 1785 792 1863; x_wconf 40' lang='lat' dir='ltr'>‘pro</span> <span class='ocrx_word' id='word_1_326' title='bbox 816 1772 1434 1863; x_wconf 41' lang='lat' dir='ltr'>nobis.trad&#39;idit&quot;illu1.n‘</span> <span class='ocrx_word' id='word_1_327' title='bbox 1452 1774 1626 1863; x_wconf 58' lang='lat' dir='ltr'>(Rom.</span> <span class='ocrx_word' id='word_1_328' title='bbox 1654 1774 1746 1836; x_wconf 88' lang='lat'>8.).</span> <span class='ocrx_word' id='word_1_329' title='bbox 1774 1775 1863 1826; x_wconf 91' lang='lat' dir='ltr'>Sic</span> <span class='ocrx_word' id='word_1_330' title='bbox 1887 1789 2002 1863; x_wconf 70' lang='lat' dir='ltr'>ergo</span> <span class='ocrx_word' id='word_1_331' title='bbox 2028 1789 2083 1863; x_wconf 85' lang='lat' dir='ltr'>B</span> <span class='ocrx_word' id='word_1_332' title='bbox 2102 1772 2268 1863; x_wconf 55' lang='lat' dir='ltr'>duos,</span> <span class='ocrx_word' id='word_1_333' title='bbox 2290 1772 2377 1823; x_wconf 86' lang='lat' dir='ltr'>vel</span> <span class='ocrx_word' id='word_1_334' title='bbox 2401 1776 2516 1823; x_wconf 89' lang='lat' dir='ltr'>tres</span> <span class='ocrx_word' id='word_1_335' title='bbox 2541 1772 2685 1863; x_wconf 72' lang='lat' dir='ltr'>dies,</span> <span class='ocrx_word' id='word_1_336' title='bbox 2707 1772 2801 1824; x_wconf 86' lang='lat' dir='ltr'>vel</span> <span class='ocrx_word' id='word_1_337' title='bbox 2818 1784 3009 1863; x_wconf 75' lang='lat' dir='ltr'>annos</span> <span class='ocrx_word' id='word_1_338' title='bbox 3035 1788 3048 1823; x_wconf 92' lang='lat'>:</span> <span class='ocrx_word' id='word_1_339' title='bbox 3074 1772 3744 1863; x_wconf 64' lang='lat' dir='ltr'>adjicies,inquit,usque</span> 
     </span>
    </p>
   </div>
   <div class='ocr_carea' id='block_1_25' title="bbox 406 1842 2004 1906">
    <p class='ocr_par' dir='ltr' id='par_1_25' title="bbox 406 1842 2004 1906">
     <span class='ocr_line' id='line_1_25' title="bbox 406 1842 2004 1906; baseline -0.001 -12"><span class='ocrx_word' id='word_1_340' title='bbox 406 1842 591 1894; x_wconf 79' lang='lat' dir='ltr'>{actus</span> <span class='ocrx_word' id='word_1_341' title='bbox 611 1846 702 1895; x_wconf 91' lang='lat' dir='ltr'>est</span> <span class='ocrx_word' id='word_1_342' title='bbox 724 1855 857 1906; x_wconf 86' lang='lat' dir='ltr'>spes</span> <span class='ocrx_word' id='word_1_343' title='bbox 877 1847 1095 1895; x_wconf 87' lang='lat' dir='ltr'>nostra.</span> <span class='ocrx_word' id='word_1_344' title='bbox 1126 1846 1192 1894; x_wconf 94' lang='lat' dir='ltr'>In</span> <span class='ocrx_word' id='word_1_345' title='bbox 1215 1842 1312 1894; x_wconf 91' lang='lat' dir='ltr'>illo</span> <span class='ocrx_word' id='word_1_346' title='bbox 1343 1843 1506 1896; x_wconf 89' lang='lat' dir='ltr'>vides</span> <span class='ocrx_word' id='word_1_347' title='bbox 1522 1845 1773 1896; x_wconf 88' lang='lat' dir='ltr'>laborem</span> <span class='ocrx_word' id='word_1_348' title='bbox 1799 1853 1941 1893; x_wconf 87' lang='lat' dir='ltr'>tuum</span> <span class='ocrx_word' id='word_1_349' title='bbox 1957 1850 2004 1893; x_wconf 86' lang='lat' dir='ltr'>et</span> 
     </span>
    </p>
   </div>
   <div class='ocr_carea' id='block_1_26' title="bbox 405 1913 2004 1979">
    <p class='ocr_par' dir='ltr' id='par_1_26' title="bbox 405 1913 2004 1979">
     <span class='ocr_line' id='line_1_26' title="bbox 405 1913 2004 1979; baseline 0.002 -14"><span class='ocrx_word' id='word_1_350' title='bbox 405 1913 730 1965; x_wconf 90' lang='lat' dir='ltr'>mercedem</span> <span class='ocrx_word' id='word_1_351' title='bbox 743 1918 917 1965; x_wconf 89' lang='lat' dir='ltr'>tuam.</span> <span class='ocrx_word' id='word_1_352' title='bbox 938 1915 1217 1966; x_wconf 84' lang='lat' dir='ltr'>Laborem</span> <span class='ocrx_word' id='word_1_353' title='bbox 1228 1916 1288 1966; x_wconf 89' lang='lat' dir='ltr'>in</span> <span class='ocrx_word' id='word_1_354' title='bbox 1304 1916 1590 1979; x_wconf 88' lang='lat' dir='ltr'>passione,</span> <span class='ocrx_word' id='word_1_355' title='bbox 1603 1915 1928 1968; x_wconf 89' lang='lat' dir='ltr'>mercedem</span> <span class='ocrx_word' id='word_1_356' title='bbox 1943 1916 2004 1967; x_wconf 90' lang='lat' dir='ltr'>in</span> 
     </span>
    </p>
   </div>
   <div class='ocr_carea' id='block_1_27' title="bbox 405 1984 2004 2050">
    <p class='ocr_par' dir='ltr' id='par_1_27' title="bbox 405 1984 2004 2050">
     <span class='ocr_line' id='line_1_27' title="bbox 405 1984 2004 2050; baseline 0.001 -14"><span class='ocrx_word' id='word_1_357' title='bbox 405 1984 839 2036; x_wconf 88' lang='lat' dir='ltr'>resurrectione.</span> <span class='ocrx_word' id='word_1_358' title='bbox 886 1986 1183 2037; x_wconf 88' lang='lat' dir='ltr'>Habemus</span> <span class='ocrx_word' id='word_1_359' title='bbox 1221 1985 1368 2038; x_wconf 92' lang='lat' dir='ltr'>duas</span> <span class='ocrx_word' id='word_1_360' title='bbox 1409 1986 1579 2050; x_wconf 91' lang='lat' dir='ltr'>vitas,</span> <span class='ocrx_word' id='word_1_361' title='bbox 1608 1999 1785 2037; x_wconf 91' lang='lat' dir='ltr'>unam</span> <span class='ocrx_word' id='word_1_362' title='bbox 1809 1987 1868 2038; x_wconf 88' lang='lat' dir='ltr'>in</span> <span class='ocrx_word' id='word_1_363' title='bbox 1891 1999 2004 2050; x_wconf 87' lang='lat' dir='ltr'>qua</span> 
     </span>
    </p>
   </div>
   <div class='ocr_carea' id='block_1_28' title="bbox 409 2054 2005 2119">
    <p class='ocr_par' dir='ltr' id='par_1_28' title="bbox 409 2054 2005 2119">
     <span class='ocr_line' id='line_1_28' title="bbox 409 2054 2005 2119; baseline 0.002 -13"><span class='ocrx_word' id='word_1_364' title='bbox 409 2068 635 2117; x_wconf 90' lang='lat' dir='ltr'>sumus,</span> <span class='ocrx_word' id='word_1_365' title='bbox 665 2054 902 2106; x_wconf 87' lang='lat' dir='ltr'>alteram</span> <span class='ocrx_word' id='word_1_366' title='bbox 919 2067 1093 2118; x_wconf 89' lang='lat' dir='ltr'>quam</span> <span class='ocrx_word' id='word_1_367' title='bbox 1110 2068 1425 2119; x_wconf 79' lang='lat' dir='ltr'>speramus.</span> <span class='ocrx_word' id='word_1_368' title='bbox 1439 2058 1504 2107; x_wconf 92' lang='lat' dir='ltr'>In</span> <span class='ocrx_word' id='word_1_369' title='bbox 1528 2068 1642 2119; x_wconf 91' lang='lat' dir='ltr'>qua</span> <span class='ocrx_word' id='word_1_370' title='bbox 1670 2070 2005 2115; x_wconf 82' lang='lat' dir='ltr'>sumus.no-</span> 
     </span>
    </p>
   </div>
   <div class='ocr_carea' id='block_1_29' title="bbox 410 2126 2007 2191">
    <p class='ocr_par' dir='ltr' id='par_1_29' title="bbox 410 2126 2007 2191">
     <span class='ocr_line' id='line_1_29' title="bbox 410 2126 2007 2191; baseline -0.001 -14"><span class='ocrx_word' id='word_1_371' title='bbox 410 2126 500 2177; x_wconf 89' lang='lat' dir='ltr'>bis</span> <span class='ocrx_word' id='word_1_372' title='bbox 519 2130 657 2177; x_wconf 88' lang='lat' dir='ltr'>nota</span> <span class='ocrx_word' id='word_1_373' title='bbox 678 2130 786 2177; x_wconf 91' lang='lat' dir='ltr'>est.</span> <span class='ocrx_word' id='word_1_374' title='bbox 805 2128 989 2187; x_wconf 90' lang='lat' dir='ltr'>Quam</span> <span class='ocrx_word' id='word_1_375' title='bbox 1013 2139 1330 2189; x_wconf 88' lang='lat' dir='ltr'>speramus,</span> <span class='ocrx_word' id='word_1_376' title='bbox 1349 2127 1546 2191; x_wconf 82' lang='lat' dir='ltr'>ignota</span> <span class='ocrx_word' id='word_1_377' title='bbox 1562 2128 1729 2178; x_wconf 88' lang='lat' dir='ltr'>nobis</span> <span class='ocrx_word' id='word_1_378' title='bbox 1740 2133 1849 2190; x_wconf 87' lang='lat' dir='ltr'>est,</span> <span class='ocrx_word' id='word_1_379' title='bbox 1860 2130 2007 2177; x_wconf 84' lang='lat' dir='ltr'>Tole-</span> 
     </span>
    </p>
   </div>
   <div class='ocr_carea' id='block_1_30' title="bbox 409 2197 2002 2263">
    <p class='ocr_par' dir='ltr' id='par_1_30' title="bbox 409 2197 2002 2263">
     <span class='ocr_line' id='line_1_30' title="bbox 409 2197 2002 2263; baseline 0.003 -15"><span class='ocrx_word' id='word_1_380' title='bbox 409 2210 474 2249; x_wconf 91' lang='lat' dir='ltr'>ra</span> <span class='ocrx_word' id='word_1_381' title='bbox 498 2197 561 2248; x_wconf 90' lang='lat' dir='ltr'>in</span> <span class='ocrx_word' id='word_1_382' title='bbox 585 2209 699 2261; x_wconf 90' lang='lat' dir='ltr'>qua</span> <span class='ocrx_word' id='word_1_383' title='bbox 722 2209 803 2257; x_wconf 89' lang='lat' dir='ltr'>es,</span> <span class='ocrx_word' id='word_1_384' title='bbox 822 2203 879 2249; x_wconf 90' lang='lat' dir='ltr'>et</span> <span class='ocrx_word' id='word_1_385' title='bbox 898 2197 1141 2250; x_wconf 88' lang='lat' dir='ltr'>habebis</span> <span class='ocrx_word' id='word_1_386' title='bbox 1164 2210 1340 2261; x_wconf 89' lang='lat' dir='ltr'>quam</span> <span class='ocrx_word' id='word_1_387' title='bbox 1362 2201 1627 2252; x_wconf 79' lang='lat' dir='ltr'>nuntium</span> <span class='ocrx_word' id='word_1_388' title='bbox 1641 2200 1839 2253; x_wconf 89' lang='lat' dir='ltr'>habes.</span> <span class='ocrx_word' id='word_1_389' title='bbox 1854 2204 2002 2263; x_wconf 90' lang='lat' dir='ltr'>Quo-</span> 
     </span>
    </p>
   </div>
   <div class='ocr_carea' id='block_1_31' title="bbox 410 2266 2004 2323">
    <p class='ocr_par' dir='ltr' id='par_1_31' title="bbox 410 2266 2004 2323">
     <span class='ocr_line' id='line_1_31' title="bbox 410 2266 2004 2323; baseline 0.004 -6"><span class='ocrx_word' id='word_1_390' title='bbox 410 2266 584 2318; x_wconf 90' lang='lat' dir='ltr'>modo</span> <span class='ocrx_word' id='word_1_391' title='bbox 610 2266 853 2319; x_wconf 82' lang='lat' dir='ltr'>toleras?</span> <span class='ocrx_word' id='word_1_392' title='bbox 898 2270 1024 2319; x_wconf 88' lang='lat' dir='ltr'>Non</span> <span class='ocrx_word' id='word_1_393' title='bbox 1048 2269 1296 2320; x_wconf 89' lang='lat' dir='ltr'>vincaris</span> <span class='ocrx_word' id='word_1_394' title='bbox 1318 2282 1353 2321; x_wconf 91' lang='lat' dir='ltr'>a</span> <span class='ocrx_word' id='word_1_395' title='bbox 1370 2274 1652 2323; x_wconf 86' lang='lat' dir='ltr'>tentatore</span> <span class='ocrx_word' id='word_1_396' title='bbox 1673 2281 1692 2300; x_wconf 78' lang='grc' dir='ltr'>ι</span> <span class='ocrx_word' id='word_1_397' title='bbox 1713 2271 2004 2323; x_wconf 88' lang='lat' dir='ltr'>laboribus</span> 
     </span>
    </p>
   </div>
   <div class='ocr_carea' id='block_1_32' title="bbox 415 2337 2007 2401">
    <p class='ocr_par' dir='ltr' id='par_1_32' title="bbox 415 2337 2007 2401">
     <span class='ocr_line' id='line_1_32' title="bbox 415 2337 2007 2401; baseline 0.001 -11"><span class='ocrx_word' id='word_1_398' title='bbox 415 2337 893 2390; x_wconf 86' lang='lat' dir='ltr'>ullis.Tentatloni</span> <span class='ocrx_word' id='word_1_399' title='bbox 900 2339 1010 2390; x_wconf 89' lang='lat' dir='ltr'>bus</span> <span class='ocrx_word' id='word_1_400' title='bbox 1023 2340 1165 2401; x_wconf 91' lang='lat' dir='ltr'>suis,</span> <span class='ocrx_word' id='word_1_401' title='bbox 1177 2343 1360 2392; x_wconf 88' lang='lat' dir='ltr'>morte</span> <span class='ocrx_word' id='word_1_402' title='bbox 1372 2354 1477 2392; x_wconf 88' lang='lat' dir='ltr'>sua</span> <span class='ocrx_word' id='word_1_403' title='bbox 1492 2342 1902 2395; x_wconf 88' lang='lat' dir='ltr'>demonstravit</span> <span class='ocrx_word' id='word_1_404' title='bbox 1917 2345 2007 2392; x_wconf 84' lang='lat' dir='ltr'>tibi</span> 
     </span>
    </p>
   </div>
   <div class='ocr_carea' id='block_1_33' title="bbox 414 2408 2008 2472">
    <p class='ocr_par' dir='ltr' id='par_1_33' title="bbox 414 2408 2008 2472">
     <span class='ocr_line' id='line_1_33' title="bbox 414 2408 2008 2472; baseline 0.003 -11"><span class='ocrx_word' id='word_1_405' title='bbox 414 2409 591 2461; x_wconf 87' lang='lat' dir='ltr'>vitam</span> <span class='ocrx_word' id='word_1_406' title='bbox 613 2408 673 2459; x_wconf 89' lang='lat' dir='ltr'>in</span> <span class='ocrx_word' id='word_1_407' title='bbox 694 2420 809 2472; x_wconf 81' lang='lat' dir='ltr'>qua</span> <span class='ocrx_word' id='word_1_408' title='bbox 832 2421 921 2461; x_wconf 86' lang='lat' dir='ltr'>es:</span> <span class='ocrx_word' id='word_1_409' title='bbox 946 2411 1362 2464; x_wconf 88' lang='lat' dir='ltr'>resurrectione</span> <span class='ocrx_word' id='word_1_410' title='bbox 1385 2424 1491 2464; x_wconf 88' lang='lat' dir='ltr'>sua</span> <span class='ocrx_word' id='word_1_411' title='bbox 1501 2412 1919 2466; x_wconf 87' lang='lat' dir='ltr'>demonstravit</span> <span class='ocrx_word' id='word_1_412' title='bbox 1931 2414 2008 2465; x_wconf 86' lang='lat' dir='ltr'>vi-</span> 
     </span>
    </p>
   </div>
   <div class='ocr_carea' id='block_1_34' title="bbox 416 2478 2007 2549">
    <p class='ocr_par' dir='ltr' id='par_1_34' title="bbox 416 2478 2007 2549">
     <span class='ocr_line' id='line_1_34' title="bbox 416 2478 2007 2549; baseline 0.004 -18"><span class='ocrx_word' id='word_1_413' title='bbox 416 2483 535 2531; x_wconf 86' lang='lat' dir='ltr'>tam</span> <span class='ocrx_word' id='word_1_414' title='bbox 576 2478 635 2530; x_wconf 91' lang='lat' dir='ltr'>in</span> <span class='ocrx_word' id='word_1_415' title='bbox 673 2491 790 2543; x_wconf 88' lang='lat' dir='ltr'>qua</span> <span class='ocrx_word' id='word_1_416' title='bbox 832 2481 963 2533; x_wconf 89' lang='lat' dir='ltr'>eris.</span> <span class='ocrx_word' id='word_1_417' title='bbox 1011 2480 1145 2533; x_wconf 89' lang='lat' dir='ltr'>Ideo</span> <span class='ocrx_word' id='word_1_418' title='bbox 1189 2481 1376 2534; x_wconf 84' lang='lat' dir='ltr'>factus</span> <span class='ocrx_word' id='word_1_419' title='bbox 1418 2487 1507 2535; x_wconf 90' lang='lat' dir='ltr'>est</span> <span class='ocrx_word' id='word_1_420' title='bbox 1542 2484 1664 2535; x_wconf 83' lang='lat' dir='ltr'>dux</span> <span class='ocrx_word' id='word_1_421' title='bbox 1690 2490 1842 2536; x_wconf 89' lang='lat' dir='ltr'>tuus.</span> <span class='ocrx_word' id='word_1_422' title='bbox 1878 2488 2007 2549; x_wconf 82' lang='lat' dir='ltr'>Ipse</span> 
     </span>
    </p>
   </div>
   <div class='ocr_carea' id='block_1_35' title="bbox 413 2554 2008 2619">
    <p class='ocr_par' dir='ltr' id='par_1_35' title="bbox 413 2554 2008 2619">
     <span class='ocr_line' id='line_1_35' title="bbox 413 2554 2008 2619; baseline 0.004 -18"><span class='ocrx_word' id='word_1_423' title='bbox 413 2554 634 2602; x_wconf 89' lang='lat' dir='ltr'>creator</span> <span class='ocrx_word' id='word_1_424' title='bbox 656 2556 792 2602; x_wconf 89' lang='lat' dir='ltr'>tuus</span> <span class='ocrx_word' id='word_1_425' title='bbox 810 2563 1022 2615; x_wconf 86' lang='lat' dir='ltr'>passus</span> <span class='ocrx_word' id='word_1_426' title='bbox 1042 2556 1149 2615; x_wconf 90' lang='lat' dir='ltr'>est,</span> <span class='ocrx_word' id='word_1_427' title='bbox 1173 2565 1246 2604; x_wconf 90' lang='lat' dir='ltr'>ne</span> <span class='ocrx_word' id='word_1_428' title='bbox 1270 2557 1333 2604; x_wconf 91' lang='lat' dir='ltr'>tu</span> <span class='ocrx_word' id='word_1_429' title='bbox 1359 2554 1562 2606; x_wconf 87' lang='lat' dir='ltr'>timeas</span> <span class='ocrx_word' id='word_1_430' title='bbox 1589 2555 1723 2619; x_wconf 91' lang='lat' dir='ltr'>pati.</span> <span class='ocrx_word' id='word_1_431' title='bbox 1749 2558 2008 2608; x_wconf 87' lang='lat' dir='ltr'>Mortuus</span> 
     </span>
    </p>
   </div>
   <div class='ocr_carea' id='block_1_36' title="bbox 413 2622 2007 2688">
    <p class='ocr_par' dir='ltr' id='par_1_36' title="bbox 413 2622 2007 2688">
     <span class='ocr_line' id='line_1_36' title="bbox 413 2622 2007 2688; baseline 0.002 -14"><span class='ocrx_word' id='word_1_432' title='bbox 413 2628 519 2683; x_wconf 88' lang='lat' dir='ltr'>est,</span> <span class='ocrx_word' id='word_1_433' title='bbox 536 2635 609 2674; x_wconf 90' lang='lat' dir='ltr'>ne</span> <span class='ocrx_word' id='word_1_434' title='bbox 620 2626 685 2674; x_wconf 89' lang='lat' dir='ltr'>tu</span> <span class='ocrx_word' id='word_1_435' title='bbox 702 2622 905 2675; x_wconf 89' lang='lat' dir='ltr'>timeas</span> <span class='ocrx_word' id='word_1_436' title='bbox 917 2624 1076 2675; x_wconf 87' lang='lat' dir='ltr'>mori.</span> <span class='ocrx_word' id='word_1_437' title='bbox 1090 2624 1491 2677; x_wconf 85' lang='lat' dir='ltr'>Resurrexitin</span> <span class='ocrx_word' id='word_1_438' title='bbox 1508 2629 1609 2676; x_wconf 90' lang='lat' dir='ltr'>tua</span> <span class='ocrx_word' id='word_1_439' title='bbox 1619 2635 1863 2688; x_wconf 87' lang='lat' dir='ltr'>carne,ut</span> <span class='ocrx_word' id='word_1_440' title='bbox 1884 2634 1927 2676; x_wconf 87' lang='lat' dir='ltr'>et</span> <span class='ocrx_word' id='word_1_441' title='bbox 1954 2635 2007 2677; x_wconf 91' lang='lat' dir='ltr'>tu</span> 
     </span>
    </p>
   </div>
   <div class='ocr_carea' id='block_1_37' title="bbox 414 2694 2007 2761">
    <p class='ocr_par' dir='ltr' id='par_1_37' title="bbox 414 2694 2007 2761">
     <span class='ocr_line' id='line_1_37' title="bbox 414 2694 2007 2761; baseline 0.004 -17"><span class='ocrx_word' id='word_1_442' title='bbox 414 2705 608 2758; x_wconf 89' lang='lat' dir='ltr'>speres</span> <span class='ocrx_word' id='word_1_443' title='bbox 621 2694 1051 2759; x_wconf 88' lang='lat' dir='ltr'>resurgere.Spe</span> <span class='ocrx_word' id='word_1_444' title='bbox 1065 2694 1219 2745; x_wconf 88' lang='lat' dir='ltr'>enim</span> <span class='ocrx_word' id='word_1_445' title='bbox 1236 2694 1439 2746; x_wconf 89' lang='lat' dir='ltr'>salvati</span> <span class='ocrx_word' id='word_1_446' title='bbox 1456 2698 1571 2745; x_wconf 80' lang='lat' dir='ltr'>tacti</span> <span class='ocrx_word' id='word_1_447' title='bbox 1586 2711 1764 2746; x_wconf 81' lang='lat' dir='ltr'>sumus</span> <span class='ocrx_word' id='word_1_448' title='bbox 1780 2697 2007 2761; x_wconf 87' lang='lat' dir='ltr'>(Rom.8)</span> 
     </span>
    </p>
   </div>
   <div class='ocr_carea' id='block_1_38' title="bbox 412 2764 2007 2829">
    <p class='ocr_par' dir='ltr' id='par_1_38' title="bbox 412 2764 2007 2829">
     <span class='ocr_line' id='line_1_38' title="bbox 412 2764 2007 2829; baseline 0.001 -14"><span class='ocrx_word' id='word_1_449' title='bbox 412 2767 538 2829; x_wconf 88' lang='lat' dir='ltr'>Ipse</span> <span class='ocrx_word' id='word_1_450' title='bbox 559 2764 735 2816; x_wconf 89' lang='lat' dir='ltr'>etiam</span> <span class='ocrx_word' id='word_1_451' title='bbox 751 2765 849 2829; x_wconf 89' lang='lat' dir='ltr'>qui</span> <span class='ocrx_word' id='word_1_452' title='bbox 865 2768 955 2817; x_wconf 88' lang='lat' dir='ltr'>est</span> <span class='ocrx_word' id='word_1_453' title='bbox 981 2777 1112 2829; x_wconf 86' lang='lat' dir='ltr'>spes</span> <span class='ocrx_word' id='word_1_454' title='bbox 1130 2770 1345 2829; x_wconf 84' lang='lat' dir='ltr'>nostra,</span> <span class='ocrx_word' id='word_1_455' title='bbox 1364 2766 1550 2818; x_wconf 87' lang='lat' dir='ltr'>factus</span> <span class='ocrx_word' id='word_1_456' title='bbox 1562 2773 1652 2819; x_wconf 90' lang='lat' dir='ltr'>est</span> <span class='ocrx_word' id='word_1_457' title='bbox 1664 2771 1814 2820; x_wconf 87' lang='lat' dir='ltr'>nobis</span> <span class='ocrx_word' id='word_1_458' title='bbox 1838 2769 2007 2817; x_wconf 81' lang='lat' dir='ltr'>turris</span> 
     </span>
    </p>
   </div>
   <div class='ocr_carea' id='block_1_39' title="bbox 409 2834 2007 2901">
    <p class='ocr_par' dir='ltr' id='par_1_39' title="bbox 409 2834 2007 2901">
     <span class='ocr_line' id='line_1_39' title="bbox 409 2834 2007 2901; baseline 0.006 -17"><span class='ocrx_word' id='word_1_459' title='bbox 409 2834 754 2897; x_wconf 82' lang='lat' dir='ltr'>fortitudinis</span> <span class='ocrx_word' id='word_1_460' title='bbox 774 2851 809 2883; x_wconf 80' lang='grc' dir='ltr'><em>α</em></span> <span class='ocrx_word' id='word_1_461' title='bbox 832 2836 991 2900; x_wconf 83' lang='lat' dir='ltr'>facie,</span> <span class='ocrx_word' id='word_1_462' title='bbox 1014 2836 1183 2900; x_wconf 90' lang='lat' dir='ltr'>idest,</span> <span class='ocrx_word' id='word_1_463' title='bbox 1209 2849 1245 2888; x_wconf 92' lang='lat' dir='ltr'>a</span> <span class='ocrx_word' id='word_1_464' title='bbox 1266 2838 1583 2901; x_wconf 73' lang='lat' dir='ltr'>praesentia</span> <span class='ocrx_word' id='word_1_465' title='bbox 1603 2840 1836 2890; x_wconf 84' lang='lat' dir='ltr'>inimici.</span> <span class='ocrx_word' id='word_1_466' title='bbox 1854 2839 2007 2893; x_wconf 90' lang='lat' dir='ltr'>Talis</span> 
     </span>
    </p>
   </div>
   <div class='ocr_carea' id='block_1_40' title="bbox 412 2905 2009 2970">
    <p class='ocr_par' dir='ltr' id='par_1_40' title="bbox 412 2905 2009 2970">
     <span class='ocr_line' id='line_1_40' title="bbox 412 2905 2009 2970; baseline 0.003 -13"><span class='ocrx_word' id='word_1_467' title='bbox 412 2905 659 2957; x_wconf 90' lang='lat' dir='ltr'>munitio</span> <span class='ocrx_word' id='word_1_468' title='bbox 680 2908 771 2957; x_wconf 88' lang='lat' dir='ltr'>est</span> <span class='ocrx_word' id='word_1_469' title='bbox 790 2907 957 2958; x_wconf 91' lang='lat' dir='ltr'>nobis</span> <span class='ocrx_word' id='word_1_470' title='bbox 981 2907 1154 2968; x_wconf 89' lang='lat' dir='ltr'>Deus,</span> <span class='ocrx_word' id='word_1_471' title='bbox 1187 2907 1248 2959; x_wconf 89' lang='lat' dir='ltr'>in</span> <span class='ocrx_word' id='word_1_472' title='bbox 1275 2920 1391 2970; x_wconf 88' lang='lat' dir='ltr'>qua</span> <span class='ocrx_word' id='word_1_473' title='bbox 1414 2912 1471 2959; x_wconf 90' lang='lat' dir='ltr'>et</span> <span class='ocrx_word' id='word_1_474' title='bbox 1492 2908 1807 2962; x_wconf 89' lang='lat' dir='ltr'>abinimico</span> <span class='ocrx_word' id='word_1_475' title='bbox 1825 2910 2009 2962; x_wconf 90' lang='lat' dir='ltr'>securi</span> 
     </span>
    </p>
   </div>
   <div class='ocr_carea' id='block_1_41' title="bbox 413 2976 2010 3042">
    <p class='ocr_par' dir='ltr' id='par_1_41' title="bbox 413 2976 2010 3042">
     <span class='ocr_line' id='line_1_41' title="bbox 413 2976 2010 3042; baseline 0.001 -14"><span class='ocrx_word' id='word_1_476' title='bbox 413 2988 544 3028; x_wconf 91' lang='lat' dir='ltr'>esse</span> <span class='ocrx_word' id='word_1_477' title='bbox 560 2976 872 3040; x_wconf 89' lang='lat' dir='ltr'>possimus,</span> <span class='ocrx_word' id='word_1_478' title='bbox 889 2980 947 3029; x_wconf 92' lang='lat' dir='ltr'>et</span> <span class='ocrx_word' id='word_1_479' title='bbox 969 2977 1026 3027; x_wconf 91' lang='lat' dir='ltr'>in</span> <span class='ocrx_word' id='word_1_480' title='bbox 1038 2976 1229 3041; x_wconf 90' lang='lat' dir='ltr'>ipsum</span> <span class='ocrx_word' id='word_1_481' title='bbox 1240 2978 1804 3042; x_wconf 88' lang='lat' dir='ltr'>jaculariinimicum.</span> <span class='ocrx_word' id='word_1_482' title='bbox 1822 2986 1949 3032; x_wconf 78' lang='lat' dir='ltr'>Anio</span> <span class='ocrx_word' id='word_1_483' title='bbox 1966 2990 2010 3039; x_wconf 84' lang='lat' dir='ltr'>te</span> 
     </span>
    </p>
   </div>
   <div class='ocr_carea' id='block_1_42' title="bbox 415 3047 2010 3116">
    <p class='ocr_par' dir='ltr' id='par_1_42' title="bbox 415 3047 2010 3116">
     <span class='ocr_line' id='line_1_42' title="bbox 415 3047 2010 3116; baseline 0.003 -20"><span class='ocrx_word' id='word_1_484' title='bbox 415 3047 523 3109; x_wconf 75' lang='lat' dir='ltr'>(Ex</span> <span class='ocrx_word' id='word_1_485' title='bbox 544 3047 703 3110; x_wconf 87' lang='lat' dir='ltr'>Aug.)</span> <span class='ocrx_word' id='word_1_486' title='bbox 732 3051 823 3099; x_wconf 90' lang='lat' dir='ltr'>est</span> <span class='ocrx_word' id='word_1_487' title='bbox 836 3047 1116 3099; x_wconf 87' lang='lat' dir='ltr'>Christus.</span> <span class='ocrx_word' id='word_1_488' title='bbox 1144 3048 1462 3101; x_wconf 82' lang='lat' dir='ltr'>Recordare</span> <span class='ocrx_word' id='word_1_489' title='bbox 1478 3050 1856 3116; x_wconf 90' lang='lat' dir='ltr'>Christum,et</span> <span class='ocrx_word' id='word_1_490' title='bbox 1877 3057 2010 3102; x_wconf 84' lang='lat' dir='ltr'>intra</span> 
     </span>
    </p>
   </div>
   <div class='ocr_carea' id='block_1_43' title="bbox 411 3117 2009 3188">
    <p class='ocr_par' dir='ltr' id='par_1_43' title="bbox 411 3117 2009 3188">
     <span class='ocr_line' id='line_1_43' title="bbox 411 3117 2009 3188; baseline 0.004 -20"><span class='ocrx_word' id='word_1_491' title='bbox 411 3129 472 3168; x_wconf 86' lang='lat' dir='ltr'>1n</span> <span class='ocrx_word' id='word_1_492' title='bbox 505 3117 722 3169; x_wconf 90' lang='lat' dir='ltr'>turrim.</span> <span class='ocrx_word' id='word_1_493' title='bbox 765 3117 1047 3181; x_wconf 90' lang='lat' dir='ltr'>Quicquid</span> <span class='ocrx_word' id='word_1_494' title='bbox 1093 3120 1319 3185; x_wconf 88' lang='lat' dir='ltr'>pateris,</span> <span class='ocrx_word' id='word_1_495' title='bbox 1360 3122 1550 3185; x_wconf 81' lang='lat' dir='ltr'>cogita</span> <span class='ocrx_word' id='word_1_496' title='bbox 1582 3124 1716 3186; x_wconf 89' lang='lat' dir='ltr'>quia</span> <span class='ocrx_word' id='word_1_497' title='bbox 1744 3123 1835 3175; x_wconf 91' lang='lat' dir='ltr'>ille</span> <span class='ocrx_word' id='word_1_498' title='bbox 1856 3124 2009 3188; x_wconf 89' lang='lat' dir='ltr'>prior</span> 
     </span>
    </p>
   </div>
   <div class='ocr_carea' id='block_1_44' title="bbox 411 3192 2010 3257">
    <p class='ocr_par' dir='ltr' id='par_1_44' title="bbox 411 3192 2010 3257">
     <span class='ocr_line' id='line_1_44' title="bbox 411 3192 2010 3257; baseline 0.004 -14"><span class='ocrx_word' id='word_1_499' title='bbox 411 3204 619 3256; x_wconf 89' lang='lat' dir='ltr'>passus</span> <span class='ocrx_word' id='word_1_500' title='bbox 636 3198 751 3243; x_wconf 87' lang='lat' dir='ltr'>est:</span> <span class='ocrx_word' id='word_1_501' title='bbox 779 3194 837 3243; x_wconf 91' lang='lat' dir='ltr'>et</span> <span class='ocrx_word' id='word_1_502' title='bbox 859 3192 1047 3255; x_wconf 83' lang='lat' dir='ltr'>cogita</span> <span class='ocrx_word' id='word_1_503' title='bbox 1071 3204 1186 3256; x_wconf 92' lang='lat' dir='ltr'>quo</span> <span class='ocrx_word' id='word_1_504' title='bbox 1208 3192 1324 3245; x_wconf 73' lang='lat' dir='ltr'>(ine</span> <span class='ocrx_word' id='word_1_505' title='bbox 1347 3205 1556 3256; x_wconf 87' lang='lat' dir='ltr'>passus</span> <span class='ocrx_word' id='word_1_506' title='bbox 1588 3201 1695 3257; x_wconf 90' lang='lat' dir='ltr'>est,</span> <span class='ocrx_word' id='word_1_507' title='bbox 1718 3196 2010 3249; x_wconf 90' lang='lat' dir='ltr'>scilicetut</span> 
     </span>
    </p>
   </div>
   <div class='ocr_carea' id='block_1_45' title="bbox 411 3263 2008 3331">
    <p class='ocr_par' dir='ltr' id='par_1_45' title="bbox 411 3263 2008 3331">
     <span class='ocr_line' id='line_1_45' title="bbox 411 3263 2008 3331; baseline 0.004 -19"><span class='ocrx_word' id='word_1_508' title='bbox 411 3265 729 3313; x_wconf 88' lang='lat' dir='ltr'>moreretur</span> <span class='ocrx_word' id='word_1_509' title='bbox 757 3266 813 3313; x_wconf 90' lang='lat' dir='ltr'>et</span> <span class='ocrx_word' id='word_1_510' title='bbox 834 3266 1172 3326; x_wconf 84' lang='lat' dir='ltr'>resurgeret.</span> <span class='ocrx_word' id='word_1_511' title='bbox 1200 3263 1393 3314; x_wconf 89' lang='lat' dir='ltr'>Talem</span> <span class='ocrx_word' id='word_1_512' title='bbox 1415 3264 1592 3316; x_wconf 81' lang='lat' dir='ltr'>ﬁnem</span> <span class='ocrx_word' id='word_1_513' title='bbox 1616 3278 1799 3329; x_wconf 88' lang='lat' dir='ltr'>spera,</span> <span class='ocrx_word' id='word_1_514' title='bbox 1822 3267 2008 3331; x_wconf 89' lang='lat' dir='ltr'>qualis</span> 
     </span>
    </p>
   </div>
   <div class='ocr_carea' id='block_1_46' title="bbox 412 3332 1990 3397">
    <p class='ocr_par' dir='ltr' id='par_1_46' title="bbox 412 3332 1990 3397">
     <span class='ocr_line' id='line_1_46' title="bbox 412 3332 1990 3397; baseline 0.004 -14"><span class='ocrx_word' id='word_1_515' title='bbox 412 3333 471 3384; x_wconf 92' lang='lat' dir='ltr'>in</span> <span class='ocrx_word' id='word_1_516' title='bbox 488 3332 584 3383; x_wconf 91' lang='lat' dir='ltr'>illo</span> <span class='ocrx_word' id='word_1_517' title='bbox 598 3332 896 3397; x_wconf 56' lang='lat' dir='ltr'>praecessit</span> <span class='ocrx_word' id='word_1_518' title='bbox 913 3350 923 3380; x_wconf 93' lang='lat'><strong><em>:</em></strong></span> <span class='ocrx_word' id='word_1_519' title='bbox 941 3337 999 3383; x_wconf 91' lang='lat' dir='ltr'>et</span> <span class='ocrx_word' id='word_1_520' title='bbox 1012 3333 1243 3384; x_wconf 88' lang='lat' dir='ltr'>intrasti</span> <span class='ocrx_word' id='word_1_521' title='bbox 1261 3336 1320 3384; x_wconf 79' lang='lat' dir='ltr'>in</span> <span class='ocrx_word' id='word_1_522' title='bbox 1335 3334 1395 3384; x_wconf 89' lang='lat' dir='ltr'>in</span> <span class='ocrx_word' id='word_1_523' title='bbox 1407 3335 1627 3395; x_wconf 90' lang='lat' dir='ltr'>turrim,</span> <span class='ocrx_word' id='word_1_524' title='bbox 1640 3349 1755 3387; x_wconf 92' lang='lat' dir='ltr'>non</span> <span class='ocrx_word' id='word_1_525' title='bbox 1773 3351 1990 3390; x_wconf 90' lang='lat' dir='ltr'>consen</span> 
     </span>
    </p>
   </div>
   <div class='ocr_carea' id='block_1_47' title="bbox 380 3402 2009 3469">
    <p class='ocr_par' dir='ltr' id='par_1_47' title="bbox 380 3402 2009 3469">
     <span class='ocr_line' id='line_1_47' title="bbox 380 3402 2009 3469; baseline 0.004 -14"><span class='ocrx_word' id='word_1_526' title='bbox 380 3432 387 3440; x_wconf 68' lang='grc' dir='ltr'><strong>ε</strong></span> <span class='ocrx_word' id='word_1_527' title='bbox 412 3403 607 3455; x_wconf 88' lang='lat' dir='ltr'>tiendo</span> <span class='ocrx_word' id='word_1_528' title='bbox 648 3402 899 3454; x_wconf 91' lang='lat' dir='ltr'>inimico.</span> <span class='ocrx_word' id='word_1_529' title='bbox 939 3403 995 3454; x_wconf 93' lang='lat' dir='ltr'>Si</span> <span class='ocrx_word' id='word_1_530' title='bbox 1014 3404 1167 3454; x_wconf 90' lang='lat' dir='ltr'>enim</span> <span class='ocrx_word' id='word_1_531' title='bbox 1192 3405 1551 3455; x_wconf 86' lang='lat' dir='ltr'>consenseris</span> <span class='ocrx_word' id='word_1_532' title='bbox 1573 3406 1822 3469; x_wconf 89' lang='lat' dir='ltr'>inimico,</span> <span class='ocrx_word' id='word_1_533' title='bbox 1852 3409 1925 3460; x_wconf 89' lang='lat' dir='ltr'>ad</span> <span class='ocrx_word' id='word_1_534' title='bbox 1956 3415 2009 3462; x_wconf 88' lang='lat' dir='ltr'>te</span> 
     </span>
    </p>
   </div>
   <div class='ocr_carea' id='block_1_48' title="bbox 413 3473 2007 3539">
    <p class='ocr_par' dir='ltr' id='par_1_48' title="bbox 413 3473 2007 3539">
     <span class='ocr_line' id='line_1_48' title="bbox 413 3473 2007 3539; baseline 0.004 -14"><span class='ocrx_word' id='word_1_535' title='bbox 413 3473 672 3537; x_wconf 88' lang='lat' dir='ltr'>pervenit</span> <span class='ocrx_word' id='word_1_536' title='bbox 716 3474 1107 3536; x_wconf 81' lang='lat' dir='ltr'>oppugnantis</span> <span class='ocrx_word' id='word_1_537' title='bbox 1133 3474 1408 3536; x_wconf 88' lang='lat' dir='ltr'>jaculum.</span> <span class='ocrx_word' id='word_1_538' title='bbox 1435 3476 1521 3526; x_wconf 92' lang='lat' dir='ltr'>Tu</span> <span class='ocrx_word' id='word_1_539' title='bbox 1548 3478 1742 3539; x_wconf 90' lang='lat' dir='ltr'>potius</span> <span class='ocrx_word' id='word_1_540' title='bbox 1763 3479 1824 3530; x_wconf 90' lang='lat' dir='ltr'>in</span> <span class='ocrx_word' id='word_1_541' title='bbox 1844 3479 2007 3532; x_wconf 90' lang='lat' dir='ltr'>illum</span> 
     </span>
    </p>
   </div>
   <div class='ocr_carea' id='block_1_49' title="bbox 406 3542 2010 3610">
    <p class='ocr_par' dir='ltr' id='par_1_49' title="bbox 406 3542 2010 3610">
     <span class='ocr_line' id='line_1_49' title="bbox 406 3542 2010 3610; baseline 0.006 -16"><span class='ocrx_word' id='word_1_542' title='bbox 406 3543 662 3607; x_wconf 86' lang='lat' dir='ltr'>jaculare</span> <span class='ocrx_word' id='word_1_543' title='bbox 683 3542 814 3604; x_wconf 89' lang='lat' dir='ltr'>tela,</span> <span class='ocrx_word' id='word_1_544' title='bbox 840 3543 1051 3605; x_wconf 91' lang='lat' dir='ltr'>quibus</span> <span class='ocrx_word' id='word_1_545' title='bbox 1074 3543 1310 3595; x_wconf 68' lang='lat' dir='ltr'>feriatur</span> <span class='ocrx_word' id='word_1_546' title='bbox 1331 3549 1388 3596; x_wconf 90' lang='lat' dir='ltr'>et</span> <span class='ocrx_word' id='word_1_547' title='bbox 1406 3545 1681 3598; x_wconf 87' lang='lat' dir='ltr'>vincatur.</span> <span class='ocrx_word' id='word_1_548' title='bbox 1708 3551 1848 3610; x_wconf 65' lang='lat' dir='ltr'>Qua:</span> <span class='ocrx_word' id='word_1_549' title='bbox 1870 3556 2010 3604; x_wconf 90' lang='lat' dir='ltr'>sunt</span> 
     </span>
    </p>
   </div>
   <div class='ocr_carea' id='block_1_50' title="bbox 412 3612 2007 3682">
    <p class='ocr_par' dir='ltr' id='par_1_50' title="bbox 412 3612 2007 3682">
     <span class='ocr_line' id='line_1_50' title="bbox 412 3612 2007 3682; baseline 0.006 -17"><span class='ocrx_word' id='word_1_550' title='bbox 412 3614 525 3666; x_wconf 90' lang='lat' dir='ltr'>ista</span> <span class='ocrx_word' id='word_1_551' title='bbox 549 3612 703 3664; x_wconf 80' lang='lat' dir='ltr'>tela?</span> <span class='ocrx_word' id='word_1_552' title='bbox 730 3613 921 3664; x_wconf 85' lang='lat' dir='ltr'>Verba</span> <span class='ocrx_word' id='word_1_553' title='bbox 948 3613 1063 3674; x_wconf 88' lang='lat' dir='ltr'>Dei,</span> <span class='ocrx_word' id='word_1_554' title='bbox 1081 3613 1225 3665; x_wconf 85' lang='lat' dir='ltr'>ﬂdes</span> <span class='ocrx_word' id='word_1_555' title='bbox 1239 3617 1356 3677; x_wconf 88' lang='lat' dir='ltr'>tua,</span> <span class='ocrx_word' id='word_1_556' title='bbox 1378 3628 1511 3678; x_wconf 89' lang='lat' dir='ltr'>spes</span> <span class='ocrx_word' id='word_1_557' title='bbox 1530 3621 1644 3680; x_wconf 88' lang='lat' dir='ltr'>tua,</span> <span class='ocrx_word' id='word_1_558' title='bbox 1659 3632 1829 3682; x_wconf 90' lang='lat' dir='ltr'>opera</span> <span class='ocrx_word' id='word_1_559' title='bbox 1841 3621 2007 3675; x_wconf 91' lang='lat' dir='ltr'>bona.</span> 
     </span>
    </p>
   </div>
   <div class='ocr_carea' id='block_1_51' title="bbox 415 3682 2012 3753">
    <p class='ocr_par' dir='ltr' id='par_1_51' title="bbox 415 3682 2012 3753">
     <span class='ocr_line' id='line_1_51' title="bbox 415 3682 2012 3753; baseline 0.006 -18"><span class='ocrx_word' id='word_1_560' title='bbox 415 3686 579 3735; x_wconf 87' lang='lat' dir='ltr'>Nunc</span> <span class='ocrx_word' id='word_1_561' title='bbox 602 3682 729 3753; x_wconf 81' lang='lat' dir='ltr'>dico</span> <span class='ocrx_word' id='word_1_562' title='bbox 746 3682 844 3743; x_wconf 90' lang='lat' dir='ltr'>sic,</span> <span class='ocrx_word' id='word_1_563' title='bbox 863 3687 986 3734; x_wconf 86' lang='lat' dir='ltr'>esto</span> <span class='ocrx_word' id='word_1_564' title='bbox 1007 3683 1064 3734; x_wconf 90' lang='lat' dir='ltr'>in</span> <span class='ocrx_word' id='word_1_565' title='bbox 1099 3685 1213 3735; x_wconf 88' lang='lat' dir='ltr'>ista</span> <span class='ocrx_word' id='word_1_566' title='bbox 1246 3685 1384 3736; x_wconf 90' lang='lat' dir='ltr'>turri</span> <span class='ocrx_word' id='word_1_567' title='bbox 1416 3691 1482 3741; x_wconf 90' lang='lat' dir='ltr'>ut</span> <span class='ocrx_word' id='word_1_568' title='bbox 1506 3700 1676 3739; x_wconf 90' lang='lat' dir='ltr'>vaces</span> <span class='ocrx_word' id='word_1_569' title='bbox 1704 3691 1801 3753; x_wconf 90' lang='lat' dir='ltr'>ibi,</span> <span class='ocrx_word' id='word_1_570' title='bbox 1819 3696 1878 3743; x_wconf 92' lang='lat' dir='ltr'>et</span> <span class='ocrx_word' id='word_1_571' title='bbox 1899 3694 2012 3744; x_wconf 85' lang='lat' dir='ltr'>suf-</span> 
     </span>
    </p>
   </div>
   <div class='ocr_carea' id='block_1_52' title="bbox 413 3752 2009 3826">
    <p class='ocr_par' dir='ltr' id='par_1_52' title="bbox 413 3752 2009 3826">
     <span class='ocr_line' id='line_1_52' title="bbox 413 3752 2009 3826; baseline 0.006 -22"><span class='ocrx_word' id='word_1_572' title='bbox 413 3752 870 3826; x_wconf 72' lang='lat' dir='ltr'>iiciat_tibi,_quia</span> <span class='ocrx_word' id='word_1_573' title='bbox 885 3753 1072 3804; x_wconf 86' lang='lat' dir='ltr'>hostis</span> <span class='ocrx_word' id='word_1_574' title='bbox 1099 3754 1210 3806; x_wconf 89' lang='lat' dir='ltr'>tela</span> <span class='ocrx_word' id='word_1_575' title='bbox 1220 3755 1293 3807; x_wconf 91' lang='lat' dir='ltr'>ad</span> <span class='ocrx_word' id='word_1_576' title='bbox 1319 3760 1373 3807; x_wconf 87' lang='lat' dir='ltr'>te</span> <span class='ocrx_word' id='word_1_577' title='bbox 1392 3769 1508 3808; x_wconf 91' lang='lat' dir='ltr'>non</span> <span class='ocrx_word' id='word_1_578' title='bbox 1525 3752 1889 3821; x_wconf 88' lang='lat' dir='ltr'>perveniunt.</span> <span class='ocrx_word' id='word_1_579' title='bbox 1906 3768 2009 3826; x_wconf 75' lang='lat' dir='ltr'>Age</span> 
     </span>
    </p>
   </div>
   <div class='ocr_carea' id='block_1_53' title="bbox 412 3823 2010 3896">
    <p class='ocr_par' dir='ltr' id='par_1_53' title="bbox 412 3823 2010 3896">
     <span class='ocr_line' id='line_1_53' title="bbox 412 3823 2010 3896; baseline 0.004 -21"><span class='ocrx_word' id='word_1_580' title='bbox 412 3824 492 3896; x_wconf 78' lang='lat' dir='ltr'>ibi</span> <span class='ocrx_word' id='word_1_581' title='bbox 514 3823 750 3896; x_wconf 83' lang='lat' dir='ltr'>aliquid,</span> <span class='ocrx_word' id='word_1_582' title='bbox 778 3836 908 3896; x_wconf 81' lang='lat' dir='ltr'>non</span> <span class='ocrx_word' id='word_1_583' title='bbox 924 3829 1390 3877; x_wconf 89' lang='lat' dir='ltr'>cessentmanus.</span> <span class='ocrx_word' id='word_1_584' title='bbox 1406 3828 1587 3889; x_wconf 88' lang='lat' dir='ltr'>Opera</span> <span class='ocrx_word' id='word_1_585' title='bbox 1602 3834 1701 3881; x_wconf 90' lang='lat' dir='ltr'>tua</span> <span class='ocrx_word' id='word_1_586' title='bbox 1720 3823 2010 3896; x_wconf 65' lang='lat' dir='ltr'>bona,gla-</span> 
     </span>
    </p>
   </div>
   <div class='ocr_carea' id='block_1_54' title="bbox 415 3894 2009 3964">
    <p class='ocr_par' dir='ltr' id='par_1_54' title="bbox 415 3894 2009 3964">
     <span class='ocr_line' id='line_1_54' title="bbox 415 3894 2009 3964; baseline 0.007 -20"><span class='ocrx_word' id='word_1_587' title='bbox 415 3894 492 3945; x_wconf 91' lang='lat' dir='ltr'>dii</span> <span class='ocrx_word' id='word_1_588' title='bbox 516 3898 655 3945; x_wconf 91' lang='lat' dir='ltr'>sunt</span> <span class='ocrx_word' id='word_1_589' title='bbox 669 3894 1406 3949; x_wconf 83' lang='lat' dir='ltr'>interﬂcientesinimicum.</span> <span class='ocrx_word' id='word_1_590' title='bbox 1429 3898 1549 3949; x_wconf 87' lang='lat' dir='ltr'>Tali</span> <span class='ocrx_word' id='word_1_591' title='bbox 1570 3912 1706 3964; x_wconf 86' lang='lat' dir='ltr'>ergo</span> <span class='ocrx_word' id='word_1_592' title='bbox 1725 3894 2009 3955; x_wconf 82' lang='lat' dir='ltr'>munitione</span> 
     </span>
    </p>
   </div>
   <div class='ocr_carea' id='block_1_55' title="bbox 414 3965 2005 4035">
    <p class='ocr_par' dir='ltr' id='par_1_55' title="bbox 414 3965 2005 4035">
     <span class='ocr_line' id='line_1_55' title="bbox 414 3965 2005 4035; baseline 0.005 -18"><span class='ocrx_word' id='word_1_593' title='bbox 414 3965 790 4022; x_wconf 83' lang='lat' dir='ltr'>confortatus,</span> <span class='ocrx_word' id='word_1_594' title='bbox 801 3978 1167 4029; x_wconf 86' lang='lat' dir='ltr'>perseverare</span> <span class='ocrx_word' id='word_1_595' title='bbox 1178 3980 1240 4020; x_wconf 88' lang='lat' dir='ltr'>se</span> <span class='ocrx_word' id='word_1_596' title='bbox 1256 3969 1554 4035; x_wconf 88' lang='lat' dir='ltr'>promittit,</span> <span class='ocrx_word' id='word_1_597' title='bbox 1572 3984 1702 4022; x_wconf 92' lang='lat' dir='ltr'>cum</span> <span class='ocrx_word' id='word_1_598' title='bbox 1715 3976 1826 4032; x_wconf 83' lang='lat' dir='ltr'>subj</span> <span class='ocrx_word' id='word_1_599' title='bbox 1836 3980 2005 4035; x_wconf 85' lang='lat' dir='ltr'>ungit:</span> 
     </span>
    </p>
   </div>
   <div class='ocr_carea' id='block_1_56' title="bbox 477 4036 2009 4106">
    <p class='ocr_par' dir='ltr' id='par_1_56' title="bbox 477 4036 2009 4106">
     <span class='ocr_line' id='line_1_56' title="bbox 477 4036 2009 4106; baseline 0.01 -22"><span class='ocrx_word' id='word_1_600' title='bbox 477 4036 528 4090; x_wconf 76' lang='grc'>5.</span> <span class='ocrx_word' id='word_1_601' title='bbox 555 4036 871 4087; x_wconf 86' lang='lat' dir='ltr'>Inhabitabo</span> <span class='ocrx_word' id='word_1_602' title='bbox 894 4038 952 4087; x_wconf 87' lang='lat' dir='ltr'>in</span> <span class='ocrx_word' id='word_1_603' title='bbox 977 4038 1318 4089; x_wconf 85' lang='lat' dir='ltr'>tabernaculo</span> <span class='ocrx_word' id='word_1_604' title='bbox 1336 4047 1427 4089; x_wconf 83' lang='lat' dir='ltr'>tuo</span> <span class='ocrx_word' id='word_1_605' title='bbox 1443 4042 1505 4089; x_wconf 83' lang='lat' dir='ltr'>in</span> <span class='ocrx_word' id='word_1_606' title='bbox 1526 4043 1736 4093; x_wconf 55' lang='lat' dir='ltr'>secuta.</span> <span class='ocrx_word' id='word_1_607' title='bbox 1761 4046 1904 4106; x_wconf 87' lang='lat' dir='ltr'>Quia</span> <span class='ocrx_word' id='word_1_608' title='bbox 1916 4047 2009 4099; x_wconf 85' lang='lat' dir='ltr'>hic</span> 
     </span>
    </p>
   </div>
   <div class='ocr_carea' id='block_1_57' title="bbox 414 4107 2007 4179">
    <p class='ocr_par' dir='ltr' id='par_1_57' title="bbox 414 4107 2007 4179">
     <span class='ocr_line' id='line_1_57' title="bbox 414 4107 2007 4179; baseline 0.005 -20"><span class='ocrx_word' id='word_1_609' title='bbox 414 4107 522 4160; x_wconf 87' lang='lat' dir='ltr'>erit</span> <span class='ocrx_word' id='word_1_610' title='bbox 536 4108 791 4160; x_wconf 87' lang='lat' dir='ltr'>Ecclesia</span> <span class='ocrx_word' id='word_1_611' title='bbox 806 4120 991 4172; x_wconf 90' lang='lat' dir='ltr'>usque</span> <span class='ocrx_word' id='word_1_612' title='bbox 1005 4109 1065 4161; x_wconf 90' lang='lat' dir='ltr'>in</span> <span class='ocrx_word' id='word_1_613' title='bbox 1080 4110 1256 4162; x_wconf 78' lang='lat' dir='ltr'>tinem</span> <span class='ocrx_word' id='word_1_614' title='bbox 1271 4111 1469 4164; x_wconf 53' lang='lat' dir='ltr'>saeculi</span> <span class='ocrx_word' id='word_1_615' title='bbox 1483 4114 1603 4165; x_wconf 94' lang='lat' dir='ltr'>Deo</span> <span class='ocrx_word' id='word_1_616' title='bbox 1622 4113 2007 4179; x_wconf 87' lang='lat' dir='ltr'>militatura,in</span> 
     </span>
    </p>
   </div>
   <div class='ocr_carea' id='block_1_58' title="bbox 413 4179 2010 4250">
    <p class='ocr_par' dir='ltr' id='par_1_58' title="bbox 413 4179 2010 4250">
     <span class='ocr_line' id='line_1_58' title="bbox 413 4179 2010 4250; baseline 0.005 -20"><span class='ocrx_word' id='word_1_617' title='bbox 413 4179 719 4231; x_wconf 89' lang='lat' dir='ltr'>concordia</span> <span class='ocrx_word' id='word_1_618' title='bbox 732 4181 1093 4246; x_wconf 90' lang='lat' dir='ltr'>permanebo,</span> <span class='ocrx_word' id='word_1_619' title='bbox 1109 4182 1166 4232; x_wconf 90' lang='lat' dir='ltr'>in</span> <span class='ocrx_word' id='word_1_620' title='bbox 1183 4182 1403 4234; x_wconf 89' lang='lat' dir='ltr'>unitate</span> <span class='ocrx_word' id='word_1_621' title='bbox 1417 4183 1548 4234; x_wconf 81' lang='lat' dir='ltr'>ﬁdei</span> <span class='ocrx_word' id='word_1_622' title='bbox 1563 4188 1833 4248; x_wconf 88' lang='lat' dir='ltr'>pugnabo</span> <span class='ocrx_word' id='word_1_623' title='bbox 1850 4203 2010 4250; x_wconf 85' lang='lat' dir='ltr'>usque</span> 
     </span>
    </p>
   </div>
   <div class='ocr_carea' id='block_1_59' title="bbox 413 4250 2011 4318">
    <p class='ocr_par' dir='ltr' id='par_1_59' title="bbox 413 4250 2011 4318">
     <span class='ocr_line' id='line_1_59' title="bbox 413 4250 2011 4318; baseline 0.004 -16"><span class='ocrx_word' id='word_1_624' title='bbox 413 4250 474 4302; x_wconf 89' lang='lat' dir='ltr'>in</span> <span class='ocrx_word' id='word_1_625' title='bbox 491 4251 685 4302; x_wconf 80' lang='lat' dir='ltr'>tinem.</span> <span class='ocrx_word' id='word_1_626' title='bbox 704 4253 832 4302; x_wconf 87' lang='lat' dir='ltr'>Non</span> <span class='ocrx_word' id='word_1_627' title='bbox 856 4251 1010 4303; x_wconf 91' lang='lat' dir='ltr'>enim</span> <span class='ocrx_word' id='word_1_628' title='bbox 1028 4252 1129 4315; x_wconf 91' lang='lat' dir='ltr'>qui</span> <span class='ocrx_word' id='word_1_629' title='bbox 1149 4253 1380 4317; x_wconf 89' lang='lat' dir='ltr'>ceperit,</span> <span class='ocrx_word' id='word_1_630' title='bbox 1395 4254 1497 4306; x_wconf 90' lang='lat' dir='ltr'>sed</span> <span class='ocrx_word' id='word_1_631' title='bbox 1510 4255 1609 4318; x_wconf 92' lang='lat' dir='ltr'>qui</span> <span class='ocrx_word' id='word_1_632' title='bbox 1620 4263 2011 4316; x_wconf 80' lang='lat' dir='ltr'>perseveraverit</span> 
     </span>
    </p>
   </div>
   <div class='ocr_carea' id='block_1_60' title="bbox 414 4320 2008 4391">
    <p class='ocr_par' dir='ltr' id='par_1_60' title="bbox 414 4320 2008 4391">
     <span class='ocr_line' id='line_1_60' title="bbox 414 4320 2008 4391; baseline 0.006 -19"><span class='ocrx_word' id='word_1_633' title='bbox 414 4333 600 4386; x_wconf 88' lang='lat' dir='ltr'>usque</span> <span class='ocrx_word' id='word_1_634' title='bbox 642 4321 705 4373; x_wconf 90' lang='lat' dir='ltr'>in</span> <span class='ocrx_word' id='word_1_635' title='bbox 746 4320 940 4385; x_wconf 82' lang='lat' dir='ltr'>finem,</span> <span class='ocrx_word' id='word_1_636' title='bbox 985 4322 1078 4375; x_wconf 89' lang='lat' dir='ltr'>hic</span> <span class='ocrx_word' id='word_1_637' title='bbox 1112 4323 1310 4376; x_wconf 89' lang='lat' dir='ltr'>salvus</span> <span class='ocrx_word' id='word_1_638' title='bbox 1354 4325 1460 4376; x_wconf 86' lang='lat' dir='ltr'>erit</span> <span class='ocrx_word' id='word_1_639' title='bbox 1499 4326 1705 4390; x_wconf 82' lang='lat' dir='ltr'>(Matth.</span> <span class='ocrx_word' id='word_1_640' title='bbox 1738 4326 1864 4391; x_wconf 67' lang='lat'>24.).</span> <span class='ocrx_word' id='word_1_641' title='bbox 1900 4331 2008 4382; x_wconf 88' lang='lat' dir='ltr'>Sed</span> 
     </span>
    </p>
   </div>
   <div class='ocr_carea' id='block_1_61' title="bbox 413 4392 2010 4457">
    <p class='ocr_par' dir='ltr' id='par_1_61' title="bbox 413 4392 2010 4457">
     <span class='ocr_line' id='line_1_61' title="bbox 413 4392 2010 4457; baseline 0.006 -13"><span class='ocrx_word' id='word_1_642' title='bbox 413 4392 570 4445; x_wconf 88' lang='lat' dir='ltr'>unde</span> <span class='ocrx_word' id='word_1_643' title='bbox 614 4394 1049 4457; x_wconf 86' lang='lat' dir='ltr'>perseverabis?</span> <span class='ocrx_word' id='word_1_644' title='bbox 1091 4397 1232 4457; x_wconf 69' lang='lat' dir='ltr'>Qum</span> <span class='ocrx_word' id='word_1_645' title='bbox 1275 4401 1414 4447; x_wconf 91' lang='lat' dir='ltr'>sunt</span> <span class='ocrx_word' id='word_1_646' title='bbox 1438 4396 1585 4449; x_wconf 87' lang='lat' dir='ltr'>vires</span> <span class='ocrx_word' id='word_1_647' title='bbox 1616 4402 1733 4450; x_wconf 66' lang='lat' dir='ltr'>tuas</span> <span class='ocrx_word' id='word_1_648' title='bbox 1756 4399 1903 4451; x_wconf 87' lang='lat' dir='ltr'>inter</span> <span class='ocrx_word' id='word_1_649' title='bbox 1925 4405 2010 4453; x_wconf 91' lang='lat' dir='ltr'>tot</span> 
     </span>
    </p>
   </div>
   <div class='ocr_carea' id='block_1_62' title="bbox 413 4463 2005 4531">
    <p class='ocr_par' dir='ltr' id='par_1_62' title="bbox 413 4463 2005 4531">
     <span class='ocr_line' id='line_1_62' title="bbox 413 4463 2005 4531; baseline 0.006 -17"><span class='ocrx_word' id='word_1_650' title='bbox 413 4463 701 4526; x_wconf 87' lang='lat' dir='ltr'>scandala,</span> <span class='ocrx_word' id='word_1_651' title='bbox 750 4463 900 4516; x_wconf 90' lang='lat' dir='ltr'>inter</span> <span class='ocrx_word' id='word_1_652' title='bbox 937 4467 1125 4517; x_wconf 85' lang='lat' dir='ltr'>tantas</span> <span class='ocrx_word' id='word_1_653' title='bbox 1156 4471 1422 4530; x_wconf 77' lang='lat' dir='ltr'>pugnas?</span> <span class='ocrx_word' id='word_1_654' title='bbox 1452 4468 1718 4531; x_wconf 88' lang='lat' dir='ltr'>Sequitur</span> <span class='ocrx_word' id='word_1_655' title='bbox 1744 4474 1801 4521; x_wconf 89' lang='lat' dir='ltr'>et</span> <span class='ocrx_word' id='word_1_656' title='bbox 1833 4471 2005 4523; x_wconf 88' lang='lat' dir='ltr'>dicit:</span> 
     </span>
    </p>
   </div>
   <div class='ocr_carea' id='block_1_63' title="bbox 412 4534 2002 4605">
    <p class='ocr_par' dir='ltr' id='par_1_63' title="bbox 412 4534 2002 4605">
     <span class='ocr_line' id='line_1_63' title="bbox 412 4534 2002 4605; baseline 0.006 -21"><span class='ocrx_word' id='word_1_657' title='bbox 412 4534 677 4605; x_wconf 78' lang='lat' dir='ltr'>Protegar</span> <span class='ocrx_word' id='word_1_658' title='bbox 699 4534 760 4605; x_wconf 85' lang='lat' dir='ltr'>in</span> <span class='ocrx_word' id='word_1_659' title='bbox 784 4534 1076 4584; x_wconf 75' lang='lat' dir='ltr'>velamento</span> <span class='ocrx_word' id='word_1_660' title='bbox 1096 4536 1317 4585; x_wconf 79' lang='lat' dir='ltr'>alarum</span> <span class='ocrx_word' id='word_1_661' title='bbox 1339 4543 1581 4601; x_wconf 85' lang='lat' dir='ltr'>tuarum,</span> <span class='ocrx_word' id='word_1_662' title='bbox 1601 4538 1770 4601; x_wconf 85' lang='lat' dir='ltr'>idest,</span> <span class='ocrx_word' id='word_1_663' title='bbox 1796 4540 1855 4591; x_wconf 92' lang='lat' dir='ltr'>in</span> <span class='ocrx_word' id='word_1_664' title='bbox 1879 4553 2002 4605; x_wconf 86' lang='lat' dir='ltr'>pro-</span> 
     </span>
    </p>
   </div>
   <div class='ocr_carea' id='block_1_64' title="bbox 413 4604 2004 4675">
    <p class='ocr_par' dir='ltr' id='par_1_64' title="bbox 413 4604 2004 4675">
     <span class='ocr_line' id='line_1_64' title="bbox 413 4604 2004 4675; baseline 0.004 -21"><span class='ocrx_word' id='word_1_665' title='bbox 413 4604 661 4655; x_wconf 83' lang='lat' dir='ltr'>tectione</span> <span class='ocrx_word' id='word_1_666' title='bbox 688 4604 986 4655; x_wconf 90' lang='lat' dir='ltr'>virtutum.</span> <span class='ocrx_word' id='word_1_667' title='bbox 997 4606 1160 4657; x_wconf 90' lang='lat' dir='ltr'>Unde</span> <span class='ocrx_word' id='word_1_668' title='bbox 1175 4607 1361 4660; x_wconf 63' lang='lat' dir='ltr'>beatas</span> <span class='ocrx_word' id='word_1_669' title='bbox 1372 4609 1591 4671; x_wconf 79' lang='lat' dir='ltr'>Virgini</span> <span class='ocrx_word' id='word_1_670' title='bbox 1606 4610 1679 4660; x_wconf 90' lang='lat' dir='ltr'>ab</span> <span class='ocrx_word' id='word_1_671' title='bbox 1695 4604 1916 4675; x_wconf 80' lang='lat' dir='ltr'>Angela</span> <span class='ocrx_word' id='word_1_672' title='bbox 1927 4614 2004 4661; x_wconf 87' lang='lat' dir='ltr'>di-</span> 
     </span>
    </p>
   </div>
   <div class='ocr_carea' id='block_1_65' title="bbox 415 4674 2009 4746">
    <p class='ocr_par' dir='ltr' id='par_1_65' title="bbox 415 4674 2009 4746">
     <span class='ocr_line' id='line_1_65' title="bbox 415 4674 2009 4746; baseline 0.007 -22"><span class='ocrx_word' id='word_1_673' title='bbox 415 4675 565 4746; x_wconf 81' lang='lat' dir='ltr'>citur</span> <span class='ocrx_word' id='word_1_674' title='bbox 588 4692 611 4746; x_wconf 19' lang='lat' dir='ltr'>:A</span> <span class='ocrx_word' id='word_1_675' title='bbox 645 4674 888 4746; x_wconf 87' lang='lat' dir='ltr'>Spiritus</span> <span class='ocrx_word' id='word_1_676' title='bbox 913 4681 1149 4727; x_wconf 81' lang='lat' dir='ltr'>sanctus</span> <span class='ocrx_word' id='word_1_677' title='bbox 1172 4680 1535 4742; x_wconf 87' lang='lat' dir='ltr'>superveniet</span> <span class='ocrx_word' id='word_1_678' title='bbox 1569 4680 1630 4731; x_wconf 91' lang='lat' dir='ltr'>in</span> <span class='ocrx_word' id='word_1_679' title='bbox 1652 4684 1727 4746; x_wconf 88' lang='lat' dir='ltr'>te,</span> <span class='ocrx_word' id='word_1_680' title='bbox 1752 4674 1811 4733; x_wconf 87' lang='lat' dir='ltr'>et</span> <span class='ocrx_word' id='word_1_681' title='bbox 1829 4686 2009 4735; x_wconf 89' lang='lat' dir='ltr'>virtus</span> 
     </span>
    </p>
   </div>
   <div class='ocr_carea' id='block_1_66' title="bbox 414 4744 2007 4816">
    <p class='ocr_par' dir='ltr' id='par_1_66' title="bbox 414 4744 2007 4816">
     <span class='ocr_line' id='line_1_66' title="bbox 414 4744 2007 4816; baseline 0.006 -20"><span class='ocrx_word' id='word_1_682' title='bbox 414 4744 696 4797; x_wconf 88' lang='lat' dir='ltr'>Altissimi</span> <span class='ocrx_word' id='word_1_683' title='bbox 715 4745 1084 4798; x_wconf 90' lang='lat' dir='ltr'>obumbrabit</span> <span class='ocrx_word' id='word_1_684' title='bbox 1100 4748 1205 4799; x_wconf 90' lang='lat' dir='ltr'>tibi</span> <span class='ocrx_word' id='word_1_685' title='bbox 1216 4750 1342 4809; x_wconf 86' lang='lat' dir='ltr'>(Luc</span> <span class='ocrx_word' id='word_1_686' title='bbox 1368 4749 1454 4813; x_wconf 86' lang='grc'>1.).</span> <span class='ocrx_word' id='word_1_687' title='bbox 1476 4753 1621 4803; x_wconf 90' lang='lat' dir='ltr'>Ecce</span> <span class='ocrx_word' id='word_1_688' title='bbox 1632 4744 1808 4816; x_wconf 86' lang='lat' dir='ltr'>quare</span> <span class='ocrx_word' id='word_1_689' title='bbox 1821 4754 2007 4805; x_wconf 90' lang='lat' dir='ltr'>securi</span> 
     </span>
    </p>
   </div>
   <div class='ocr_carea' id='block_1_67' title="bbox 417 4816 2009 4883">
    <p class='ocr_par' dir='ltr' id='par_1_67' title="bbox 417 4816 2009 4883">
     <span class='ocr_line' id='line_1_67' title="bbox 417 4816 2009 4883; baseline 0.008 -18"><span class='ocrx_word' id='word_1_690' title='bbox 417 4827 621 4866; x_wconf 90' lang='lat' dir='ltr'>sumus</span> <span class='ocrx_word' id='word_1_691' title='bbox 662 4816 811 4866; x_wconf 89' lang='lat' dir='ltr'>inter</span> <span class='ocrx_word' id='word_1_692' title='bbox 844 4818 1036 4869; x_wconf 89' lang='lat' dir='ltr'>tantas</span> <span class='ocrx_word' id='word_1_693' title='bbox 1065 4820 1428 4883; x_wconf 87' lang='lat' dir='ltr'>tentationes,</span> <span class='ocrx_word' id='word_1_694' title='bbox 1454 4822 1638 4875; x_wconf 89' lang='lat' dir='ltr'>donec</span> <span class='ocrx_word' id='word_1_695' title='bbox 1661 4824 1853 4876; x_wconf 82' lang='lat' dir='ltr'>veniat</span> <span class='ocrx_word' id='word_1_696' title='bbox 1877 4825 2009 4878; x_wconf 79' lang='lat' dir='ltr'>linis</span> 
     </span>
    </p>
   </div>
   <div class='ocr_carea' id='block_1_68' title="bbox 415 4885 2009 4959">
    <p class='ocr_par' dir='ltr' id='par_1_68' title="bbox 415 4885 2009 4959">
     <span class='ocr_line' id='line_1_68' title="bbox 415 4885 2009 4959; baseline 0.006 -22"><span class='ocrx_word' id='word_1_697' title='bbox 415 4885 634 4959; x_wconf 67' lang='lat' dir='ltr'>saeculi,</span> <span class='ocrx_word' id='word_1_698' title='bbox 657 4890 715 4938; x_wconf 91' lang='lat' dir='ltr'>et</span> <span class='ocrx_word' id='word_1_699' title='bbox 738 4887 1054 4951; x_wconf 89' lang='lat' dir='ltr'>suscipiant</span> <span class='ocrx_word' id='word_1_700' title='bbox 1070 4902 1179 4941; x_wconf 91' lang='lat' dir='ltr'>nos</span> <span class='ocrx_word' id='word_1_701' title='bbox 1207 4891 1421 4959; x_wconf 62' lang='lat' dir='ltr'>saecula</span> <span class='ocrx_word' id='word_1_702' title='bbox 1440 4897 1656 4945; x_wconf 61' lang='lat' dir='ltr'>mterna</span> <span class='ocrx_word' id='word_1_703' title='bbox 1682 4912 1692 4943; x_wconf 95' lang='lat'>:</span> <span class='ocrx_word' id='word_1_704' title='bbox 1720 4895 1855 4959; x_wconf 89' lang='lat' dir='ltr'>quia</span> <span class='ocrx_word' id='word_1_705' title='bbox 1876 4909 2009 4959; x_wconf 83' lang='lat' dir='ltr'>pro-</span> 
     </span>
    </p>
   </div>
   <div class='ocr_carea' id='block_1_69' title="bbox 416 4957 2009 5030">
    <p class='ocr_par' dir='ltr' id='par_1_69' title="bbox 416 4957 2009 5030">
     <span class='ocr_line' id='line_1_69' title="bbox 416 4957 2009 5030; baseline 0.006 -22"><span class='ocrx_word' id='word_1_706' title='bbox 416 4957 666 5030; x_wconf 74' lang='lat' dir='ltr'>tegimur</span> <span class='ocrx_word' id='word_1_707' title='bbox 706 4958 768 5010; x_wconf 92' lang='lat' dir='ltr'>in</span> <span class='ocrx_word' id='word_1_708' title='bbox 812 4959 1137 5011; x_wconf 89' lang='lat' dir='ltr'>velamento</span> <span class='ocrx_word' id='word_1_709' title='bbox 1170 4957 1390 5013; x_wconf 86' lang='lat' dir='ltr'>alarum</span> <span class='ocrx_word' id='word_1_710' title='bbox 1417 4963 1617 5026; x_wconf 87' lang='lat' dir='ltr'>ipsius.</span> <span class='ocrx_word' id='word_1_711' title='bbox 1646 4957 1895 5030; x_wconf 77' lang='lat' dir='ltr'>Magnus</span> <span class='ocrx_word' id='word_1_712' title='bbox 1920 4971 2009 5018; x_wconf 91' lang='lat' dir='ltr'>est</span> 
     </span>
    </p>
   </div>
   <div class='ocr_carea' id='block_1_70' title="bbox 418 5029 2009 5099">
    <p class='ocr_par' dir='ltr' id='par_1_70' title="bbox 418 5029 2009 5099">
     <span class='ocr_line' id='line_1_70' title="bbox 418 5029 2009 5099; baseline 0.009 -23"><span class='ocrx_word' id='word_1_713' title='bbox 418 5029 525 5091; x_wconf 73' lang='lat' dir='ltr'>(Eu:</span> <span class='ocrx_word' id='word_1_714' title='bbox 534 5029 664 5093; x_wconf 85' lang='lat' dir='ltr'>eod.)</span> <span class='ocrx_word' id='word_1_715' title='bbox 680 5033 863 5082; x_wconf 71' lang='lat' dir='ltr'>aastus</span> <span class='ocrx_word' id='word_1_716' title='bbox 878 5030 1169 5090; x_wconf 87' lang='lat' dir='ltr'>vitiorum,</span> <span class='ocrx_word' id='word_1_717' title='bbox 1183 5032 1285 5083; x_wconf 91' lang='lat' dir='ltr'>sed</span> <span class='ocrx_word' id='word_1_718' title='bbox 1298 5031 1350 5099; x_wconf 87' lang='lat'><strong>3</strong></span> <span class='ocrx_word' id='word_1_719' title='bbox 1362 5030 1410 5099; x_wconf 86' lang='lat'><strong>0</strong></span> <span class='ocrx_word' id='word_1_720' title='bbox 1429 5032 1447 5099; x_wconf 97' lang='lat'><strong><em>|</em></strong></span> <span class='ocrx_word' id='word_1_721' title='bbox 1471 5047 1682 5099; x_wconf 85' lang='lat' dir='ltr'>magna</span> <span class='ocrx_word' id='word_1_722' title='bbox 1695 5029 1786 5088; x_wconf 75' lang='lat' dir='ltr'>eSt</span> <span class='ocrx_word' id='word_1_723' title='bbox 1803 5039 2009 5090; x_wconf 90' lang='lat' dir='ltr'>umbra</span> 
     </span>
    </p>
   </div>
   <div class='ocr_carea' id='block_1_71' title="bbox 417 5100 1912 5171">
    <p class='ocr_par' dir='ltr' id='par_1_71' title="bbox 417 5100 1912 5171">
     <span class='ocr_line' id='line_1_71' title="bbox 417 5100 1912 5171; baseline 0.006 -20"><span class='ocrx_word' id='word_1_724' title='bbox 417 5100 527 5171; x_wconf 86' lang='lat' dir='ltr'>sub</span> <span class='ocrx_word' id='word_1_725' title='bbox 555 5101 660 5152; x_wconf 88' lang='lat' dir='ltr'>alis</span> <span class='ocrx_word' id='word_1_726' title='bbox 693 5101 813 5154; x_wconf 91' lang='lat' dir='ltr'>Dei.</span> <span class='ocrx_word' id='word_1_727' title='bbox 839 5103 909 5153; x_wconf 88' lang='lat' dir='ltr'>Et</span> <span class='ocrx_word' id='word_1_728' title='bbox 929 5101 1060 5153; x_wconf 89' lang='lat' dir='ltr'>ideo</span> <span class='ocrx_word' id='word_1_729' title='bbox 1081 5104 1272 5154; x_wconf 91' lang='lat' dir='ltr'>certus</span> <span class='ocrx_word' id='word_1_730' title='bbox 1296 5116 1428 5154; x_wconf 90' lang='lat' dir='ltr'>sum</span> <span class='ocrx_word' id='word_1_731' title='bbox 1452 5103 1521 5155; x_wconf 91' lang='lat' dir='ltr'>de</span> <span class='ocrx_word' id='word_1_732' title='bbox 1545 5109 1912 5171; x_wconf 85' lang='lat' dir='ltr'>protectione,</span> 
     </span>
    </p>
   </div>
   <div class='ocr_carea' id='block_1_72' title="bbox 479 5170 2009 5243">
    <p class='ocr_par' dir='ltr' id='par_1_72' title="bbox 479 5170 2009 5243">
     <span class='ocr_line' id='line_1_72' title="bbox 479 5170 2009 5243; baseline 0.004 -18"><span class='ocrx_word' id='word_1_733' title='bbox 479 5170 528 5225; x_wconf 83' lang='lat'>6.</span> <span class='ocrx_word' id='word_1_734' title='bbox 566 5174 837 5232; x_wconf 84' lang='lat' dir='ltr'>Quoniam</span> <span class='ocrx_word' id='word_1_735' title='bbox 852 5179 928 5233; x_wconf 87' lang='lat' dir='ltr'>tu,</span> <span class='ocrx_word' id='word_1_736' title='bbox 942 5173 1098 5231; x_wconf 82' lang='lat' dir='ltr'>Deus,</span> <span class='ocrx_word' id='word_1_737' title='bbox 1116 5174 1389 5223; x_wconf 73' lang='lat' dir='ltr'>exaudisti</span> <span class='ocrx_word' id='word_1_738' title='bbox 1408 5178 1707 5226; x_wconf 83' lang='lat' dir='ltr'>orationem</span> <span class='ocrx_word' id='word_1_739' title='bbox 1722 5194 1917 5243; x_wconf 86' lang='lat' dir='ltr'>meam,</span> <span class='ocrx_word' id='word_1_740' title='bbox 1937 5179 2009 5231; x_wconf 87' lang='lat' dir='ltr'>de</span> 
     </span>
    </p>
   </div>
   <div class='ocr_carea' id='block_1_73' title="bbox 415 5244 2007 5308">
    <p class='ocr_par' dir='ltr' id='par_1_73' title="bbox 415 5244 2007 5308">
     <span class='ocr_line' id='line_1_73' title="bbox 415 5244 2007 5308; baseline 0.004 -15"><span class='ocrx_word' id='word_1_741' title='bbox 415 5244 792 5308; x_wconf 81' lang='lat' dir='ltr'>percipiendis</span> <span class='ocrx_word' id='word_1_742' title='bbox 818 5244 1005 5295; x_wconf 85' lang='lat' dir='ltr'>bonis.</span> <span class='ocrx_word' id='word_1_743' title='bbox 1038 5244 1242 5294; x_wconf 77' lang='lat' dir='ltr'>Dedisti</span> <span class='ocrx_word' id='word_1_744' title='bbox 1290 5246 1647 5297; x_wconf 60' lang='lat' dir='ltr'>hereditatem</span> <span class='ocrx_word' id='word_1_745' title='bbox 1699 5250 2007 5299; x_wconf 80' lang='lat' dir='ltr'>timentibus</span> 
     </span>
    </p>
   </div>
   <div class='ocr_carea' id='block_1_74' title="bbox 414 5314 2008 5380">
    <p class='ocr_par' dir='ltr' id='par_1_74' title="bbox 414 5314 2008 5380">
     <span class='ocr_line' id='line_1_74' title="bbox 414 5314 2008 5380; baseline 0.005 -19"><span class='ocrx_word' id='word_1_746' title='bbox 414 5328 612 5363; x_wconf 79' lang='lat' dir='ltr'>nomen</span> <span class='ocrx_word' id='word_1_747' title='bbox 626 5320 776 5363; x_wconf 84' lang='lat' dir='ltr'>tuum</span> <span class='ocrx_word' id='word_1_748' title='bbox 786 5314 1083 5366; x_wconf 86' lang='lat' dir='ltr'>.Beneﬂcia</span> <span class='ocrx_word' id='word_1_749' title='bbox 1091 5319 1285 5367; x_wconf 90' lang='lat' dir='ltr'>autem</span> <span class='ocrx_word' id='word_1_750' title='bbox 1302 5315 1877 5380; x_wconf 78' lang='lat' dir='ltr'>collata,argumentum</span> <span class='ocrx_word' id='word_1_751' title='bbox 1890 5329 2008 5369; x_wconf 86' lang='lat' dir='ltr'>sunt</span> 
     </span>
    </p>
   </div>
   <div class='ocr_carea' id='block_1_75' title="bbox 411 5384 2004 5455">
    <p class='ocr_par' dir='ltr' id='par_1_75' title="bbox 411 5384 2004 5455">
     <span class='ocr_line' id='line_1_75' title="bbox 411 5384 2004 5455; baseline 0.005 -20"><span class='ocrx_word' id='word_1_752' title='bbox 411 5385 753 5455; x_wconf 78' lang='lat' dir='ltr'>futurorum.</span> <span class='ocrx_word' id='word_1_753' title='bbox 788 5384 1184 5437; x_wconf 82' lang='lat' dir='ltr'>Admonemur</span> <span class='ocrx_word' id='word_1_754' title='bbox 1226 5386 1319 5438; x_wconf 87' lang='lat' dir='ltr'>hic</span> <span class='ocrx_word' id='word_1_755' title='bbox 1352 5400 1468 5439; x_wconf 92' lang='lat' dir='ltr'>non</span> <span class='ocrx_word' id='word_1_756' title='bbox 1512 5402 1737 5442; x_wconf 91' lang='lat' dir='ltr'>cessare</span> <span class='ocrx_word' id='word_1_757' title='bbox 1774 5391 2004 5455; x_wconf 79' lang='lat' dir='ltr'>orando,</span> 
     </span>
    </p>
   </div>
   <div class='ocr_carea' id='block_1_76' title="bbox 413 5454 2010 5525">
    <p class='ocr_par' dir='ltr' id='par_1_76' title="bbox 413 5454 2010 5525">
     <span class='ocr_line' id='line_1_76' title="bbox 413 5454 2010 5525; baseline 0.005 -20"><span class='ocrx_word' id='word_1_758' title='bbox 413 5454 671 5518; x_wconf 90' lang='lat' dir='ltr'>quandiu</span> <span class='ocrx_word' id='word_1_759' title='bbox 693 5459 926 5520; x_wconf 90' lang='lat' dir='ltr'>tempus</span> <span class='ocrx_word' id='word_1_760' title='bbox 948 5459 1040 5507; x_wconf 90' lang='lat' dir='ltr'>est</span> <span class='ocrx_word' id='word_1_761' title='bbox 1059 5458 1460 5509; x_wconf 89' lang='lat' dir='ltr'>tentationum.</span> <span class='ocrx_word' id='word_1_762' title='bbox 1483 5460 1652 5512; x_wconf 88' lang='lat' dir='ltr'>Orate</span> <span class='ocrx_word' id='word_1_763' title='bbox 1680 5462 1882 5525; x_wconf 90' lang='lat' dir='ltr'>(inquit</span> <span class='ocrx_word' id='word_1_764' title='bbox 1904 5454 2010 5513; x_wconf 89' lang='lat' dir='ltr'>Do-</span> 
     </span>
    </p>
   </div>
   <div class='ocr_carea' id='block_1_77' title="bbox 412 5526 2005 5588">
    <p class='ocr_par' dir='ltr' id='par_1_77' title="bbox 412 5526 2005 5588">
     <span class='ocr_line' id='line_1_77' title="bbox 412 5526 2005 5588; baseline 0.004 -13"><span class='ocrx_word' id='word_1_765' title='bbox 412 5526 631 5588; x_wconf 89' lang='lat' dir='ltr'>minus)</span> <span class='ocrx_word' id='word_1_766' title='bbox 654 5531 721 5577; x_wconf 95' lang='lat' dir='ltr'>ut</span> <span class='ocrx_word' id='word_1_767' title='bbox 743 5538 862 5577; x_wconf 91' lang='lat' dir='ltr'>non</span> <span class='ocrx_word' id='word_1_768' title='bbox 883 5527 1110 5579; x_wconf 89' lang='lat' dir='ltr'>intretis</span> <span class='ocrx_word' id='word_1_769' title='bbox 1153 5528 1215 5579; x_wconf 92' lang='lat' dir='ltr'>in</span> <span class='ocrx_word' id='word_1_770' title='bbox 1247 5529 1638 5582; x_wconf 87' lang='lat' dir='ltr'>tentationem.</span> <span class='ocrx_word' id='word_1_771' title='bbox 1673 5533 1864 5584; x_wconf 87' lang='lat' dir='ltr'>Oratio</span> <span class='ocrx_word' id='word_1_772' title='bbox 1898 5532 2005 5583; x_wconf 84' lang='lat' dir='ltr'>fre-</span> 
     </span>
    </p>
   </div>
   <div class='ocr_carea' id='block_1_78' title="bbox 414 5596 2007 5665">
    <p class='ocr_par' dir='ltr' id='par_1_78' title="bbox 414 5596 2007 5665">
     <span class='ocr_line' id='line_1_78' title="bbox 414 5596 2007 5665; baseline 0.004 -20"><span class='ocrx_word' id='word_1_773' title='bbox 414 5606 598 5658; x_wconf 88' lang='lat' dir='ltr'>quens</span> <span class='ocrx_word' id='word_1_774' title='bbox 626 5596 836 5647; x_wconf 89' lang='lat' dir='ltr'>diaboli</span> <span class='ocrx_word' id='word_1_775' title='bbox 852 5596 1044 5659; x_wconf 88' lang='lat' dir='ltr'>jacula</span> <span class='ocrx_word' id='word_1_776' title='bbox 1067 5600 1392 5652; x_wconf 89' lang='lat' dir='ltr'>submovet.</span> <span class='ocrx_word' id='word_1_777' title='bbox 1420 5602 1526 5653; x_wconf 64' lang='lat' dir='ltr'>Hae</span> <span class='ocrx_word' id='word_1_778' title='bbox 1546 5603 1724 5665; x_wconf 82' lang='lat' dir='ltr'>prima</span> <span class='ocrx_word' id='word_1_779' title='bbox 1737 5608 1827 5655; x_wconf 90' lang='lat' dir='ltr'>est</span> <span class='ocrx_word' id='word_1_780' title='bbox 1850 5606 2007 5652; x_wconf 81' lang='lat' dir='ltr'>virtus</span> 
     </span>
    </p>
   </div>
   <div class='ocr_carea' id='block_1_79' title="bbox 411 5665 2010 5739">
    <p class='ocr_par' dir='ltr' id='par_1_79' title="bbox 411 5665 2010 5739">
     <span class='ocr_line' id='line_1_79' title="bbox 411 5665 2010 5739; baseline 0.007 -24"><span class='ocrx_word' id='word_1_781' title='bbox 411 5665 697 5717; x_wconf 88' lang='lat' dir='ltr'>adversus</span> <span class='ocrx_word' id='word_1_782' title='bbox 722 5668 1102 5720; x_wconf 86' lang='lat' dir='ltr'>tentaticnum</span> <span class='ocrx_word' id='word_1_783' title='bbox 1122 5670 1411 5724; x_wconf 87' lang='lat' dir='ltr'>incursus.</span> <span class='ocrx_word' id='word_1_784' title='bbox 1436 5672 1588 5725; x_wconf 86' lang='lat' dir='ltr'>Nihil</span> <span class='ocrx_word' id='word_1_785' title='bbox 1606 5675 1801 5727; x_wconf 88' lang='lat' dir='ltr'>utilius</span> <span class='ocrx_word' id='word_1_786' title='bbox 1819 5676 2010 5739; x_wconf 89' lang='lat' dir='ltr'>potest</span> 
     </span>
    </p>
   </div>
   <div class='ocr_carea' id='block_1_80' title="bbox 2031 3147 2082 3222">
    <p class='ocr_par' dir='ltr' id='par_1_80' title="bbox 2031 3147 2082 3222">
     <span class='ocr_line' id='line_1_80' title="bbox 2031 3147 2082 3222; baseline 0 0"><span class='ocrx_word' id='word_1_787' title='bbox 2031 3147 2082 3222; x_wconf 89' lang='lat' dir='ltr'>C</span> 
     </span>
    </p>
   </div>
   <div class='ocr_carea' id='block_1_81' title="bbox 2100 1842 3741 1907">
    <p class='ocr_par' dir='ltr' id='par_1_81' title="bbox 2100 1842 3741 1907">
     <span class='ocr_line' id='line_1_81' title="bbox 2100 1842 3741 1907; baseline 0.004 -17"><span class='ocrx_word' id='word_1_788' title='bbox 2100 1843 2163 1891; x_wconf 83' lang='lat' dir='ltr'>in</span> <span class='ocrx_word' id='word_1_789' title='bbox 2186 1842 2329 1892; x_wconf 86' lang='lat' dir='ltr'>diem</span> <span class='ocrx_word' id='word_1_790' title='bbox 2349 1844 2711 1906; x_wconf 77' lang='lat' dir='ltr'>generationis</span> <span class='ocrx_word' id='word_1_791' title='bbox 2722 1844 3047 1907; x_wconf 64' lang='lat' dir='ltr'>praesentis,</span> <span class='ocrx_word' id='word_1_792' title='bbox 3066 1849 3110 1892; x_wconf 88' lang='lat' dir='ltr'>et</span> <span class='ocrx_word' id='word_1_793' title='bbox 3121 1845 3515 1907; x_wconf 73' lang='lat' dir='ltr'>genera/iouis</span> <span class='ocrx_word' id='word_1_794' title='bbox 3528 1845 3741 1897; x_wconf 65' lang='lat' dir='ltr'>futurae</span> 
     </span>
    </p>
   </div>
   <div class='ocr_carea' id='block_1_82' title="bbox 2101 1913 3739 1979">
    <p class='ocr_par' dir='ltr' id='par_1_82' title="bbox 2101 1913 3739 1979">
     <span class='ocr_line' id='line_1_82' title="bbox 2101 1913 3739 1979; baseline -0.001 -14"><span class='ocrx_word' id='word_1_795' title='bbox 2101 1913 2194 1965; x_wconf 88' lang='lat' dir='ltr'>vel</span> <span class='ocrx_word' id='word_1_796' title='bbox 2222 1914 2607 1978; x_wconf 88' lang='lat' dir='ltr'>generationis</span> <span class='ocrx_word' id='word_1_797' title='bbox 2619 1918 2919 1971; x_wconf 65' lang='lat' dir='ltr'>carneaa,et</span> <span class='ocrx_word' id='word_1_798' title='bbox 2936 1914 3253 1976; x_wconf 87' lang='lat' dir='ltr'>spiritualis</span> <span class='ocrx_word' id='word_1_799' title='bbox 3270 1932 3282 1963; x_wconf 89' lang='lat'><strong>:</strong></span> <span class='ocrx_word' id='word_1_800' title='bbox 3304 1917 3430 1965; x_wconf 85' lang='lat' dir='ltr'>tem</span> <span class='ocrx_word' id='word_1_801' title='bbox 3438 1915 3683 1979; x_wconf 80' lang='lat' dir='ltr'>poralis,</span> <span class='ocrx_word' id='word_1_802' title='bbox 3698 1923 3739 1964; x_wconf 77' lang='lat' dir='ltr'>et</span> 
     </span>
    </p>
   </div>
   <div class='ocr_carea' id='block_1_83' title="bbox 2102 1986 3738 2049">
    <p class='ocr_par' dir='ltr' id='par_1_83' title="bbox 2102 1986 3738 2049">
     <span class='ocr_line' id='line_1_83' title="bbox 2102 1986 3738 2049; baseline -0.001 -12"><span class='ocrx_word' id='word_1_803' title='bbox 2102 1987 2353 2037; x_wconf 58' lang='lat' dir='ltr'>interna.</span> <span class='ocrx_word' id='word_1_804' title='bbox 2380 1987 2450 2036; x_wconf 87' lang='lat' dir='ltr'>Et</span> <span class='ocrx_word' id='word_1_805' title='bbox 2473 1987 2593 2049; x_wconf 89' lang='lat' dir='ltr'>ipse</span> <span class='ocrx_word' id='word_1_806' title='bbox 2616 1997 2736 2048; x_wconf 81' lang='lat' dir='ltr'>rex,</span> <span class='ocrx_word' id='word_1_807' title='bbox 2753 1998 2887 2036; x_wconf 91' lang='lat' dir='ltr'>cum</span> <span class='ocrx_word' id='word_1_808' title='bbox 2903 1986 3276 2048; x_wconf 83' lang='lat' dir='ltr'>generatione</span> <span class='ocrx_word' id='word_1_809' title='bbox 3290 1998 3429 2043; x_wconf 87' lang='lat' dir='ltr'>sua,</span> <span class='ocrx_word' id='word_1_810' title='bbox 3451 1991 3738 2036; x_wconf 68' lang='lat' dir='ltr'>Permanet</span> 
     </span>
    </p>
   </div>
   <div class='ocr_carea' id='block_1_84' title="bbox 2101 2055 3735 2119">
    <p class='ocr_par' dir='ltr' id='par_1_84' title="bbox 2101 2055 3735 2119">
     <span class='ocr_line' id='line_1_84' title="bbox 2101 2055 3735 2119; baseline 0.003 -15"><span class='ocrx_word' id='word_1_811' title='bbox 2101 2056 2165 2105; x_wconf 80' lang='lat' dir='ltr'>in</span> <span class='ocrx_word' id='word_1_812' title='bbox 2189 2061 2448 2105; x_wconf 77' lang='lat' dir='ltr'>aeternum</span> <span class='ocrx_word' id='word_1_813' title='bbox 2471 2056 2534 2103; x_wconf 83' lang='lat' dir='ltr'>in</span> <span class='ocrx_word' id='word_1_814' title='bbox 2558 2060 2835 2119; x_wconf 83' lang='lat' dir='ltr'>conspectu</span> <span class='ocrx_word' id='word_1_815' title='bbox 2862 2055 2975 2104; x_wconf 83' lang='lat' dir='ltr'>Dei.</span> <span class='ocrx_word' id='word_1_816' title='bbox 3003 2058 3145 2107; x_wconf 65' lang='lat' dir='ltr'>Ilaec</span> <span class='ocrx_word' id='word_1_817' title='bbox 3162 2059 3253 2106; x_wconf 87' lang='lat' dir='ltr'>est</span> <span class='ocrx_word' id='word_1_818' title='bbox 3270 2062 3487 2107; x_wconf 89' lang='lat' dir='ltr'>autem</span> <span class='ocrx_word' id='word_1_819' title='bbox 3509 2070 3735 2109; x_wconf 75' lang='lat' dir='ltr'>meroes</span> 
     </span>
    </p>
   </div>
   <div class='ocr_carea' id='block_1_85' title="bbox 2103 2125 3731 2192">
    <p class='ocr_par' dir='ltr' id='par_1_85' title="bbox 2103 2125 3731 2192">
     <span class='ocr_line' id='line_1_85' title="bbox 2103 2125 3731 2192; baseline -0.001 -14"><span class='ocrx_word' id='word_1_820' title='bbox 2103 2131 2433 2178; x_wconf 84' lang='lat' dir='ltr'>sanctorum</span> <span class='ocrx_word' id='word_1_821' title='bbox 2456 2125 2635 2190; x_wconf 85' lang='lat' dir='ltr'>gloria</span> <span class='ocrx_word' id='word_1_822' title='bbox 2658 2126 2902 2178; x_wconf 89' lang='lat' dir='ltr'>visionis</span> <span class='ocrx_word' id='word_1_823' title='bbox 2917 2126 3039 2178; x_wconf 89' lang='lat' dir='ltr'>Dei.</span> <span class='ocrx_word' id='word_1_824' title='bbox 3070 2127 3220 2177; x_wconf 81' lang='lat' dir='ltr'>Hinc</span> <span class='ocrx_word' id='word_1_825' title='bbox 3257 2131 3599 2192; x_wconf 85' lang='lat' dir='ltr'>Apostolus</span> <span class='ocrx_word' id='word_1_826' title='bbox 3626 2130 3731 2179; x_wconf 86' lang='lat' dir='ltr'>ait:</span> 
     </span>
    </p>
   </div>
   <div class='ocr_carea' id='block_1_86' title="bbox 2104 2196 3735 2261">
    <p class='ocr_par' dir='ltr' id='par_1_86' title="bbox 2104 2196 3735 2261">
     <span class='ocr_line' id='line_1_86' title="bbox 2104 2196 3735 2261; baseline -0.002 -12"><span class='ocrx_word' id='word_1_827' title='bbox 2104 2196 2329 2249; x_wconf 88' lang='lat' dir='ltr'>Similes</span> <span class='ocrx_word' id='word_1_828' title='bbox 2353 2198 2404 2248; x_wconf 91' lang='lat' dir='ltr'>ei</span> <span class='ocrx_word' id='word_1_829' title='bbox 2426 2198 2660 2261; x_wconf 91' lang='lat' dir='ltr'>erimus,</span> <span class='ocrx_word' id='word_1_830' title='bbox 2678 2198 2953 2259; x_wconf 91' lang='lat' dir='ltr'>quoniam</span> <span class='ocrx_word' id='word_1_831' title='bbox 2976 2197 3311 2249; x_wconf 89' lang='lat' dir='ltr'>videbimus</span> <span class='ocrx_word' id='word_1_832' title='bbox 3328 2211 3478 2249; x_wconf 88' lang='lat' dir='ltr'>eum</span> <span class='ocrx_word' id='word_1_833' title='bbox 3495 2202 3655 2248; x_wconf 77' lang='lat' dir='ltr'>sicuti</span> <span class='ocrx_word' id='word_1_834' title='bbox 3668 2208 3735 2248; x_wconf 83' lang='lat' dir='ltr'>est</span> 
     </span>
    </p>
   </div>
   <div class='ocr_carea' id='block_1_87' title="bbox 2102 2268 3735 2333">
    <p class='ocr_par' dir='ltr' id='par_1_87' title="bbox 2102 2268 3735 2333">
     <span class='ocr_line' id='line_1_87' title="bbox 2102 2268 3735 2333; baseline -0.003 -10"><span class='ocrx_word' id='word_1_835' title='bbox 2102 2268 2444 2331; x_wconf 81' lang='lat' dir='ltr'>(i.Joan.3.).</span> <span class='ocrx_word' id='word_1_836' title='bbox 2459 2269 2672 2331; x_wconf 86' lang='lat' dir='ltr'>thuia</span> <span class='ocrx_word' id='word_1_837' title='bbox 2688 2272 2849 2320; x_wconf 86' lang='lat' dir='ltr'>tanta</span> <span class='ocrx_word' id='word_1_838' title='bbox 2861 2273 2952 2320; x_wconf 91' lang='lat' dir='ltr'>est</span> <span class='ocrx_word' id='word_1_839' title='bbox 2962 2270 3068 2320; x_wconf 90' lang='lat' dir='ltr'>Dei</span> <span class='ocrx_word' id='word_1_840' title='bbox 3082 2270 3513 2333; x_wconf 87' lang='lat' dir='ltr'>remuneratio,</span> <span class='ocrx_word' id='word_1_841' title='bbox 3527 2275 3590 2322; x_wconf 91' lang='lat' dir='ltr'>et</span> <span class='ocrx_word' id='word_1_842' title='bbox 3607 2279 3735 2319; x_wconf 74' lang='lat' dir='ltr'>tanta</span> 
     </span>
    </p>
   </div>
   <div class='ocr_carea' id='block_1_88' title="bbox 2103 2338 3730 2404">
    <p class='ocr_par' dir='ltr' id='par_1_88' title="bbox 2103 2338 3730 2404">
     <span class='ocr_line' id='line_1_88' title="bbox 2103 2338 3730 2404; baseline -0.002 -13"><span class='ocrx_word' id='word_1_843' title='bbox 2103 2344 2195 2392; x_wconf 88' lang='lat' dir='ltr'>est</span> <span class='ocrx_word' id='word_1_844' title='bbox 2233 2338 2525 2391; x_wconf 80' lang='lat' dir='ltr'>beatitudo</span> <span class='ocrx_word' id='word_1_845' title='bbox 2557 2354 2573 2388; x_wconf 92' lang='lat'><strong><em>:</em></strong></span> <span class='ocrx_word' id='word_1_846' title='bbox 2613 2339 3048 2388; x_wconf 77' lang='lat' dir='ltr'>Misericordiam</span> <span class='ocrx_word' id='word_1_847' title='bbox 3072 2345 3117 2388; x_wconf 89' lang='lat' dir='ltr'>et</span> <span class='ocrx_word' id='word_1_848' title='bbox 3150 2340 3442 2389; x_wconf 77' lang='lat' dir='ltr'>veritatem</span> <span class='ocrx_word' id='word_1_849' title='bbox 3467 2341 3590 2403; x_wconf 76' lang='lat' dir='ltr'>ejus</span> <span class='ocrx_word' id='word_1_850' title='bbox 3613 2342 3730 2404; x_wconf 80' lang='lat' dir='ltr'>quis</span> 
     </span>
    </p>
   </div>
   <div class='ocr_carea' id='block_1_89' title="bbox 2102 2409 3731 2474">
    <p class='ocr_par' dir='ltr' id='par_1_89' title="bbox 2102 2409 3731 2474">
     <span class='ocr_line' id='line_1_89' title="bbox 2102 2409 3731 2474; baseline 0 -15"><span class='ocrx_word' id='word_1_851' title='bbox 2102 2411 2372 2474; x_wconf 77' lang='lat' dir='ltr'>requiret?</span> <span class='ocrx_word' id='word_1_852' title='bbox 2388 2409 2775 2462; x_wconf 84' lang='lat' dir='ltr'>Misericordia</span> <span class='ocrx_word' id='word_1_853' title='bbox 2789 2409 3016 2473; x_wconf 89' lang='lat' dir='ltr'>dicitur,</span> <span class='ocrx_word' id='word_1_854' title='bbox 3029 2411 3169 2473; x_wconf 90' lang='lat' dir='ltr'>quia</span> <span class='ocrx_word' id='word_1_855' title='bbox 3184 2423 3310 2462; x_wconf 91' lang='lat' dir='ltr'>non</span> <span class='ocrx_word' id='word_1_856' title='bbox 3322 2412 3546 2463; x_wconf 84' lang='lat' dir='ltr'>merita</span> <span class='ocrx_word' id='word_1_857' title='bbox 3565 2420 3731 2460; x_wconf 79' lang='lat' dir='ltr'>nostra</span> 
     </span>
    </p>
   </div>
   <div class='ocr_carea' id='block_1_90' title="bbox 2104 2481 3730 2547">
    <p class='ocr_par' dir='ltr' id='par_1_90' title="bbox 2104 2481 3730 2547">
     <span class='ocr_line' id='line_1_90' title="bbox 2104 2481 3730 2547; baseline 0 -15"><span class='ocrx_word' id='word_1_858' title='bbox 2104 2481 2349 2533; x_wconf 88' lang='lat' dir='ltr'>attendit</span> <span class='ocrx_word' id='word_1_859' title='bbox 2387 2483 2562 2544; x_wconf 91' lang='lat' dir='ltr'>Deus,</span> <span class='ocrx_word' id='word_1_860' title='bbox 2604 2482 2705 2532; x_wconf 89' lang='lat' dir='ltr'>sed</span> <span class='ocrx_word' id='word_1_861' title='bbox 2747 2482 3068 2533; x_wconf 86' lang='lat' dir='ltr'>bonitatem</span> <span class='ocrx_word' id='word_1_862' title='bbox 3108 2493 3282 2533; x_wconf 89' lang='lat' dir='ltr'>suam</span> <span class='ocrx_word' id='word_1_863' title='bbox 3330 2500 3341 2530; x_wconf 93' lang='lat'>:</span> <span class='ocrx_word' id='word_1_864' title='bbox 3384 2488 3459 2534; x_wconf 89' lang='lat' dir='ltr'>ut</span> <span class='ocrx_word' id='word_1_865' title='bbox 3492 2488 3730 2547; x_wconf 83' lang='lat' dir='ltr'>peccata</span> 
     </span>
    </p>
   </div>
   <div class='ocr_carea' id='block_1_91' title="bbox 2104 2551 3729 2617">
    <p class='ocr_par' dir='ltr' id='par_1_91' title="bbox 2104 2551 3729 2617">
     <span class='ocr_line' id='line_1_91' title="bbox 2104 2551 3729 2617; baseline -0.001 -14"><span class='ocrx_word' id='word_1_866' title='bbox 2104 2556 2303 2603; x_wconf 90' lang='lat' dir='ltr'>nostra</span> <span class='ocrx_word' id='word_1_867' title='bbox 2314 2552 2482 2603; x_wconf 90' lang='lat' dir='ltr'>nobis</span> <span class='ocrx_word' id='word_1_868' title='bbox 2507 2551 2837 2615; x_wconf 88' lang='lat' dir='ltr'>dimitteret,</span> <span class='ocrx_word' id='word_1_869' title='bbox 2852 2556 2910 2602; x_wconf 90' lang='lat' dir='ltr'>et</span> <span class='ocrx_word' id='word_1_870' title='bbox 2929 2551 3110 2603; x_wconf 89' lang='lat' dir='ltr'>vitam</span> <span class='ocrx_word' id='word_1_871' title='bbox 3134 2558 3425 2604; x_wconf 71' lang='lat' dir='ltr'>aeternam</span> <span class='ocrx_word' id='word_1_872' title='bbox 3440 2552 3729 2617; x_wconf 69' lang='lat' dir='ltr'>promitte</span> 
     </span>
    </p>
   </div>
   <div class='ocr_carea' id='block_1_92' title="bbox 2104 2623 3725 2686">
    <p class='ocr_par' dir='ltr' id='par_1_92' title="bbox 2104 2623 3725 2686">
     <span class='ocr_line' id='line_1_92' title="bbox 2104 2623 3725 2686; baseline -0.001 -12"><span class='ocrx_word' id='word_1_873' title='bbox 2104 2628 2207 2674; x_wconf 90' lang='lat' dir='ltr'>ret.</span> <span class='ocrx_word' id='word_1_874' title='bbox 2242 2623 2466 2674; x_wconf 76' lang='lat' dir='ltr'>Veritas</span> <span class='ocrx_word' id='word_1_875' title='bbox 2508 2626 2720 2681; x_wconf 88' lang='lat' dir='ltr'>autem,</span> <span class='ocrx_word' id='word_1_876' title='bbox 2766 2623 2899 2685; x_wconf 89' lang='lat' dir='ltr'>quia</span> <span class='ocrx_word' id='word_1_877' title='bbox 2946 2635 3063 2673; x_wconf 92' lang='lat' dir='ltr'>non</span> <span class='ocrx_word' id='word_1_878' title='bbox 3102 2623 3247 2675; x_wconf 79' lang='lat' dir='ltr'>fallit</span> <span class='ocrx_word' id='word_1_879' title='bbox 3268 2624 3543 2686; x_wconf 88' lang='lat' dir='ltr'>reddere,</span> <span class='ocrx_word' id='word_1_880' title='bbox 3575 2623 3725 2686; x_wconf 90' lang='lat' dir='ltr'>quod</span> 
     </span>
    </p>
   </div>
   <div class='ocr_carea' id='block_1_93' title="bbox 2105 2693 3724 2760">
    <p class='ocr_par' dir='ltr' id='par_1_93' title="bbox 2105 2693 3724 2760">
     <span class='ocr_line' id='line_1_93' title="bbox 2105 2693 3724 2760; baseline -0.001 -15"><span class='ocrx_word' id='word_1_881' title='bbox 2105 2694 2382 2760; x_wconf 89' lang='lat' dir='ltr'>promisit.</span> <span class='ocrx_word' id='word_1_882' title='bbox 2423 2696 2824 2757; x_wconf 81' lang='lat' dir='ltr'>Agnoscamus</span> <span class='ocrx_word' id='word_1_883' title='bbox 2860 2693 2953 2744; x_wconf 87' lang='lat' dir='ltr'>hic</span> <span class='ocrx_word' id='word_1_884' title='bbox 2976 2707 3105 2745; x_wconf 88' lang='lat' dir='ltr'>eam</span> <span class='ocrx_word' id='word_1_885' title='bbox 3121 2696 3182 2745; x_wconf 91' lang='lat' dir='ltr'>et</span> <span class='ocrx_word' id='word_1_886' title='bbox 3205 2707 3339 2758; x_wconf 88' lang='lat' dir='ltr'>nos,</span> <span class='ocrx_word' id='word_1_887' title='bbox 3367 2697 3429 2746; x_wconf 90' lang='lat' dir='ltr'>et</span> <span class='ocrx_word' id='word_1_888' title='bbox 3446 2694 3724 2745; x_wconf 83' lang='lat' dir='ltr'>faciamus</span> 
     </span>
    </p>
   </div>
   <div class='ocr_carea' id='block_1_94' title="bbox 2106 2763 3720 2827">
    <p class='ocr_par' dir='ltr' id='par_1_94' title="bbox 2106 2763 3720 2827">
     <span class='ocr_line' id='line_1_94' title="bbox 2106 2763 3720 2827; baseline -0.004 -10"><span class='ocrx_word' id='word_1_889' title='bbox 2106 2767 2172 2817; x_wconf 89' lang='lat' dir='ltr'>ut</span> <span class='ocrx_word' id='word_1_890' title='bbox 2183 2763 2471 2827; x_wconf 90' lang='lat' dir='ltr'>quomodo</span> <span class='ocrx_word' id='word_1_891' title='bbox 2486 2764 2654 2814; x_wconf 90' lang='lat' dir='ltr'>nobis</span> <span class='ocrx_word' id='word_1_892' title='bbox 2670 2763 2928 2814; x_wconf 80' lang='lat' dir='ltr'>exhibuit</span> <span class='ocrx_word' id='word_1_893' title='bbox 2942 2764 3407 2816; x_wconf 87' lang='lat' dir='ltr'>misericordiam</span> <span class='ocrx_word' id='word_1_894' title='bbox 3420 2766 3720 2813; x_wconf 81' lang='lat' dir='ltr'>dimittenda</span> 
     </span>
    </p>
   </div>
   <div class='ocr_carea' id='block_1_95' title="bbox 2104 2834 3717 2901">
    <p class='ocr_par' dir='ltr' id='par_1_95' title="bbox 2104 2834 3717 2901">
     <span class='ocr_line' id='line_1_95' title="bbox 2104 2834 3717 2901; baseline -0.002 -14"><span class='ocrx_word' id='word_1_895' title='bbox 2104 2839 2339 2901; x_wconf 89' lang='lat' dir='ltr'>peccata</span> <span class='ocrx_word' id='word_1_896' title='bbox 2363 2849 2376 2884; x_wconf 90' lang='lat'><strong>:</strong></span> <span class='ocrx_word' id='word_1_897' title='bbox 2403 2834 2718 2895; x_wconf 89' lang='lat' dir='ltr'>veritatem,</span> <span class='ocrx_word' id='word_1_898' title='bbox 2745 2834 2936 2886; x_wconf 90' lang='lat' dir='ltr'>dando</span> <span class='ocrx_word' id='word_1_899' title='bbox 2966 2835 3281 2899; x_wconf 87' lang='lat' dir='ltr'>promissa:</span> <span class='ocrx_word' id='word_1_900' title='bbox 3312 2835 3399 2886; x_wconf 91' lang='lat' dir='ltr'>sic</span> <span class='ocrx_word' id='word_1_901' title='bbox 3425 2838 3487 2886; x_wconf 89' lang='lat' dir='ltr'>et</span> <span class='ocrx_word' id='word_1_902' title='bbox 3512 2848 3623 2886; x_wconf 90' lang='lat' dir='ltr'>nos</span> <span class='ocrx_word' id='word_1_903' title='bbox 3644 2834 3717 2885; x_wconf 80' lang='lat' dir='ltr'>fa-</span> 
     </span>
    </p>
   </div>
   <div class='ocr_carea' id='block_1_96' title="bbox 2106 2904 3716 2969">
    <p class='ocr_par' dir='ltr' id='par_1_96' title="bbox 2106 2904 3716 2969">
     <span class='ocr_line' id='line_1_96' title="bbox 2106 2904 3716 2969; baseline -0.001 -12"><span class='ocrx_word' id='word_1_904' title='bbox 2106 2906 2327 2958; x_wconf 90' lang='lat' dir='ltr'>ciamus</span> <span class='ocrx_word' id='word_1_905' title='bbox 2350 2904 2444 2956; x_wconf 91' lang='lat' dir='ltr'>hic</span> <span class='ocrx_word' id='word_1_906' title='bbox 2459 2904 2905 2957; x_wconf 89' lang='lat' dir='ltr'>misericordiam</span> <span class='ocrx_word' id='word_1_907' title='bbox 2925 2905 3077 2957; x_wconf 89' lang='lat' dir='ltr'>circa</span> <span class='ocrx_word' id='word_1_908' title='bbox 3090 2910 3356 2969; x_wconf 88' lang='lat' dir='ltr'>egentes,</span> <span class='ocrx_word' id='word_1_909' title='bbox 3382 2905 3545 2957; x_wconf 89' lang='lat' dir='ltr'>circa</span> <span class='ocrx_word' id='word_1_910' title='bbox 3566 2906 3716 2957; x_wconf 78' lang='lat' dir='ltr'>iuﬁr-</span> 
     </span>
    </p>
   </div>
   <div class='ocr_carea' id='block_1_97' title="bbox 2106 2975 3714 3036">
    <p class='ocr_par' dir='ltr' id='par_1_97' title="bbox 2106 2975 3714 3036">
     <span class='ocr_line' id='line_1_97' title="bbox 2106 2975 3714 3036; baseline -0.001 -9"><span class='ocrx_word' id='word_1_911' title='bbox 2106 2987 2253 3036; x_wconf 91' lang='lat' dir='ltr'>mos,</span> <span class='ocrx_word' id='word_1_912' title='bbox 2279 2975 2428 3025; x_wconf 90' lang='lat' dir='ltr'>circa</span> <span class='ocrx_word' id='word_1_913' title='bbox 2460 2975 2635 3026; x_wconf 86' lang='lat' dir='ltr'>etiam</span> <span class='ocrx_word' id='word_1_914' title='bbox 2658 2975 2920 3027; x_wconf 90' lang='lat' dir='ltr'>inimicos</span> <span class='ocrx_word' id='word_1_915' title='bbox 2942 2978 3174 3027; x_wconf 87' lang='lat' dir='ltr'>nostros</span> <span class='ocrx_word' id='word_1_916' title='bbox 3202 2994 3213 3024; x_wconf 92' lang='lat'><strong>:</strong></span> <span class='ocrx_word' id='word_1_917' title='bbox 3243 2976 3568 3028; x_wconf 82' lang='lat' dir='ltr'>veritatem</span> <span class='ocrx_word' id='word_1_918' title='bbox 3590 2988 3714 3026; x_wconf 87' lang='lat' dir='ltr'>vero</span> 
     </span>
    </p>
   </div>
   <div class='ocr_carea' id='block_1_98' title="bbox 2107 3045 3721 3110">
    <p class='ocr_par' dir='ltr' id='par_1_98' title="bbox 2107 3045 3721 3110">
     <span class='ocr_line' id='line_1_98' title="bbox 2107 3045 3721 3110; baseline -0.002 -12"><span class='ocrx_word' id='word_1_919' title='bbox 2107 3058 2224 3098; x_wconf 87' lang='lat' dir='ltr'>non</span> <span class='ocrx_word' id='word_1_920' title='bbox 2247 3045 2554 3110; x_wconf 88' lang='lat' dir='ltr'>peccando,</span> <span class='ocrx_word' id='word_1_921' title='bbox 2568 3057 2675 3097; x_wconf 90' lang='lat' dir='ltr'>nec</span> <span class='ocrx_word' id='word_1_922' title='bbox 2698 3046 3019 3109; x_wconf 76' lang='lat' dir='ltr'>adjiciendo</span> <span class='ocrx_word' id='word_1_923' title='bbox 3040 3051 3350 3109; x_wconf 88' lang='lat' dir='ltr'>peccatum</span> <span class='ocrx_word' id='word_1_924' title='bbox 3365 3060 3549 3110; x_wconf 87' lang='lat' dir='ltr'>super</span> <span class='ocrx_word' id='word_1_925' title='bbox 3563 3060 3721 3108; x_wconf 77' lang='lat' dir='ltr'>pecca-</span> 
     </span>
    </p>
   </div>
   <div class='ocr_carea' id='block_1_99' title="bbox 2111 3111 3716 3180">
    <p class='ocr_par' dir='ltr' id='par_1_99' title="bbox 2111 3111 3716 3180">
     <span class='ocr_line' id='line_1_99' title="bbox 2111 3111 3716 3180; baseline -0.004 -13"><span class='ocrx_word' id='word_1_926' title='bbox 2111 3111 2255 3179; x_wconf 82' lang='lat' dir='ltr'>tuin,</span> <span class='ocrx_word' id='word_1_927' title='bbox 2286 3114 2421 3166; x_wconf 90' lang='lat' dir='ltr'>Ideo</span> <span class='ocrx_word' id='word_1_928' title='bbox 2446 3121 2642 3167; x_wconf 89' lang='lat' dir='ltr'>autem</span> <span class='ocrx_word' id='word_1_929' title='bbox 2659 3117 2770 3167; x_wconf 89' lang='lat' dir='ltr'>sub</span> <span class='ocrx_word' id='word_1_930' title='bbox 2782 3117 3253 3179; x_wconf 89' lang='lat' dir='ltr'>interrogatione,</span> <span class='ocrx_word' id='word_1_931' title='bbox 3271 3118 3449 3180; x_wconf 89' lang='lat' dir='ltr'>quasi</span> <span class='ocrx_word' id='word_1_932' title='bbox 3462 3118 3716 3164; x_wconf 82' lang='lat' dir='ltr'>invitando</span> 
     </span>
    </p>
   </div>
   <div class='ocr_carea' id='block_1_100' title="bbox 2111 3187 3715 3251">
    <p class='ocr_par' dir='ltr' id='par_1_100' title="bbox 2111 3187 3715 3251">
     <span class='ocr_line' id='line_1_100' title="bbox 2111 3187 3715 3251; baseline -0.001 -13"><span class='ocrx_word' id='word_1_933' title='bbox 2111 3187 2264 3250; x_wconf 89' lang='lat' dir='ltr'>dicit,</span> <span class='ocrx_word' id='word_1_934' title='bbox 2289 3188 2420 3246; x_wconf 75' lang='lat' dir='ltr'>Quis</span> <span class='ocrx_word' id='word_1_935' title='bbox 2443 3187 2717 3251; x_wconf 76' lang='lat' dir='ltr'>requiret?</span> <span class='ocrx_word' id='word_1_936' title='bbox 2741 3187 2882 3248; x_wconf 89' lang='lat' dir='ltr'>Quia</span> <span class='ocrx_word' id='word_1_937' title='bbox 2903 3188 3170 3251; x_wconf 86' lang='lat' dir='ltr'>quamvis</span> <span class='ocrx_word' id='word_1_938' title='bbox 3191 3187 3309 3239; x_wconf 88' lang='lat' dir='ltr'>hoc</span> <span class='ocrx_word' id='word_1_939' title='bbox 3323 3187 3715 3239; x_wconf 78' lang='lat' dir='ltr'>ineﬂ’abilebo-</span> 
     </span>
    </p>
   </div>
   <div class='ocr_carea' id='block_1_101' title="bbox 2105 3258 3718 3324">
    <p class='ocr_par' dir='ltr' id='par_1_101' title="bbox 2105 3258 3718 3324">
     <span class='ocr_line' id='line_1_101' title="bbox 2105 3258 3718 3324; baseline -0.001 -14"><span class='ocrx_word' id='word_1_940' title='bbox 2105 3271 2248 3310; x_wconf 87' lang='lat' dir='ltr'>num</span> <span class='ocrx_word' id='word_1_941' title='bbox 2275 3260 2368 3315; x_wconf 90' lang='lat' dir='ltr'>sit,</span> <span class='ocrx_word' id='word_1_942' title='bbox 2395 3261 2559 3324; x_wconf 89' lang='lat' dir='ltr'>pauci</span> <span class='ocrx_word' id='word_1_943' title='bbox 2578 3262 2715 3310; x_wconf 92' lang='lat' dir='ltr'>sunt</span> <span class='ocrx_word' id='word_1_944' title='bbox 2731 3263 2941 3315; x_wconf 85' lang='lat' dir='ltr'>tamen,</span> <span class='ocrx_word' id='word_1_945' title='bbox 2956 3258 3058 3321; x_wconf 92' lang='lat' dir='ltr'>qui</span> <span class='ocrx_word' id='word_1_946' title='bbox 3076 3259 3405 3322; x_wconf 82' lang='lat' dir='ltr'>requirant,</span> <span class='ocrx_word' id='word_1_947' title='bbox 3425 3265 3530 3310; x_wconf 81' lang='lat' dir='ltr'>aut</span> <span class='ocrx_word' id='word_1_948' title='bbox 3547 3259 3718 3321; x_wconf 87' lang='lat' dir='ltr'>requi-</span> 
     </span>
    </p>
   </div>
   <div class='ocr_carea' id='block_1_102' title="bbox 2107 3329 3713 3394">
    <p class='ocr_par' dir='ltr' id='par_1_102' title="bbox 2107 3329 3713 3394">
     <span class='ocr_line' id='line_1_102' title="bbox 2107 3329 3713 3394; baseline -0.001 -13"><span class='ocrx_word' id='word_1_949' title='bbox 2107 3335 2298 3382; x_wconf 90' lang='lat' dir='ltr'>rentes</span> <span class='ocrx_word' id='word_1_950' title='bbox 2339 3335 2723 3394; x_wconf 86' lang='lat' dir='ltr'>perseverent.</span> <span class='ocrx_word' id='word_1_951' title='bbox 2774 3331 2956 3380; x_wconf 89' lang='lat' dir='ltr'>Tanta</span> <span class='ocrx_word' id='word_1_952' title='bbox 2977 3333 3070 3381; x_wconf 87' lang='lat' dir='ltr'>est</span> <span class='ocrx_word' id='word_1_953' title='bbox 3100 3330 3367 3380; x_wconf 89' lang='lat' dir='ltr'>humana</span> <span class='ocrx_word' id='word_1_954' title='bbox 3388 3330 3641 3389; x_wconf 80' lang='lat' dir='ltr'>miseria,</span> <span class='ocrx_word' id='word_1_955' title='bbox 3663 3329 3713 3379; x_wconf 89' lang='lat' dir='ltr'>in</span> 
     </span>
    </p>
   </div>
   <div class='ocr_carea' id='block_1_103' title="bbox 2109 3401 3711 3465">
    <p class='ocr_par' dir='ltr' id='par_1_103' title="bbox 2109 3401 3711 3465">
     <span class='ocr_line' id='line_1_103' title="bbox 2109 3401 3711 3465; baseline -0.003 -12"><span class='ocrx_word' id='word_1_956' title='bbox 2109 3405 2335 3453; x_wconf 85' lang='lat' dir='ltr'>tantum</span> <span class='ocrx_word' id='word_1_957' title='bbox 2348 3401 2668 3453; x_wconf 90' lang='lat' dir='ltr'>abundavit</span> <span class='ocrx_word' id='word_1_958' title='bbox 2682 3401 2972 3464; x_wconf 80' lang='lat' dir='ltr'>iniquitas,</span> <span class='ocrx_word' id='word_1_959' title='bbox 2987 3401 3123 3452; x_wconf 89' lang='lat' dir='ltr'>utin</span> <span class='ocrx_word' id='word_1_960' title='bbox 3140 3402 3499 3465; x_wconf 87' lang='lat' dir='ltr'>inquirenda</span> <span class='ocrx_word' id='word_1_961' title='bbox 3510 3405 3711 3449; x_wconf 76' lang='lat' dir='ltr'>vanitate</span> 
     </span>
    </p>
   </div>
   <div class='ocr_carea' id='block_1_104' title="bbox 2108 3472 3708 3534">
    <p class='ocr_par' dir='ltr' id='par_1_104' title="bbox 2108 3472 3708 3534">
     <span class='ocr_line' id='line_1_104' title="bbox 2108 3472 3708 3534; baseline -0.001 -12"><span class='ocrx_word' id='word_1_962' title='bbox 2108 3476 2165 3523; x_wconf 91' lang='lat' dir='ltr'>et</span> <span class='ocrx_word' id='word_1_963' title='bbox 2189 3472 2487 3524; x_wconf 90' lang='lat' dir='ltr'>mendacio</span> <span class='ocrx_word' id='word_1_964' title='bbox 2525 3472 2642 3524; x_wconf 91' lang='lat' dir='ltr'>sint</span> <span class='ocrx_word' id='word_1_965' title='bbox 2664 3472 2852 3529; x_wconf 86' lang='lat' dir='ltr'>multi,</span> <span class='ocrx_word' id='word_1_966' title='bbox 2882 3473 2940 3522; x_wconf 91' lang='lat' dir='ltr'>in</span> <span class='ocrx_word' id='word_1_967' title='bbox 2962 3472 3314 3534; x_wconf 86' lang='lat' dir='ltr'>requirenda</span> <span class='ocrx_word' id='word_1_968' title='bbox 3342 3473 3588 3524; x_wconf 84' lang='lat' dir='ltr'>veritate</span> <span class='ocrx_word' id='word_1_969' title='bbox 3611 3472 3708 3522; x_wconf 89' lang='lat' dir='ltr'>sint</span> 
     </span>
    </p>
   </div>
   <div class='ocr_carea' id='block_1_105' title="bbox 2108 3542 3706 3608">
    <p class='ocr_par' dir='ltr' id='par_1_105' title="bbox 2108 3542 3706 3608">
     <span class='ocr_line' id='line_1_105' title="bbox 2108 3542 3706 3608; baseline 0 -15"><span class='ocrx_word' id='word_1_970' title='bbox 2108 3544 2289 3608; x_wconf 89' lang='lat' dir='ltr'>pauci.</span> <span class='ocrx_word' id='word_1_971' title='bbox 2320 3545 2436 3595; x_wconf 84' lang='lat' dir='ltr'>Nos</span> <span class='ocrx_word' id='word_1_972' title='bbox 2454 3547 2649 3595; x_wconf 86' lang='lat' dir='ltr'>autem</span> <span class='ocrx_word' id='word_1_973' title='bbox 2674 3543 2745 3595; x_wconf 91' lang='lat' dir='ltr'>de</span> <span class='ocrx_word' id='word_1_974' title='bbox 2761 3542 2959 3607; x_wconf 91' lang='lat' dir='ltr'>paucis</span> <span class='ocrx_word' id='word_1_975' title='bbox 2978 3543 3073 3593; x_wconf 91' lang='lat' dir='ltr'>his</span> <span class='ocrx_word' id='word_1_976' title='bbox 3096 3556 3229 3594; x_wconf 89' lang='lat' dir='ltr'>esse</span> <span class='ocrx_word' id='word_1_977' title='bbox 3260 3544 3632 3606; x_wconf 88' lang='lat' dir='ltr'>studeamus,</span> <span class='ocrx_word' id='word_1_978' title='bbox 3653 3548 3706 3594; x_wconf 90' lang='lat' dir='ltr'>ut</span> 
     </span>
    </p>
   </div>
   <div class='ocr_carea' id='block_1_106' title="bbox 2108 3613 3540 3677">
    <p class='ocr_par' dir='ltr' id='par_1_106' title="bbox 2108 3613 3540 3677">
     <span class='ocr_line' id='line_1_106' title="bbox 2108 3613 3540 3677; baseline 0 -13"><span class='ocrx_word' id='word_1_979' title='bbox 2108 3626 2240 3665; x_wconf 89' lang='lat' dir='ltr'>cum</span> <span class='ocrx_word' id='word_1_980' title='bbox 2263 3613 2459 3665; x_wconf 86' lang='lat' dir='ltr'>electis</span> <span class='ocrx_word' id='word_1_981' title='bbox 2486 3613 2672 3665; x_wconf 90' lang='lat' dir='ltr'>dicere</span> <span class='ocrx_word' id='word_1_982' title='bbox 2697 3613 3011 3677; x_wconf 90' lang='lat' dir='ltr'>possimus,</span> <span class='ocrx_word' id='word_1_983' title='bbox 3037 3614 3191 3677; x_wconf 89' lang='lat' dir='ltr'>quod</span> <span class='ocrx_word' id='word_1_984' title='bbox 3217 3614 3503 3666; x_wconf 89' lang='lat' dir='ltr'>subditur</span> <span class='ocrx_word' id='word_1_985' title='bbox 3528 3633 3540 3664; x_wconf 91' lang='lat'>:</span> 
     </span>
    </p>
   </div>
   <div class='ocr_carea' id='block_1_107' title="bbox 2171 3683 3697 3747">
    <p class='ocr_par' dir='ltr' id='par_1_107' title="bbox 2171 3683 3697 3747">
     <span class='ocr_line' id='line_1_107' title="bbox 2171 3683 3697 3747; baseline -0.003 -11"><span class='ocrx_word' id='word_1_986' title='bbox 2171 3683 2221 3737; x_wconf 86' lang='lat'>8.</span> <span class='ocrx_word' id='word_1_987' title='bbox 2250 3684 2339 3734; x_wconf 87' lang='lat' dir='ltr'>Sic</span> <span class='ocrx_word' id='word_1_988' title='bbox 2356 3684 2631 3747; x_wconf 82' lang='lat' dir='ltr'>psalmum</span> <span class='ocrx_word' id='word_1_989' title='bbox 2645 3684 2823 3733; x_wconf 83' lang='lat' dir='ltr'>dicam</span> <span class='ocrx_word' id='word_1_990' title='bbox 2840 3684 3057 3732; x_wconf 77' lang='lat' dir='ltr'>nomini</span> <span class='ocrx_word' id='word_1_991' title='bbox 3070 3690 3161 3733; x_wconf 88' lang='lat' dir='ltr'>tuo</span> <span class='ocrx_word' id='word_1_992' title='bbox 3176 3688 3237 3732; x_wconf 86' lang='lat' dir='ltr'>in</span> <span class='ocrx_word' id='word_1_993' title='bbox 3254 3685 3505 3733; x_wconf 82' lang='lat' dir='ltr'>secutum</span> <span class='ocrx_word' id='word_1_994' title='bbox 3530 3684 3675 3734; x_wconf 73' lang='lat' dir='ltr'>secuti</span> <span class='ocrx_word' id='word_1_995' title='bbox 3687 3701 3697 3731; x_wconf 88' lang='lat'><em>:</em></span> 
     </span>
    </p>
   </div>
   <div class='ocr_carea' id='block_1_108' title="bbox 2108 3755 3721 3820">
    <p class='ocr_par' dir='ltr' id='par_1_108' title="bbox 2108 3755 3721 3820">
     <span class='ocr_line' id='line_1_108' title="bbox 2108 3755 3721 3820; baseline 0 -16"><span class='ocrx_word' id='word_1_996' title='bbox 2108 3759 2165 3804; x_wconf 86' lang='lat' dir='ltr'>ut</span> <span class='ocrx_word' id='word_1_997' title='bbox 2187 3755 2410 3804; x_wconf 78' lang='lat' dir='ltr'>reddam</span> <span class='ocrx_word' id='word_1_998' title='bbox 2425 3761 2547 3803; x_wconf 82' lang='lat' dir='ltr'>vota</span> <span class='ocrx_word' id='word_1_999' title='bbox 2570 3770 2689 3803; x_wconf 84' lang='lat' dir='ltr'>mea</span> <span class='ocrx_word' id='word_1_1000' title='bbox 2712 3755 2774 3804; x_wconf 85' lang='lat' dir='ltr'>de</span> <span class='ocrx_word' id='word_1_1001' title='bbox 2797 3755 2884 3804; x_wconf 84' lang='lat' dir='ltr'>die</span> <span class='ocrx_word' id='word_1_1002' title='bbox 2906 3755 2968 3802; x_wconf 82' lang='lat' dir='ltr'>in</span> <span class='ocrx_word' id='word_1_1003' title='bbox 2994 3755 3153 3803; x_wconf 80' lang='lat' dir='ltr'>diem.</span> <span class='ocrx_word' id='word_1_1004' title='bbox 3196 3756 3317 3806; x_wconf 87' lang='lat' dir='ltr'>Sub</span> <span class='ocrx_word' id='word_1_1005' title='bbox 3357 3755 3473 3806; x_wconf 86' lang='lat' dir='ltr'>hac</span> <span class='ocrx_word' id='word_1_1006' title='bbox 3494 3769 3593 3820; x_wconf 82' lang='lat' dir='ltr'>spe</span> <span class='ocrx_word' id='word_1_1007' title='bbox 3617 3768 3721 3819; x_wconf 64' lang='grc' dir='ltr'>ρον</span> 
     </span>
    </p>
   </div>
   <div class='ocr_carea' id='block_1_109' title="bbox 2108 3825 3699 3890">
    <p class='ocr_par' dir='ltr' id='par_1_109' title="bbox 2108 3825 3699 3890">
     <span class='ocr_line' id='line_1_109' title="bbox 2108 3825 3699 3890; baseline 0.001 -15"><span class='ocrx_word' id='word_1_1008' title='bbox 2108 3826 2275 3887; x_wconf 90' lang='lat' dir='ltr'>situs,</span> <span class='ocrx_word' id='word_1_1009' title='bbox 2305 3826 2442 3888; x_wconf 87' lang='lat' dir='ltr'>quia</span> <span class='ocrx_word' id='word_1_1010' title='bbox 2479 3838 2648 3890; x_wconf 91' lang='lat' dir='ltr'>spero</span> <span class='ocrx_word' id='word_1_1011' title='bbox 2673 3831 2729 3877; x_wconf 91' lang='lat' dir='ltr'>te</span> <span class='ocrx_word' id='word_1_1012' title='bbox 2755 3826 3025 3876; x_wconf 88' lang='lat' dir='ltr'>daturum</span> <span class='ocrx_word' id='word_1_1013' title='bbox 3058 3825 3204 3876; x_wconf 90' lang='lat' dir='ltr'>mihi</span> <span class='ocrx_word' id='word_1_1014' title='bbox 3225 3826 3633 3878; x_wconf 61' lang='lat' dir='ltr'>haereditatem</span> <span class='ocrx_word' id='word_1_1015' title='bbox 3650 3827 3699 3876; x_wconf 87' lang='lat' dir='ltr'>in</span> 
     </span>
    </p>
   </div>
   <div class='ocr_carea' id='block_1_110' title="bbox 2107 3896 3695 3960">
    <p class='ocr_par' dir='ltr' id='par_1_110' title="bbox 2107 3896 3695 3960">
     <span class='ocr_line' id='line_1_110' title="bbox 2107 3896 3695 3960; baseline -0.001 -14"><span class='ocrx_word' id='word_1_1016' title='bbox 2107 3896 2319 3956; x_wconf 86' lang='lat' dir='ltr'>futuro,</span> <span class='ocrx_word' id='word_1_1017' title='bbox 2345 3901 2401 3947; x_wconf 85' lang='lat' dir='ltr'>et</span> <span class='ocrx_word' id='word_1_1018' title='bbox 2423 3909 2765 3947; x_wconf 89' lang='lat' dir='ltr'>mansurum</span> <span class='ocrx_word' id='word_1_1019' title='bbox 2788 3896 2847 3947; x_wconf 91' lang='lat' dir='ltr'>in</span> <span class='ocrx_word' id='word_1_1020' title='bbox 2871 3897 3569 3960; x_wconf 63' lang='lat' dir='ltr'>asternuminconspectu</span> <span class='ocrx_word' id='word_1_1021' title='bbox 3595 3903 3695 3948; x_wconf 86' lang='lat' dir='ltr'>tuo.</span> 
     </span>
    </p>
   </div>
   <div class='ocr_carea' id='block_1_111' title="bbox 2108 3966 3697 4031">
    <p class='ocr_par' dir='ltr' id='par_1_111' title="bbox 2108 3966 3697 4031">
     <span class='ocr_line' id='line_1_111' title="bbox 2108 3966 3697 4031; baseline 0.001 -13"><span class='ocrx_word' id='word_1_1022' title='bbox 2108 3968 2197 4019; x_wconf 90' lang='lat' dir='ltr'>Sic</span> <span class='ocrx_word' id='word_1_1023' title='bbox 2220 3967 2506 4031; x_wconf 88' lang='lat' dir='ltr'>psalmum</span> <span class='ocrx_word' id='word_1_1024' title='bbox 2522 3967 2708 4018; x_wconf 90' lang='lat' dir='ltr'>dicam</span> <span class='ocrx_word' id='word_1_1025' title='bbox 2730 3966 3151 4030; x_wconf 88' lang='lat' dir='ltr'>nominituo,id</span> <span class='ocrx_word' id='word_1_1026' title='bbox 3164 3973 3274 4029; x_wconf 91' lang='lat' dir='ltr'>est,</span> <span class='ocrx_word' id='word_1_1027' title='bbox 3303 3969 3391 4018; x_wconf 88' lang='lat' dir='ltr'>sic</span> <span class='ocrx_word' id='word_1_1028' title='bbox 3416 3969 3562 4019; x_wconf 89' lang='lat' dir='ltr'>bene</span> <span class='ocrx_word' id='word_1_1029' title='bbox 3581 3980 3697 4031; x_wconf 88' lang='lat' dir='ltr'>ope-</span> 
     </span>
    </p>
   </div>
   <div class='ocr_carea' id='block_1_112' title="bbox 2106 4037 3693 4099">
    <p class='ocr_par' dir='ltr' id='par_1_112' title="bbox 2106 4037 3693 4099">
     <span class='ocr_line' id='line_1_112' title="bbox 2106 4037 3693 4099; baseline -0.002 -9"><span class='ocrx_word' id='word_1_1030' title='bbox 2106 4038 2274 4090; x_wconf 84' lang='lat' dir='ltr'>rabor</span> <span class='ocrx_word' id='word_1_1031' title='bbox 2301 4038 2372 4089; x_wconf 88' lang='lat' dir='ltr'>ad</span> <span class='ocrx_word' id='word_1_1032' title='bbox 2396 4038 2671 4089; x_wconf 87' lang='lat' dir='ltr'>honorem</span> <span class='ocrx_word' id='word_1_1033' title='bbox 2686 4037 2939 4090; x_wconf 90' lang='lat' dir='ltr'>nominis</span> <span class='ocrx_word' id='word_1_1034' title='bbox 2962 4038 3062 4099; x_wconf 89' lang='lat' dir='ltr'>tui,</span> <span class='ocrx_word' id='word_1_1035' title='bbox 3090 4038 3340 4089; x_wconf 83' lang='lat' dir='ltr'>tendens</span> <span class='ocrx_word' id='word_1_1036' title='bbox 3366 4040 3427 4090; x_wconf 90' lang='lat' dir='ltr'>in</span> <span class='ocrx_word' id='word_1_1037' title='bbox 3454 4038 3693 4090; x_wconf 84' lang='lat' dir='ltr'>seculum</span> 
     </span>
    </p>
   </div>
   <div class='ocr_carea' id='block_1_113' title="bbox 2108 4108 3692 4172">
    <p class='ocr_par' dir='ltr' id='par_1_113' title="bbox 2108 4108 3692 4172">
     <span class='ocr_line' id='line_1_113' title="bbox 2108 4108 3692 4172; baseline -0.001 -12"><span class='ocrx_word' id='word_1_1038' title='bbox 2108 4110 2545 4160; x_wconf 88' lang='lat' dir='ltr'>subsecutivum</span> <span class='ocrx_word' id='word_1_1039' title='bbox 2558 4109 2734 4172; x_wconf 83' lang='lat' dir='ltr'>hujus</span> <span class='ocrx_word' id='word_1_1040' title='bbox 2753 4108 2945 4167; x_wconf 88' lang='lat' dir='ltr'>seculi,</span> <span class='ocrx_word' id='word_1_1041' title='bbox 2972 4113 3036 4158; x_wconf 87' lang='lat' dir='ltr'>ut</span> <span class='ocrx_word' id='word_1_1042' title='bbox 3058 4108 3297 4159; x_wconf 89' lang='lat' dir='ltr'>reddam</span> <span class='ocrx_word' id='word_1_1043' title='bbox 3321 4113 3466 4161; x_wconf 85' lang='lat' dir='ltr'>vota</span> <span class='ocrx_word' id='word_1_1044' title='bbox 3487 4122 3627 4172; x_wconf 87' lang='lat' dir='ltr'>mea,</span> <span class='ocrx_word' id='word_1_1045' title='bbox 3644 4108 3692 4159; x_wconf 89' lang='lat' dir='ltr'>id</span> 
     </span>
    </p>
   </div>
   <div class='ocr_carea' id='block_1_114' title="bbox 2108 4177 3691 4246">
    <p class='ocr_par' dir='ltr' id='par_1_114' title="bbox 2108 4177 3691 4246">
     <span class='ocr_line' id='line_1_114' title="bbox 2108 4177 3691 4246; baseline 0 -15"><span class='ocrx_word' id='word_1_1046' title='bbox 2108 4185 2214 4242; x_wconf 90' lang='lat' dir='ltr'>est,</span> <span class='ocrx_word' id='word_1_1047' title='bbox 2235 4177 2721 4246; x_wconf 86' lang='lat' dir='ltr'>302meipsum,</span> <span class='ocrx_word' id='word_1_1048' title='bbox 2755 4192 2929 4242; x_wconf 89' lang='lat' dir='ltr'>quem</span> <span class='ocrx_word' id='word_1_1049' title='bbox 2969 4179 3199 4241; x_wconf 85' lang='lat' dir='ltr'>devovi,</span> <span class='ocrx_word' id='word_1_1050' title='bbox 3243 4180 3316 4230; x_wconf 90' lang='lat' dir='ltr'>de</span> <span class='ocrx_word' id='word_1_1051' title='bbox 3340 4180 3436 4230; x_wconf 87' lang='lat' dir='ltr'>die</span> <span class='ocrx_word' id='word_1_1052' title='bbox 3459 4180 3520 4231; x_wconf 90' lang='lat' dir='ltr'>in</span> <span class='ocrx_word' id='word_1_1053' title='bbox 3541 4181 3691 4231; x_wconf 85' lang='lat' dir='ltr'>diem.</span> 
     </span>
    </p>
   </div>
   <div class='ocr_carea' id='block_1_115' title="bbox 2104 4249 3693 4314">
    <p class='ocr_par' dir='ltr' id='par_1_115' title="bbox 2104 4249 3693 4314">
     <span class='ocr_line' id='line_1_115' title="bbox 2104 4249 3693 4314; baseline 0 -13"><span class='ocrx_word' id='word_1_1054' title='bbox 2104 4250 2163 4301; x_wconf 93' lang='lat' dir='ltr'>id</span> <span class='ocrx_word' id='word_1_1055' title='bbox 2187 4255 2295 4310; x_wconf 89' lang='lat' dir='ltr'>est,</span> <span class='ocrx_word' id='word_1_1056' title='bbox 2317 4251 2586 4302; x_wconf 85' lang='lat' dir='ltr'>continue</span> <span class='ocrx_word' id='word_1_1057' title='bbox 2612 4268 2622 4298; x_wconf 85' lang='lat'><strong>:</strong></span> <span class='ocrx_word' id='word_1_1058' title='bbox 2660 4249 2749 4302; x_wconf 89' lang='lat' dir='ltr'>vel</span> <span class='ocrx_word' id='word_1_1059' title='bbox 2773 4249 2844 4302; x_wconf 89' lang='lat' dir='ltr'>de</span> <span class='ocrx_word' id='word_1_1060' title='bbox 2880 4249 2971 4301; x_wconf 92' lang='lat' dir='ltr'>die</span> <span class='ocrx_word' id='word_1_1061' title='bbox 2994 4251 3057 4300; x_wconf 87' lang='lat' dir='ltr'>in</span> <span class='ocrx_word' id='word_1_1062' title='bbox 3082 4250 3253 4310; x_wconf 88' lang='lat' dir='ltr'>diem,</span> <span class='ocrx_word' id='word_1_1063' title='bbox 3271 4251 3332 4301; x_wconf 91' lang='lat' dir='ltr'>id</span> <span class='ocrx_word' id='word_1_1064' title='bbox 3363 4254 3473 4314; x_wconf 90' lang='lat' dir='ltr'>est,</span> <span class='ocrx_word' id='word_1_1065' title='bbox 3499 4252 3568 4302; x_wconf 88' lang='lat' dir='ltr'>de</span> <span class='ocrx_word' id='word_1_1066' title='bbox 3599 4252 3693 4301; x_wconf 83' lang='lat' dir='ltr'>vir-</span> 
     </span>
    </p>
   </div>
   <div class='ocr_carea' id='block_1_116' title="bbox 2110 4319 3691 4384">
    <p class='ocr_par' dir='ltr' id='par_1_116' title="bbox 2110 4319 3691 4384">
     <span class='ocr_line' id='line_1_116' title="bbox 2110 4319 3691 4384; baseline 0 -13"><span class='ocrx_word' id='word_1_1067' title='bbox 2110 4325 2229 4372; x_wconf 86' lang='lat' dir='ltr'>tute</span> <span class='ocrx_word' id='word_1_1068' title='bbox 2264 4321 2324 4372; x_wconf 92' lang='lat' dir='ltr'>in</span> <span class='ocrx_word' id='word_1_1069' title='bbox 2366 4321 2656 4372; x_wconf 89' lang='lat' dir='ltr'>virtutem.</span> <span class='ocrx_word' id='word_1_1070' title='bbox 2680 4319 2785 4371; x_wconf 86' lang='lat' dir='ltr'>Vel</span> <span class='ocrx_word' id='word_1_1071' title='bbox 2809 4321 2890 4371; x_wconf 91' lang='lat' dir='ltr'>sic</span> <span class='ocrx_word' id='word_1_1072' title='bbox 2921 4321 3215 4384; x_wconf 90' lang='lat' dir='ltr'>psalmum</span> <span class='ocrx_word' id='word_1_1073' title='bbox 3245 4320 3460 4382; x_wconf 89' lang='lat' dir='ltr'>dicam,</span> <span class='ocrx_word' id='word_1_1074' title='bbox 3486 4326 3553 4372; x_wconf 88' lang='lat' dir='ltr'>ut</span> <span class='ocrx_word' id='word_1_1075' title='bbox 3577 4326 3691 4371; x_wconf 83' lang='lat' dir='ltr'>vota</span> 
     </span>
    </p>
   </div>
   <div class='ocr_carea' id='block_1_117' title="bbox 2107 4391 3687 4455">
    <p class='ocr_par' dir='ltr' id='par_1_117' title="bbox 2107 4391 3687 4455">
     <span class='ocr_line' id='line_1_117' title="bbox 2107 4391 3687 4455; baseline 0 -13"><span class='ocrx_word' id='word_1_1076' title='bbox 2107 4391 2361 4454; x_wconf 88' lang='lat' dir='ltr'>reddam,</span> <span class='ocrx_word' id='word_1_1077' title='bbox 2385 4391 2444 4442; x_wconf 92' lang='lat' dir='ltr'>id</span> <span class='ocrx_word' id='word_1_1078' title='bbox 2468 4395 2576 4450; x_wconf 87' lang='lat' dir='ltr'>est,</span> <span class='ocrx_word' id='word_1_1079' title='bbox 2603 4391 2685 4443; x_wconf 91' lang='lat' dir='ltr'>sic</span> <span class='ocrx_word' id='word_1_1080' title='bbox 2708 4391 2949 4455; x_wconf 86' lang='lat' dir='ltr'>psallam</span> <span class='ocrx_word' id='word_1_1081' title='bbox 2979 4404 3144 4453; x_wconf 88' lang='lat' dir='ltr'>voce,</span> <span class='ocrx_word' id='word_1_1082' title='bbox 3165 4396 3233 4441; x_wconf 87' lang='lat' dir='ltr'>ut</span> <span class='ocrx_word' id='word_1_1083' title='bbox 3260 4404 3381 4442; x_wconf 82' lang='lat' dir='ltr'>vox</span> <span class='ocrx_word' id='word_1_1084' title='bbox 3416 4392 3551 4453; x_wconf 86' lang='lat' dir='ltr'>oris,</span> <span class='ocrx_word' id='word_1_1085' title='bbox 3574 4404 3687 4442; x_wconf 88' lang='lat' dir='ltr'>cum</span> 
     </span>
    </p>
   </div>
   <div class='ocr_carea' id='block_1_118' title="bbox 2105 4462 3686 4514">
    <p class='ocr_par' dir='ltr' id='par_1_118' title="bbox 2105 4462 3686 4514">
     <span class='ocr_line' id='line_1_118' title="bbox 2105 4462 3686 4514; baseline -0.001 -1"><span class='ocrx_word' id='word_1_1086' title='bbox 2105 4462 2283 4514; x_wconf 89' lang='lat' dir='ltr'>animi</span> <span class='ocrx_word' id='word_1_1087' title='bbox 2315 4462 2623 4513; x_wconf 82' lang='lat' dir='ltr'>concordet</span> <span class='ocrx_word' id='word_1_1088' title='bbox 2657 4462 2980 4513; x_wconf 89' lang='lat' dir='ltr'>devotione.</span> <span class='ocrx_word' id='word_1_1089' title='bbox 3014 4462 3395 4513; x_wconf 88' lang='lat' dir='ltr'>Psallentium</span> <span class='ocrx_word' id='word_1_1090' title='bbox 3414 4463 3563 4513; x_wconf 86' lang='lat' dir='ltr'>enim</span> <span class='ocrx_word' id='word_1_1091' title='bbox 3579 4464 3686 4513; x_wconf 89' lang='lat' dir='ltr'>Deo</span> 
     </span>
    </p>
   </div>
   <div class='ocr_carea' id='block_1_119' title="bbox 2108 4531 3685 4596">
    <p class='ocr_par' dir='ltr' id='par_1_119' title="bbox 2108 4531 3685 4596">
     <span class='ocr_line' id='line_1_119' title="bbox 2108 4531 3685 4596; baseline -0.004 -12"><span class='ocrx_word' id='word_1_1092' title='bbox 2108 4545 2223 4584; x_wconf 84' lang='lat' dir='ltr'>vox</span> <span class='ocrx_word' id='word_1_1093' title='bbox 2245 4532 2587 4584; x_wconf 88' lang='lat' dir='ltr'>concordare</span> <span class='ocrx_word' id='word_1_1094' title='bbox 2619 4532 2789 4583; x_wconf 90' lang='lat' dir='ltr'>debet</span> <span class='ocrx_word' id='word_1_1095' title='bbox 2804 4545 2936 4583; x_wconf 93' lang='lat' dir='ltr'>cum</span> <span class='ocrx_word' id='word_1_1096' title='bbox 2966 4533 3157 4591; x_wconf 85' lang='lat' dir='ltr'>corde,</span> <span class='ocrx_word' id='word_1_1097' title='bbox 3176 4536 3239 4583; x_wconf 91' lang='lat' dir='ltr'>ut</span> <span class='ocrx_word' id='word_1_1098' title='bbox 3255 4531 3559 4596; x_wconf 88' lang='lat' dir='ltr'>impleatur</span> <span class='ocrx_word' id='word_1_1099' title='bbox 3578 4535 3685 4580; x_wconf 86' lang='lat' dir='ltr'>illud</span> 
     </span>
    </p>
   </div>
   <div class='ocr_carea' id='block_1_120' title="bbox 2029 4572 3687 4667">
    <p class='ocr_par' dir='ltr' id='par_1_120' title="bbox 2029 4572 3687 4667">
     <span class='ocr_line' id='line_1_120' title="bbox 2029 4572 3687 4667; baseline 0.005 -22"><span class='ocrx_word' id='word_1_1100' title='bbox 2029 4572 2087 4645; x_wconf 93' lang='lat' dir='ltr'>D</span> <span class='ocrx_word' id='word_1_1101' title='bbox 2108 4572 2761 4667; x_wconf 57' lang='grc' dir='ltr'>Ᾰῇᾞέὧῖἷῖἷεῖιῖωἶῖἔῐ</span> <span class='ocrx_word' id='word_1_1102' title='bbox 2770 4572 3239 4661; x_wconf 52' lang='grc' dir='ltr'>Ηέῌῐέᾰῗόὁῖ</span> <span class='ocrx_word' id='word_1_1103' title='bbox 3254 4572 3687 4664; x_wconf 61' lang='grc' dir='ltr'>ἰὶῖἓῗῖἷὸιῗεᾉὶῐιί</span> 
     </span>
    </p>
   </div>
   <div class='ocr_carea' id='block_1_121' title="bbox 2107 4672 3685 4737">
    <p class='ocr_par' dir='ltr' id='par_1_121' title="bbox 2107 4672 3685 4737">
     <span class='ocr_line' id='line_1_121' title="bbox 2107 4672 3685 4737; baseline -0.001 -13"><span class='ocrx_word' id='word_1_1104' title='bbox 2107 4674 2292 4737; x_wconf 87' lang='lat' dir='ltr'>placet</span> <span class='ocrx_word' id='word_1_1105' title='bbox 2314 4676 2431 4724; x_wconf 92' lang='lat' dir='ltr'>Deo</span> <span class='ocrx_word' id='word_1_1106' title='bbox 2448 4673 2575 4724; x_wconf 91' lang='lat' dir='ltr'>laus</span> <span class='ocrx_word' id='word_1_1107' title='bbox 2597 4673 2842 4735; x_wconf 88' lang='lat' dir='ltr'>illorum,</span> <span class='ocrx_word' id='word_1_1108' title='bbox 2868 4672 2940 4724; x_wconf 91' lang='lat' dir='ltr'>de</span> <span class='ocrx_word' id='word_1_1109' title='bbox 2966 4673 3180 4735; x_wconf 88' lang='lat' dir='ltr'>quibus</span> <span class='ocrx_word' id='word_1_1110' title='bbox 3196 4672 3411 4724; x_wconf 78' lang='lat' dir='ltr'>dicitur</span> <span class='ocrx_word' id='word_1_1111' title='bbox 3437 4689 3448 4719; x_wconf 95' lang='lat'><strong>:</strong></span> <span class='ocrx_word' id='word_1_1112' title='bbox 3478 4674 3577 4724; x_wconf 83' lang='lat' dir='ltr'>Hic</span> <span class='ocrx_word' id='word_1_1113' title='bbox 3599 4686 3685 4737; x_wconf 87' lang='lat' dir='ltr'>po-</span> 
     </span>
    </p>
   </div>
   <div class='ocr_carea' id='block_1_122' title="bbox 2106 4743 3684 4810">
    <p class='ocr_par' dir='ltr' id='par_1_122' title="bbox 2106 4743 3684 4810">
     <span class='ocr_line' id='line_1_122' title="bbox 2106 4743 3684 4810; baseline -0.004 -14"><span class='ocrx_word' id='word_1_1114' title='bbox 2106 4744 2277 4810; x_wconf 89' lang='lat' dir='ltr'>pulus</span> <span class='ocrx_word' id='word_1_1115' title='bbox 2299 4744 2469 4795; x_wconf 86' lang='lat' dir='ltr'>labiis</span> <span class='ocrx_word' id='word_1_1116' title='bbox 2490 4757 2583 4796; x_wconf 91' lang='lat' dir='ltr'>me</span> <span class='ocrx_word' id='word_1_1117' title='bbox 2605 4743 2867 4806; x_wconf 86' lang='lat' dir='ltr'>honorat,</span> <span class='ocrx_word' id='word_1_1118' title='bbox 2888 4756 2987 4794; x_wconf 91' lang='lat' dir='ltr'>cor</span> <span class='ocrx_word' id='word_1_1119' title='bbox 3006 4750 3201 4794; x_wconf 88' lang='lat' dir='ltr'>autem</span> <span class='ocrx_word' id='word_1_1120' title='bbox 3226 4756 3431 4795; x_wconf 89' lang='lat' dir='ltr'>eorum</span> <span class='ocrx_word' id='word_1_1121' title='bbox 3448 4745 3604 4807; x_wconf 85' lang='lat' dir='ltr'>longe</span> <span class='ocrx_word' id='word_1_1122' title='bbox 3622 4753 3684 4791; x_wconf 79' lang='lat' dir='ltr'>est</span> 
     </span>
    </p>
   </div>
   <div class='ocr_carea' id='block_1_123' title="bbox 2105 4813 3687 4878">
    <p class='ocr_par' dir='ltr' id='par_1_123' title="bbox 2105 4813 3687 4878">
     <span class='ocr_line' id='line_1_123' title="bbox 2105 4813 3687 4878; baseline -0.001 -12"><span class='ocrx_word' id='word_1_1123' title='bbox 2105 4829 2140 4866; x_wconf 76' lang='grc' dir='ltr'>δ.</span> <span class='ocrx_word' id='word_1_1124' title='bbox 2161 4828 2252 4866; x_wconf 90' lang='lat' dir='ltr'>me</span> <span class='ocrx_word' id='word_1_1125' title='bbox 2277 4814 2417 4878; x_wconf 85' lang='lat' dir='ltr'>(lsai.</span> <span class='ocrx_word' id='word_1_1126' title='bbox 2449 4814 2536 4868; x_wconf 74' lang='lat'>‘29.</span> <span class='ocrx_word' id='word_1_1127' title='bbox 2562 4816 2751 4864; x_wconf 85' lang='lat' dir='ltr'>Matth.</span> <span class='ocrx_word' id='word_1_1128' title='bbox 2780 4813 2907 4876; x_wconf 74' lang='lat'>15.).</span> <span class='ocrx_word' id='word_1_1129' title='bbox 2938 4816 3099 4865; x_wconf 92' lang='lat' dir='ltr'>Tunc</span> <span class='ocrx_word' id='word_1_1130' title='bbox 3131 4820 3224 4866; x_wconf 89' lang='lat' dir='ltr'>est</span> <span class='ocrx_word' id='word_1_1131' title='bbox 3248 4820 3441 4866; x_wconf 88' lang='lat' dir='ltr'>autem</span> <span class='ocrx_word' id='word_1_1132' title='bbox 3464 4817 3574 4866; x_wconf 86' lang='lat' dir='ltr'>Deo</span> <span class='ocrx_word' id='word_1_1133' title='bbox 3603 4828 3687 4865; x_wconf 84' lang='lat' dir='ltr'>ac-</span> 
     </span>
    </p>
   </div>
   <div class='ocr_carea' id='block_1_124' title="bbox 2106 4884 3684 4949">
    <p class='ocr_par' dir='ltr' id='par_1_124' title="bbox 2106 4884 3684 4949">
     <span class='ocr_line' id='line_1_124' title="bbox 2106 4884 3684 4949; baseline -0.003 -12"><span class='ocrx_word' id='word_1_1134' title='bbox 2106 4884 2404 4949; x_wconf 79' lang='lat' dir='ltr'>ceptabilis</span> <span class='ocrx_word' id='word_1_1135' title='bbox 2426 4890 2626 4936; x_wconf 88' lang='lat' dir='ltr'>nostra</span> <span class='ocrx_word' id='word_1_1136' title='bbox 2636 4885 2968 4948; x_wconf 91' lang='lat' dir='ltr'>psalmodia,</span> <span class='ocrx_word' id='word_1_1137' title='bbox 2983 4885 3217 4948; x_wconf 88' lang='lat' dir='ltr'>quando</span> <span class='ocrx_word' id='word_1_1138' title='bbox 3235 4885 3320 4937; x_wconf 92' lang='lat' dir='ltr'>sic</span> <span class='ocrx_word' id='word_1_1139' title='bbox 3331 4899 3427 4936; x_wconf 85' lang='lat' dir='ltr'>ore</span> <span class='ocrx_word' id='word_1_1140' title='bbox 3441 4887 3684 4947; x_wconf 77' lang='lat' dir='ltr'>psallimus</span> 
     </span>
    </p>
   </div>
   <div class='ocr_carea' id='block_1_125' title="bbox 2107 4954 3684 5018">
    <p class='ocr_par' dir='ltr' id='par_1_125' title="bbox 2107 4954 3684 5018">
     <span class='ocr_line' id='line_1_125' title="bbox 2107 4954 3684 5018; baseline -0.003 -12"><span class='ocrx_word' id='word_1_1141' title='bbox 2107 4961 2173 5007; x_wconf 90' lang='lat' dir='ltr'>ut</span> <span class='ocrx_word' id='word_1_1142' title='bbox 2189 4956 2774 5008; x_wconf 87' lang='lat' dir='ltr'>cordeaccendamur:</span> <span class='ocrx_word' id='word_1_1143' title='bbox 2794 4954 3024 5018; x_wconf 88' lang='lat' dir='ltr'>quando</span> <span class='ocrx_word' id='word_1_1144' title='bbox 3041 4956 3100 5006; x_wconf 90' lang='lat' dir='ltr'>in</span> <span class='ocrx_word' id='word_1_1145' title='bbox 3116 4956 3289 5008; x_wconf 90' lang='lat' dir='ltr'>laude</span> <span class='ocrx_word' id='word_1_1146' title='bbox 3300 4956 3406 5008; x_wconf 89' lang='lat' dir='ltr'>Dei</span> <span class='ocrx_word' id='word_1_1147' title='bbox 3419 4959 3562 5004; x_wconf 84' lang='lat' dir='ltr'>simul</span> <span class='ocrx_word' id='word_1_1148' title='bbox 3577 4970 3684 5003; x_wconf 82' lang='lat' dir='ltr'>con-</span> 
     </span>
    </p>
   </div>
   <div class='ocr_carea' id='block_1_126' title="bbox 2110 5026 3681 5090">
    <p class='ocr_par' dir='ltr' id='par_1_126' title="bbox 2110 5026 3681 5090">
     <span class='ocr_line' id='line_1_126' title="bbox 2110 5026 3681 5090; baseline -0.004 -11"><span class='ocrx_word' id='word_1_1149' title='bbox 2110 5028 2349 5079; x_wconf 91' lang='lat' dir='ltr'>veniunt</span> <span class='ocrx_word' id='word_1_1150' title='bbox 2360 5027 2695 5090; x_wconf 72' lang='lat' dir='ltr'>lingua,vita</span> <span class='ocrx_word' id='word_1_1151' title='bbox 2706 5032 2764 5079; x_wconf 89' lang='lat' dir='ltr'>et</span> <span class='ocrx_word' id='word_1_1152' title='bbox 2780 5026 3353 5079; x_wconf 86' lang='lat' dir='ltr'>conscientia.Talem</span> <span class='ocrx_word' id='word_1_1153' title='bbox 3368 5028 3681 5079; x_wconf 79' lang='lat' dir='ltr'>luudem.lalia</span> 
     </span>
    </p>
   </div>
   <div class='ocr_carea' id='block_1_127' title="bbox 2106 5097 3699 5150">
    <p class='ocr_par' dir='ltr' id='par_1_127' title="bbox 2106 5097 3699 5150">
     <span class='ocr_line' id='line_1_127' title="bbox 2106 5097 3699 5150; baseline -0.002 0"><span class='ocrx_word' id='word_1_1154' title='bbox 2106 5105 2243 5150; x_wconf 84' lang='lat' dir='ltr'>vota</span> <span class='ocrx_word' id='word_1_1155' title='bbox 2267 5098 2606 5150; x_wconf 81' lang='lat' dir='ltr'>studeamus</span> <span class='ocrx_word' id='word_1_1156' title='bbox 2630 5098 2875 5149; x_wconf 89' lang='lat' dir='ltr'>Domino</span> <span class='ocrx_word' id='word_1_1157' title='bbox 2890 5099 3009 5150; x_wconf 89' lang='lat' dir='ltr'>Deo</span> <span class='ocrx_word' id='word_1_1158' title='bbox 3027 5097 3253 5149; x_wconf 90' lang='lat' dir='ltr'>solvere</span> <span class='ocrx_word' id='word_1_1159' title='bbox 3268 5098 3329 5149; x_wconf 85' lang='lat' dir='ltr'>in</span> <span class='ocrx_word' id='word_1_1160' title='bbox 3350 5098 3699 5149; x_wconf 47' lang='lat' dir='ltr'>seculumsev</span> 
     </span>
    </p>
   </div>
   <div class='ocr_carea' id='block_1_128' title="bbox 2108 5167 2722 5233">
    <p class='ocr_par' dir='ltr' id='par_1_128' title="bbox 2108 5167 2722 5233">
     <span class='ocr_line' id='line_1_128' title="bbox 2108 5167 2722 5233; baseline -0.002 -14"><span class='ocrx_word' id='word_1_1161' title='bbox 2108 5167 2237 5233; x_wconf 92' lang='lat' dir='ltr'>culi,</span> <span class='ocrx_word' id='word_1_1162' title='bbox 2265 5168 2335 5219; x_wconf 90' lang='lat' dir='ltr'>de</span> <span class='ocrx_word' id='word_1_1163' title='bbox 2358 5168 2452 5220; x_wconf 85' lang='lat' dir='ltr'>die</span> <span class='ocrx_word' id='word_1_1164' title='bbox 2474 5169 2531 5219; x_wconf 91' lang='lat' dir='ltr'>in</span> <span class='ocrx_word' id='word_1_1165' title='bbox 2549 5168 2722 5219; x_wconf 90' lang='lat' dir='ltr'>diem.</span> 
     </span>
    </p>
   </div>
   <div class='ocr_carea' id='block_1_129' title="bbox 2427 5290 3383 5355">
    <p class='ocr_par' dir='ltr' id='par_1_129' title="bbox 2427 5290 3383 5355">
     <span class='ocr_line' id='line_1_129' title="bbox 2427 5290 3383 5355; baseline 0 -1"><span class='ocrx_word' id='word_1_1166' title='bbox 2427 5291 2792 5354; x_wconf 90' lang='lat' dir='ltr'>TITULUS</span> <span class='ocrx_word' id='word_1_1167' title='bbox 2838 5290 3163 5354; x_wconf 80' lang='lat' dir='ltr'>PSALMI</span> <span class='ocrx_word' id='word_1_1168' title='bbox 3209 5292 3383 5355; x_wconf 83' lang='lat' dir='ltr'>LXI.</span> 
     </span>
    </p>
   </div>
   <div class='ocr_carea' id='block_1_130' title="bbox 2171 5425 3674 5490">
    <p class='ocr_par' dir='ltr' id='par_1_130' title="bbox 2171 5425 3674 5490">
     <span class='ocr_line' id='line_1_130' title="bbox 2171 5425 3674 5490; baseline -0.001 -13"><span class='ocrx_word' id='word_1_1169' title='bbox 2171 5432 2215 5477; x_wconf 89' lang='grc'>1.</span> <span class='ocrx_word' id='word_1_1170' title='bbox 2254 5426 2316 5475; x_wconf 85' lang='grc' dir='ltr'><em>1η</em></span> <span class='ocrx_word' id='word_1_1171' title='bbox 2330 5428 2512 5490; x_wconf 83' lang='lat' dir='ltr'>ﬁnem,</span> <span class='ocrx_word' id='word_1_1172' title='bbox 2529 5440 2630 5488; x_wconf 78' lang='lat' dir='ltr'>pro</span> <span class='ocrx_word' id='word_1_1173' title='bbox 2643 5425 2889 5474; x_wconf 75' lang='lat' dir='ltr'>[dithum</span> <span class='ocrx_word' id='word_1_1174' title='bbox 2905 5425 2965 5486; x_wconf 80' lang='grc'>(1.</span> <span class='ocrx_word' id='word_1_1175' title='bbox 2981 5425 3113 5475; x_wconf 83' lang='lat' dir='ltr'>Par.</span> <span class='ocrx_word' id='word_1_1176' title='bbox 3130 5425 3230 5486; x_wconf 78' lang='lat'>25.)</span> <span class='ocrx_word' id='word_1_1177' title='bbox 3245 5464 3257 5475; x_wconf 93' lang='lat'>.</span> <span class='ocrx_word' id='word_1_1178' title='bbox 3270 5427 3515 5476; x_wconf 80' lang='lat' dir='ltr'>Psalmus</span> <span class='ocrx_word' id='word_1_1179' title='bbox 3529 5426 3674 5475; x_wconf 64' lang='lat' dir='ltr'>David</span> 
     </span>
    </p>
   </div>
   <div class='ocr_carea' id='block_1_131' title="bbox 2108 5490 3668 5548">
    <p class='ocr_par' dir='ltr' id='par_1_131' title="bbox 2108 5490 3668 5548">
     <span class='ocr_line' id='line_1_131' title="bbox 2108 5490 3668 5548; baseline -0.001 -12"><span class='ocrx_word' id='word_1_1180' title='bbox 2108 5490 2336 5537; x_wconf 83' lang='lat' dir='ltr'>Psalmus</span> <span class='ocrx_word' id='word_1_1181' title='bbox 2376 5491 2609 5536; x_wconf 75' lang='lat' dir='ltr'>convenit</span> <span class='ocrx_word' id='word_1_1182' title='bbox 2653 5490 2824 5544; x_wconf 83' lang='lat' dir='ltr'>David,</span> <span class='ocrx_word' id='word_1_1183' title='bbox 2874 5494 2923 5535; x_wconf 88' lang='lat' dir='ltr'>et</span> <span class='ocrx_word' id='word_1_1184' title='bbox 2949 5490 3144 5535; x_wconf 62' lang='lat' dir='ltr'>caeteris</span> <span class='ocrx_word' id='word_1_1185' title='bbox 3173 5491 3350 5547; x_wconf 87' lang='lat' dir='ltr'>justis,</span> <span class='ocrx_word' id='word_1_1186' title='bbox 3396 5492 3573 5537; x_wconf 83' lang='lat' dir='ltr'>habitus</span> <span class='ocrx_word' id='word_1_1187' title='bbox 3598 5504 3668 5548; x_wconf 80' lang='lat' dir='ltr'>pro</span> 
     </span>
    </p>
   </div>
   <div class='ocr_carea' id='block_1_132' title="bbox 2107 5552 3661 5611">
    <p class='ocr_par' dir='ltr' id='par_1_132' title="bbox 2107 5552 3661 5611">
     <span class='ocr_line' id='line_1_132' title="bbox 2107 5552 3661 5611; baseline -0.002 -13"><span class='ocrx_word' id='word_1_1188' title='bbox 2107 5553 2328 5599; x_wconf 86' lang='lat' dir='ltr'>Idithum</span> <span class='ocrx_word' id='word_1_1189' title='bbox 2368 5553 2419 5597; x_wconf 86' lang='lat' dir='ltr'>id</span> <span class='ocrx_word' id='word_1_1190' title='bbox 2443 5557 2515 5597; x_wconf 78' lang='lat' dir='ltr'>est</span> <span class='ocrx_word' id='word_1_1191' title='bbox 2538 5564 2627 5609; x_wconf 86' lang='lat' dir='ltr'>pro</span> <span class='ocrx_word' id='word_1_1192' title='bbox 2663 5552 3097 5597; x_wconf 86' lang='lat' dir='ltr'>lransilientibus:</span> <span class='ocrx_word' id='word_1_1193' title='bbox 3126 5552 3354 5611; x_wconf 79' lang='lat' dir='ltr'>dirigens</span> <span class='ocrx_word' id='word_1_1194' title='bbox 3380 5555 3433 5599; x_wconf 90' lang='lat' dir='ltr'>in</span> <span class='ocrx_word' id='word_1_1195' title='bbox 3460 5554 3601 5605; x_wconf 82' lang='lat' dir='ltr'>tinem,</span> <span class='ocrx_word' id='word_1_1196' title='bbox 3622 5552 3661 5596; x_wconf 82' lang='lat' dir='ltr'>id</span> 
     </span>
    </p>
   </div>
   <div class='ocr_carea' id='block_1_133' title="bbox 2107 5614 3662 5676">
    <p class='ocr_par' dir='ltr' id='par_1_133' title="bbox 2107 5614 3662 5676">
     <span class='ocr_line' id='line_1_133' title="bbox 2107 5614 3662 5676; baseline -0.002 -16"><span class='ocrx_word' id='word_1_1197' title='bbox 2107 5620 2197 5668; x_wconf 88' lang='lat' dir='ltr'>est,</span> <span class='ocrx_word' id='word_1_1198' title='bbox 2239 5615 2293 5660; x_wconf 86' lang='lat' dir='ltr'>in</span> <span class='ocrx_word' id='word_1_1199' title='bbox 2339 5614 2613 5660; x_wconf 84' lang='lat' dir='ltr'>Christum.</span> <span class='ocrx_word' id='word_1_1200' title='bbox 2652 5614 2848 5660; x_wconf 81' lang='lat' dir='ltr'>Materia</span> <span class='ocrx_word' id='word_1_1201' title='bbox 2888 5618 3009 5659; x_wconf 87' lang='lat' dir='ltr'>sunt</span> <span class='ocrx_word' id='word_1_1202' title='bbox 3046 5615 3411 5676; x_wconf 75' lang='lat' dir='ltr'>transilientcs,</span> <span class='ocrx_word' id='word_1_1203' title='bbox 3444 5616 3548 5661; x_wconf 83' lang='lat' dir='ltr'>tales</span> <span class='ocrx_word' id='word_1_1204' title='bbox 3567 5616 3662 5672; x_wconf 84' lang='lat' dir='ltr'>quia</span> 
     </span>
    </p>
   </div>
   <div class='ocr_carea' id='block_1_134' title="bbox 2108 5675 3659 5737">
    <p class='ocr_par' dir='ltr' id='par_1_134' title="bbox 2108 5675 3659 5737">
     <span class='ocr_line' id='line_1_134' title="bbox 2108 5675 3659 5737; baseline 0 -14"><span class='ocrx_word' id='word_1_1205' title='bbox 2108 5676 2251 5724; x_wconf 85' lang='lat' dir='ltr'>nulla</span> <span class='ocrx_word' id='word_1_1206' title='bbox 2283 5676 2623 5734; x_wconf 84' lang='lat' dir='ltr'>tribulatione,</span> <span class='ocrx_word' id='word_1_1207' title='bbox 2648 5676 2721 5723; x_wconf 88' lang='lat' dir='ltr'>vol</span> <span class='ocrx_word' id='word_1_1208' title='bbox 2742 5675 3067 5735; x_wconf 82' lang='lat' dir='ltr'>persuasione</span> <span class='ocrx_word' id='word_1_1209' title='bbox 3081 5676 3659 5737; x_wconf 81' lang='lat' dir='ltr'>possuntimpcdiri,quin</span> 
     </span>
    </p>
   </div>
   <div class='ocr_carea' id='block_1_135' title="bbox 475 5805 3583 5892">
    <p class='ocr_par' dir='ltr' id='par_1_135' title="bbox 475 5805 3583 5892">
     <span class='ocr_line' id='line_1_135' title="bbox 475 5805 3583 5892; baseline 0.003 -39"><span class='ocrx_word' id='word_1_1210' title='bbox 475 5813 492 5833; x_wconf 82' lang='grc'><strong><em>³</em></strong></span> <span class='ocrx_word' id='word_1_1211' title='bbox 528 5805 697 5866; x_wconf 86' lang='lat' dir='ltr'>Apud</span> <span class='ocrx_word' id='word_1_1212' title='bbox 723 5808 1133 5877; x_wconf 81' lang='lat' dir='ltr'>Augustinum,</span> <span class='ocrx_word' id='word_1_1213' title='bbox 1158 5819 1352 5892; x_wconf 81' lang='lat' dir='ltr'>utnon</span> <span class='ocrx_word' id='word_1_1214' title='bbox 1376 5817 1617 5866; x_wconf 77' lang='lat' dir='ltr'>uincaris</span> <span class='ocrx_word' id='word_1_1215' title='bbox 1638 5832 1675 5866; x_wconf 91' lang='lat' dir='ltr'>a</span> <span class='ocrx_word' id='word_1_1216' title='bbox 1704 5822 1974 5867; x_wconf 81' lang='lat' dir='ltr'>tentatore.</span> <span class='ocrx_word' id='word_1_1217' title='bbox 2011 5816 2304 5868; x_wconf 73' lang='lat' dir='ltr'>Laboribus</span> <span class='ocrx_word' id='word_1_1218' title='bbox 2327 5817 2458 5877; x_wconf 83' lang='lat' dir='ltr'>suis,</span> <span class='ocrx_word' id='word_1_1219' title='bbox 2483 5816 2881 5878; x_wconf 83' lang='lat' dir='ltr'>tentationibus,</span> <span class='ocrx_word' id='word_1_1220' title='bbox 2899 5817 3267 5880; x_wconf 81' lang='lat' dir='ltr'>passionibus,</span> <span class='ocrx_word' id='word_1_1221' title='bbox 3294 5825 3479 5879; x_wconf 82' lang='lat' dir='ltr'>morte,</span> <span class='ocrx_word' id='word_1_1222' title='bbox 3500 5821 3583 5870; x_wconf 81' lang='lat' dir='ltr'>etc.</span> 
     </span>
    </p>
   </div>
  </div>
