3880 6222
73 376 200 431 889

76 493 337 539 terrenis
364 492 600 540 dimissis
623 492 685 539 ad
703 491 809 539 sola
830 491 1050 539 ctelestia
1083 492 1301 539 tendant.
1338 493 1392 538 In
1410 490 1571 550 prima
1597 495 1733 549 parte

75 556 338 601 ostendit
381 569 443 601 se
467 568 565 601 non
590 568 736 614 posse
770 555 1021 612 impediri,
1046 554 1171 613 quin
1202 555 1380 600 saltum
1406 566 1553 599 suum
1579 554 1731 611 perﬂ-

77 617 193 662 ciat
234 629 249 662 :
283 617 614 674 increpando
638 619 817 675 malos,
843 616 932 675 qui
962 617 1139 662 volunt
1182 630 1297 662 eum
1339 616 1600 677 impedire,
1625 615 1731 662 sive

84 680 694 738 persuasionibus,sive
720 678 1149 726 tribulationibus.
1178 679 1232 723 In
1255 678 1473 723 secunda
1486 680 1621 736 (qua:
1646 679 1725 723 iu-

79 742 223 799 (‘ipit
245 753 259 788 :
284 743 658 787 Verumtamen
686 742 779 787 Deo
800 741 1031 785 admonet
1054 741 1295 798 seipsum,
1323 746 1367 785 et
1386 740 1531 798 alios,
1558 746 1611 785 ut
1634 742 1731 785 Deo

81 804 331 858 subjecti
364 805 495 849 sint.
538 805 589 849 In
624 805 765 849 tertia
798 803 930 860 (qua)
962 802 1141 860 incipit
1168 818 1179 848 :
1221 803 1568 848 Verumtamen
1594 799 1730 862 vani)

84 867 348 922 increpat
383 866 547 911 malos
573 866 632 911 de
656 865 883 923 nequitia
905 865 1204 923 sua,etdicit
1221 876 1321 910 non
1346 877 1451 908 esse
1471 864 1731 909 conliden-

82 927 221 972 dum
254 928 315 972 in
359 928 595 973 terrenis.
632 928 844 973 Intentio
873 932 944 972 est
970 940 1060 972 nos
1083 928 1365 982 admonere,
1395 932 1447 970 ut
1472 926 1615 971 nulla
1640 926 1732 971 tri-

84 988 385 1035 bulatione
419 989 771 1047 impediamur,
797 989 923 1047 quin
947 1002 975 1033 a
1001 988 1206 1034 terrenis
1228 988 1289 1033 ad
1316 989 1537 1033 ecnlestia
1565 992 1731 1032 trans-

85 1064 306 1099 eamus.
362 1052 510 1098 Unde
544 1064 681 1098 nunc
714 1064 834 1097 voce
864 1051 1133 1108 cujuslibet
1166 1049 1369 1108 perfecti
1396 1057 1571 1096 contra
1594 1049 1731 1095 invi-

85 1114 186 1159 dos
214 1113 461 1159 dicitur:

615 1172 1015 1237 PSALMUS
1072 1171 1244 1235 LXI.

158 1268 217 1323 2.
251 1269 476 1320 Nonne
507 1270 613 1320 Deo
657 1269 889 1335 subjecta
931 1271 1033 1320 erit
1073 1271 1266 1320 anima
1294 1269 1452 1319 mea?
1481 1269 1733 1321 Noverat

90 1342 261 1391 enim
299 1341 425 1403 (Ea:
446 1342 792 1405 Augustino),
817 1342 1087 1405 quoniam
1114 1341 1213 1404 qui
1238 1352 1299 1391 se
1321 1339 1532 1391 exultat
1547 1339 1731 1391 humi-

89 1410 351 1463 liabitur
372 1430 385 1461 :
408 1414 468 1463 et
493 1412 765 1477 trepidus,
783 1424 856 1463 ne
874 1411 1244 1463 transiliendo
1263 1410 1595 1475 superbiret,
1612 1423 1731 1463 non

92 1483 301 1534 elatus
315 1496 398 1534 ex
418 1483 532 1544 his,
560 1496 691 1546 quas
707 1483 855 1533 infra
877 1488 1107 1534 essent:
1131 1482 1231 1534 sed
1254 1481 1488 1533 humilis
1501 1495 1573 1533 ex
1592 1483 1727 1542 Deo,

92 1553 201 1616 qui
217 1566 440 1616 supra,
454 1558 629 1612 esset,
647 1558 923 1616 tanquam
938 1553 1292 1603 minantibus
1305 1552 1355 1603 ei
1368 1552 1588 1602 ruinam
1602 1555 1731 1599 invi-

96 1623 214 1687 dis,
235 1624 347 1686 qui
367 1636 509 1675 eum
529 1624 868 1676 transiliisse
880 1622 1530 1686 doluerant,respondit:
1556 1625 1731 1672 Nonne

95 1696 224 1745 Deo
237 1695 358 1746 erit
384 1695 587 1745 anima
615 1695 897 1757 subjecta,
922 1696 981 1745 id
999 1697 1105 1755 est,
1131 1694 1405 1745 obediens
1422 1697 1477 1743 et
1494 1696 1729 1741 mandata

95 1767 230 1828 ejus
257 1766 638 1817 observans?
661 1766 888 1829 Anima,
910 1765 1057 1827 dico,
1084 1778 1229 1824 mea,
1255 1764 1313 1815 id
1339 1769 1445 1826 est,
1470 1776 1615 1816 mea:
1638 1777 1732 1827 po-

103 1836 345 1887 testatis
365 1851 379 1885 :
398 1836 538 1899 quia
550 1835 679 1888 licet
690 1850 899 1900 corpus
913 1840 1121 1887 vestra:
1137 1836 1436 1899 potestatis
1450 1835 1543 1892 sit,
1564 1843 1724 1882 tamen

1139 377 1212 428 IN
1246 374 1568 428 PSALMOS
1601 373 1807 427 LXXV
1842 373 2421 427 COMMENTARIUS.

3319 372 3424 429 890

1760 490 1813 565 Α
1832 487 2099 565 linquens
2111 487 2441 565 esemplum
2456 491 2521 540 ut
2534 488 2855 565 sequamini
2870 489 3078 565 vestigia
3088 491 3129 565 ej
3139 503 3198 565 us
3212 489 3255 553 (t
3266 488 3424 565 .Petr.

1832 558 1921 621 2.).
1949 561 2051 611 Vel
2074 561 2209 623 quia
2232 563 2353 624 ipse
2379 561 2576 612 fortem
2601 567 2657 613 et
2676 562 2987 625 patientem
3011 562 3143 611 facit
3166 561 3225 611 in
3250 561 3425 613 tribu-

1830 630 2159 682 lationibus.
2195 633 2371 682 Nemo
2409 632 2562 681 enim
2593 636 2766 695 tanta,
2799 632 2894 682 vel
2917 636 3113 696 aperta
3142 631 3303 689 bella,
3332 632 3425 684 vel

1832 703 2088 754 occultas
2112 702 2353 753 insidias
2378 705 2524 753 inter
2558 708 2783 765 apertos
2807 704 3001 754 hostes
3026 708 3082 754 et
3106 702 3281 753 falsos
3308 703 3423 754 fra-

1835 778 1948 824 tres
1973 773 2211 825 tolerare
2236 778 2450 836 posset,
2473 774 2583 823 nisi
2608 776 2968 837 omnipotens
2986 777 3136 824 Deus
3163 775 3311 824 vires
3324 786 3424 837 pa-

1831 844 2007 895 tiendi
2022 846 2310 896 tribueret.
2327 847 2539 894 Iterum
2552 843 2739 895 reddit
2761 842 2930 893 aliam
2945 857 3233 905 caussam,
3248 857 3421 907 quare

1829 917 2023 966 anima
2045 917 2162 966 Deo
2186 915 2393 966 debeat
2428 928 2557 966 esse
2582 916 2860 977 subjecta,
2892 914 3087 965 dicens
3113 931 3125 965 :
3154 916 3293 973 Quia
3313 917 3423 979 ipse

1829 987 1968 1036 Deus
1990 1003 2158 1049 meus,
2189 988 2287 1051 qui
2318 992 2484 1039 vocat
2516 1000 2623 1039 me.
2653 986 2725 1034 Et
2749 985 2986 1034 salvator
3028 1001 3193 1045 meus,
3219 988 3315 1050 qui
3336 1001 3424 1038 re-

1830 1059 2009 1109 demit
2042 1072 2150 1111 me.
2195 1059 2423 1121 Adjutor
2450 1073 2614 1106 meus.
2659 1057 2747 1108 Ad
2791 1058 2936 1107 bene
2964 1056 3343 1119 operandum:
3369 1062 3425 1108 et

1829 1130 1976 1192 ideo,
2034 1130 2155 1178 Non
2192 1129 2481 1192 emigrabo.
2518 1131 2762 1181 Versum
2802 1128 2959 1179 hunc
2987 1128 3110 1190 jam
3158 1128 3422 1191 superius

1828 1200 2128 1263 praemisit.
2149 1200 2258 1253 Sed
2275 1201 2410 1264 quia
2434 1200 2512 1251 ibi
2534 1200 2594 1251 in
2620 1199 2728 1251 hoc
2743 1199 3036 1250 auditores
3055 1210 3195 1249 suos
3213 1201 3423 1261 monuit,

1827 1284 1985 1322 nunc
2010 1271 2259 1322 eundem
2283 1270 2358 1322 ad
2384 1270 2474 1321 sui
2500 1269 2686 1334 ipsius
2704 1269 3161 1320 exhortationem
3180 1267 3422 1333 repetiit.

1830 1344 1931 1393 Est
1953 1346 2147 1393 autem
2160 1341 2299 1392 utile
2312 1339 2640 1403 consilium,
2663 1341 2724 1391 in
2748 1340 3019 1391 omnibus
3034 1342 3187 1388 Deum
3199 1345 3423 1387 nostrum

1831 1411 2174 1464 salvatorem
2193 1418 2367 1475 atque
2389 1412 2480 1476 adj
2491 1416 2709 1463 utorem
2726 1411 3016 1463 reminisci
3033 1428 3043 1459 :
3058 1414 3346 1474 quatenus
3361 1412 3423 1457 ab

1829 1495 1894 1535 eo
1919 1483 2091 1535 nullis
2114 1484 2526 1535 tentationibus
2546 1486 2839 1535 valeamus
2861 1483 3157 1547 emigrare.
3185 1483 3322 1530 Unde
3334 1483 3421 1528 nd-

1828 1555 1944 1605 huc
1970 1556 2167 1606 subdit
2189 1571 2201 1605 :

1890 1625 1940 1679 8.
1960 1626 2023 1674 In
2052 1626 2158 1675 Deo
2194 1625 2431 1675 salutare
2454 1640 2651 1677 meum.
2678 1625 2741 1677 Id
2775 1629 2883 1683 est,
2908 1637 3007 1689 per
3029 1627 3215 1676 Deum
3238 1623 3421 1674 habeo

1831 1695 2226 1747 salvationem.
2252 1699 2394 1747 Tota
2407 1708 2637 1759 nanque
2662 1694 2782 1746 salu
2792 1710 2818 1745 s
2825 1696 2845 1759 j
2857 1699 3121 1746 ustorum
3135 1695 3205 1745 ad
3220 1709 3335 1742 eum
3352 1709 3423 1741 re-

1829 1768 2061 1818 ferenda
2084 1772 2188 1828 est,
2213 1768 2312 1830 qui
2330 1767 2611 1829 justiticat
2635 1767 2896 1831 impium.
2916 1767 2982 1815 Et
2997 1766 3173 1828 gloria
3190 1780 3337 1813 mea:
3365 1770 3421 1811 ut

1830 1838 2169 1898 (secundum
2186 1837 2539 1902 Apostolum)
2567 1836 2970 1902 quigloriatur,
2986 1838 3044 1887 in
3059 1836 3304 1887 Domino
3316 1837 3421 1894 glo-

100 1907 310 1957 anima
346 1894 660 1970 utinquam
701 1894 811 1958 nisi
862 1919 991 1958 mea
1040 1894 1162 1957 erit.
1207 1908 1725 1968 Quantumcunque
1752 1894 1805 1968 B
1829 1894 2008 1960 rietur
2026 1907 2091 1971 (9..
2111 1894 2507 1970 Cor.'lO.).Vel
2527 1894 2799 1971 'qdiavper
2816 1894 3007 1971 ipsum
3031 1906 3421 1972 gloriaaiterntn

98 1978 414 2039 accedam,
433 1984 954 2042 quantumcunque
968 1981 1252 2040 ascendam,
1264 1984 1727 2038 quantamcumque

104 2048 471 2110 transiliam,
498 2050 608 2100 sub
630 2050 749 2101 Deo
773 2062 887 2111 ero,
913 2061 1032 2100 non
1044 2054 1243 2100 contra
1266 2051 1467 2099 Deum.
1483 2049 1728 2098 Securus

101 2132 203 2170 ero
233 2120 716 2172 transcendendo
740 2125 964 2183 caetera,
986 2119 1320 2183 quandoille
1339 2131 1433 2170 me
1447 2119 1555 2170 sub
1574 2132 1633 2169 se
1646 2123 1730 2169 te-

106 2194 235 2251 net,
260 2191 372 2254 qui
400 2195 497 2242 est
520 2204 695 2255 super
717 2193 929 2243 omnia.
962 2193 1029 2242 Et
1048 2192 1273 2255 justum
1291 2195 1398 2253 est,
1442 2196 1509 2241 ut
1539 2190 1732 2241 eisub-

98 2262 286 2324 jiciar,
324 2260 413 2311 Ab
440 2262 556 2325 ipso
583 2262 748 2325 enim,
773 2262 831 2313 id
869 2267 976 2323 est,
1003 2274 1037 2312 a
1059 2263 1178 2312 Deo
1211 2264 1372 2313 Patre
1401 2267 1471 2310 est
1493 2261 1731 2310 salutare

104 2346 314 2389 meum,
339 2331 404 2383 id
432 2338 543 2397 est,
569 2345 694 2384 mea
720 2334 981 2385 salvatio.
1011 2334 1077 2383 Et
1100 2332 1209 2384 hoc
1233 2333 1503 2396 probatur
1528 2350 1538 2380 :

172 2402 225 2456 3.
257 2403 413 2453 Nam
451 2410 496 2452 et
534 2404 646 2467 ipse
671 2405 810 2453 Deus
834 2419 999 2467 meus,
1030 2405 1129 2466 qui
1155 2417 1246 2455 me
1270 2403 1501 2465 creavit,
1525 2407 1569 2451 et
1592 2402 1731 2451 salu-

106 2475 243 2523 taris
268 2489 454 2533 meus,
478 2474 683 2537 quime
704 2474 967 2525 salvavit.
984 2474 1264 2538 Susceptor
1278 2489 1445 2534 meus,
1464 2474 1563 2537 qui
1581 2477 1729 2522 mede

106 2549 295 2595 morte
308 2545 389 2595 ad
409 2546 608 2605 vitam,
623 2546 694 2597 de
704 2558 877 2609 paena
894 2544 966 2596 ad
990 2545 1226 2609 gloriam
1256 2546 1532 2607 suscepit.
1565 2544 1726 2595 Ideo-

109 2628 240 2677 que,
268 2615 403 2665 Non
446 2615 685 2665 movebar
706 2616 961 2681 amplius.
1000 2616 1157 2667 Licet
1190 2615 1494 2678 aliquando
1530 2619 1725 2666 motus

110 2685 344 2747 fuerim,
358 2700 527 2737 nunc
544 2692 869 2750 susceptus,
883 2691 940 2738 et
953 2692 1192 2738 sanatus
1206 2698 1335 2737 sum
1349 2687 1421 2736 ab
1433 2690 1666 2737 auctore
1679 2692 1726 2733 et

112 2756 331 2808 Redem
342 2762 467 2809 tore
483 2770 629 2808 meo.
650 2760 779 2808 Jam
803 2759 1046 2810 ulterius
1068 2771 1187 2809 non
1210 2759 1501 2808 movebor.
1532 2758 1600 2806 Et
1622 2768 1727 2807 no-

116 2827 380 2889 tandum,
408 2828 568 2891 quod
590 2828 738 2879 inter
760 2828 1051 2890 Salutaris,
1076 2834 1133 2880 et
1166 2828 1423 2879 Salutare
1450 2830 1537 2879 est
1564 2826 1726 2877 diti‘e-

113 2899 315 2949 rentia.
339 2899 589 2951 Nomine
608 2900 761 2950 enim
787 2899 1056 2951 salutaris
1076 2900 1337 2949 Christus
1351 2901 1612 2959 accipitur.
1635 2902 1724 2946 Sa-

112 2967 187 3018 lui
200 2982 300 3020 are
316 2975 543 3032 autem,
560 2971 695 3033 quia
710 2983 811 3034 per
825 2983 959 3022 eum
976 2971 1216 3021 salvatio
1236 2970 1383 3021 facta
1400 2971 1720 3029 intelligitur.

116 3040 184 3090 Et
208 3040 449 3102 quando
469 3040 703 3104 quidem
721 3045 946 3092 tantum
968 3041 1150 3093 habeo
1173 3040 1543 3105 Salvatorem,
1557 3053 1591 3092 a
1608 3052 1721 3103 quo

114 3111 368 3172 amplius
415 3124 534 3162 non
558 3112 870 3163 movebor:
897 3111 1073 3174 igitur
1094 3125 1127 3161 ο
1166 3110 1345 3173 stulti,

405 3182 459 3235 4.
488 3184 775 3245 Quousque
804 3182 1037 3242 irruitis,
1061 3182 1116 3232 id
1156 3188 1263 3239 est,
1290 3180 1546 3245 quandiu
1583 3181 1722 3232 irra-

1829 1980 1969 2031 vitae
1996 1980 2275 2037 tribuitur,
2296 1980 2519 2031 interim
2538 1980 2850 2030 nuncinter
2861 1979 3206 2029 tentationes
3218 1984 3423 2026 ctscan-

1827 2050 1975 2112 dala,
2002 2050 2151 2101 inter
2175 2055 2403 2113 apertas
2426 2050 2888 2113 oppugnationes
2915 2054 2973 2101 et
2990 2048 3420 2099 subdolaslocu-

1826 2123 2033 2181 tiones,
2064 2121 2202 2169 Deus
2225 2121 2431 2170 auxilii
2450 2122 2574 2168 mei.
2600 2122 2709 2171 Dat
2733 2120 2881 2170 enim
2898 2119 3177 2170 auxilium
3192 2120 3423 2167 certanti-

1828 2192 1956 2242 bus.
2003 2191 2070 2240 Et
2316 2206 2430 2255 spes
2458 2206 2576 2240 mea
2599 2192 2659 2239 in
2684 2192 2790 2241 Deo
2815 2196 2901 2239 est.
2931 2195 3049 2250 Spes
3076 2190 3179 2253 (Ea:
3201 2190 3421 2252 Augus-

1829 2263 1959 2325 tino)
1998 2264 2254 2326 quandiu
2290 2262 2549 2313 nondum
2571 2266 2679 2323 est,
2695 2261 2847 2324 quod
2864 2261 3212 2324 promissum
3230 2265 3338 2322 est,
3364 2263 3421 2310 et

1829 2334 2097 2396 creditur,
2117 2333 2274 2396 quod
2292 2346 2409 2384 non
2429 2332 2674 2383 videtur.
2693 2334 2835 2384 Cum
2858 2335 3052 2382 autem
3070 2330 3302 2390 venerit,
3327 2332 3420 2379 erit

1830 2404 2069 2456 salvatio
2087 2409 2145 2455 et
2160 2404 2513 2468 glorificatio.
2534 2404 2659 2453 Non
2677 2408 2868 2455 tamen
2884 2403 3024 2453 dum
3039 2400 3134 2452 illa
3150 2401 3421 2452 differun-

1831 2480 1941 2535 tur,
1968 2476 2302 2526 deserimur.
2318 2477 2456 2524 Deus
2476 2474 2850 2526 enimauxilii
2875 2474 2997 2533 mei,
3022 2478 3067 2520 et
3092 2488 3202 2536 spes
3226 2486 3345 2521 mea
3360 2472 3421 2519 in

1827 2545 1934 2594 Deo
1957 2551 2044 2595 est.
2079 2547 2207 2596 Jam
2232 2549 2474 2596 caeteros
2502 2544 2767 2609 exemplo
2792 2557 2896 2596 suo
2920 2544 3270 2605 exhortatur,
3294 2548 3423 2594 tan-

1826 2626 2002 2679 quam
2026 2629 2259 2667 currens
2278 2616 2336 2666 in
2358 2616 2471 2678 siti,
2496 2616 2831 2667 desiderans
2853 2628 3056 2668 omnes
3073 2615 3264 2667 salvos
3280 2614 3419 2665 iieri.

1824 2688 1855 2736 J
1864 2692 2054 2738 ustum
2069 2691 2157 2738 est
2181 2687 2353 2748 enim,
2377 2691 2443 2737 ut
2465 2686 2563 2749 qui
2590 2687 2734 2737 bene
2749 2686 3082 2738 vivendoad
3100 2688 3281 2737 Deum
3302 2700 3422 2732 cur-

1825 2763 1976 2816 runt,
2004 2770 2200 2808 secum
2213 2758 2284 2809 ad
2296 2770 2431 2809 eum
2448 2756 2670 2809 trahere
2684 2757 2975 2817 festinent,
2996 2769 3139 2821 quos
3155 2760 3418 2820 possunt.

1823 2829 1919 2879 Ait
1948 2841 2082 2892 ergo
2110 2844 2122 2878 :

1884 2899 1936 2952 9.
1960 2899 2178 2963 Sperate
2214 2900 2271 2947 in
2310 2914 2367 2947 eo
2390 2898 2568 2947 omnis
2591 2898 2932 2961 congregatio
2964 2897 3172 2962 populi,
3204 2898 3418 2961 Omnes

1824 2970 1922 3033 qui
1954 2971 2285 3033 congregati
2322 2970 2461 3021 estis
2485 2970 2541 3019 in
2566 2970 2787 3021 unitate
2808 2968 2959 3020 ﬁdei.
2976 2971 3045 3020 Et
3070 2973 3134 3019 ut
3162 2968 3334 3031 digne
3360 2968 3418 3019 in

1821 3042 1914 3092 illo
1939 3041 2173 3105 possitis
2185 3056 2383 3103 sperare
2406 3040 2686 3105 Eﬂ'undite
2708 3055 2888 3090 coram
2917 3040 3007 3089 illo
3031 3041 3194 3089 corda
3221 3046 3402 3089 vestra.

1821 3113 1883 3163 Id
1905 3116 2012 3174 est,
2037 3117 2310 3164 evacuate
2339 3113 2411 3162 ab
2436 3112 2591 3162 omni
2612 3112 2795 3174 sorde,
2822 3116 2887 3161 ut
2908 3112 3024 3162 sint
3066 3123 3258 3162 coram
3292 3111 3406 3173 illo,

1820 3183 1878 3233 id
1900 3189 2003 3245 est,
2029 3184 2086 3233 in
2114 3182 2690 3245 beneplacitoipsius:
2714 3183 2850 3245 quia
2872 3183 2968 3245 qui
2991 3194 3104 3232 non
3126 3182 3299 3233 habet
3312 3194 3410 3233 cor

118 3251 473 3304 tionabiliter
507 3254 787 3317 impetum
813 3253 1015 3310 facitis,
1040 3254 1103 3301 In
1129 3254 1403 3301 hominem
1421 3256 1445 3303 .9
1476 3251 1721 3302 exterio-
1745 3248 1793 3321 ί]
1821 3267 2070 3305 vacuum
2099 3267 2133 3305 a
2163 3254 2331 3317 malo,
2357 3254 2404 3304 si
2436 3258 2644 3316 speret,
2677 3266 2791 3304 non
2817 3258 2906 3304 est
2929 3266 3075 3317 spes,
3114 3253 3213 3303 sed
3258 3265 3406 3316 prte-

116 3334 250 3373 rem.
277 3324 425 3384 Quia
457 3323 595 3375 licet
627 3336 834 3387 corpus
869 3324 1103 3387 possitis
1140 3324 1410 3387 afﬂigere,
1438 3335 1623 3386 usque
1647 3322 1720 3373 ad

118 3393 367 3444 animam
394 3394 718 3458 pertingere
741 3407 857 3445 non
886 3395 1126 3458 potestis
1154 3394 1360 3457 (Matth.
1390 3393 1516 3456 10.).
1542 3395 1720 3445 Nobis

117 3463 345 3525 quidem
394 3464 621 3516 nullum
655 3470 746 3516 est
790 3464 1216 3516 detrimentum.
1254 3465 1363 3516 Sed
1400 3477 1501 3516 vos
1534 3465 1594 3515 in
1632 3477 1716 3525 eo,

117 3535 267 3595 quod
291 3536 486 3599 agitis,
508 3541 769 3587 vestrum
797 3537 1040 3599 cogitate
1062 3536 1374 3587 interitum.
1395 3536 1721 3598 Quialnter-

116 3606 271 3664 licitis
292 3607 539 3655 universi
562 3622 668 3658 vos.
713 3607 1049 3670 Quicunque
1061 3609 1245 3658 bonos
1257 3620 1291 3658 a
1308 3620 1413 3659 suo
1430 3606 1719 3671 proposito

115 3676 376 3743 nitimini,
406 3690 725 3737 removere,
768 3678 891 3729 sive
920 3679 1338 3736 dissuadendo,
1375 3678 1497 3729 sive
1525 3690 1721 3741 perse-

116 3747 360 3811 quendo,
404 3761 511 3799 vos
546 3748 702 3812 ipsos
736 3749 793 3799 in
826 3750 933 3799 hoc
966 3750 1125 3800 intus
1168 3748 1445 3800 occiditis.
1479 3749 1718 3799 Animas

120 3821 337 3868 vestras
375 3818 670 3870 damnatis
697 3838 709 3867 :
746 3819 959 3869 irruitis
1004 3825 1197 3870 autem
1226 3825 1490 3883 tanquam
1511 3819 1714 3882 parieti

120 3885 393 3938 inclinato.
411 3889 480 3939 Id
498 3891 604 3950 est,
622 3889 771 3940 sicut
784 3888 1093 3940 inclinatus
1113 3891 1298 3953 paries
1316 3903 1532 3954 pronus
1548 3891 1712 3940 estad

117 3956 353 4019 ruinam,
374 3960 460 4010 sic
484 3972 592 4010 nos
613 3959 687 4009 ad
710 3959 1029 4011 cadendum
1043 3961 1346 4011 aestimatis
1370 3961 1580 4021 faciles,
1604 3970 1714 4008 tan-

118 4038 287 4087 quam
311 4030 473 4081 omni
493 4030 876 4081 destituamur
890 4032 1175 4081 auxillo.Et
1190 4033 1433 4080 maceriae
1447 4032 1673 4094 depulsa:
1687 4034 1713 4081 ‘I

120 4096 177 4146 id
200 4103 309 4159 est,
333 4101 491 4152 sicut
522 4101 768 4152 maceria
808 4103 931 4152 sine
975 4106 1259 4153 caemento
1284 4106 1375 4153 est
1397 4102 1631 4165 fragilis,
1657 4104 1713 4152 et

120 4167 166 4216 si
198 4168 533 4235 depellatur,
550 4171 714 4222 facile
738 4174 875 4223 ruit:
905 4172 984 4222 sic
1010 4185 1114 4221 nos
1133 4172 1345 4235 putatis
1365 4172 1487 4221 sine
1502 4171 1712 4230 colliga-

122 4237 266 4290 tione
290 4253 439 4303 esse,
467 4248 526 4294 et
549 4255 757 4305 pronos
792 4243 865 4293 ad
901 4243 1128 4293 ruinam
1155 4259 1167 4292 :
1196 4243 1297 4293 sed
1342 4255 1457 4294 non
1486 4247 1577 4294 est
1610 4244 1706 4293 ita.

179 4307 229 4362 5.
250 4312 635 4362 Verumtamen
648 4314 903 4365 nonideo
917 4318 1146 4365 cessant
1178 4313 1330 4376 mali,
1351 4313 1450 4364 sed
1468 4314 1709 4363 Pretium

118 4393 291 4430 meum
336 4386 706 4449 cogitaverunt
748 4385 991 4449 repellere
1030 4398 1065 4435 θ.
1109 4396 1217 4434 me.
1268 4384 1331 4435 Id
1381 4390 1487 4443 est,
1524 4386 1709 4435 Deum

120 4462 305 4521 meum
320 4461 379 4506 et
404 4457 663 4521 gloriam,
689 4469 865 4520 quam
890 4468 1054 4519 spero
1076 4455 1348 4515 futuram,
1374 4459 1709 4517 meritumque

120 4519 323 4583 laboris
343 4519 567 4578 auferre
590 4519 749 4578 mihi.
778 4527 913 4578 Ideo
940 4527 1172 4575 Cucurri
1196 4527 1256 4574 in
1278 4526 1385 4576 siti.
1406 4527 1532 4576 Non
1550 4531 1611 4577 ut
1634 4526 1711 4590 pi-

122 4602 216 4653 ger
238 4596 660 4660 etfastidiosus,
680 4598 782 4649 sed
800 4603 1075 4660 tanquam
1092 4598 1314 4660 sitiens,
1332 4601 1391 4648 et
1406 4599 1709 4660 projustitia

1823 3326 2053 3376 sumtio.
2078 3326 2259 3375 Nolite
2289 3338 2423 3388 ergo
2452 3325 2556 3387 (Ex
2591 3324 2722 3385 eod.)
2747 3323 2919 3375 corda
2940 3327 3130 3374 vestra
3164 3325 3410 3375 retinere

1820 3396 1971 3447 intra
1994 3396 2165 3446 corda
2189 3400 2401 3457 vestra,
2439 3408 2629 3445 coram
2653 3393 2747 3444 illo
2773 3394 3046 3445 effundite
3071 3395 3410 3457 plangendo,

1821 3466 2169 3528 confitendo,
2187 3466 2559 3529 deprecando.
2586 3465 2725 3523 Quia
2745 3465 2883 3513 Deus
2908 3465 3128 3527 adjutor
3150 3470 3328 3514 noster
3350 3466 3411 3513 in

1817 3542 2095 3586 aeternum.
2123 3538 2247 3587 Non
2260 3541 2349 3587 est
2370 3535 2498 3586 talis
2522 3536 2751 3599 adjutor
2766 3536 3012 3598 Deus,ut
3028 3536 3216 3586 homo.
3243 3535 3414 3598 Adju-

1817 3614 1960 3661 vant
1999 3608 2152 3659 enim
2200 3607 2464 3658 homines
2518 3605 2915 3669 temporaltter.
2952 3606 3209 3669 Adjuvat
3258 3607 3411 3657 Deus

1817 3680 1989 3731 etiam
2017 3678 2088 3729 ad
2116 3678 2494 3729 aeternitatem
2524 3677 2930 3740 praestandam.
2962 3677 3103 3725 Deus
3138 3677 3407 3740 (inquam)

1816 3752 2036 3813 adjutor
2062 3756 2236 3798 noster
2268 3751 2327 3797 in
2359 3756 2632 3797 aeternum.

1878 3820 1964 3875 10.
1998 3822 2373 3871 Vemmtamcn
2390 3818 2633 3880 vani/itii
2652 3818 2957 3867 hominum.
2973 3819 3110 3869 IIEBC
3122 3825 3408 3869 nonatten-

1815 3893 1979 3952 dunt,
2006 3893 2106 3942 sed
2134 3890 2503 3952 suntvani,id
2526 3894 2634 3946 est,
2661 3890 2833 3940 dediti
2862 3889 3410 3940 vanitatibusFilios

1814 3965 1951 4015 dicit
1970 3964 2268 4014 hominum
2283 3963 2601 4012 imitatores
2616 3963 2915 4012 carnaliter
2935 3960 3270 4011 viventium.
3287 3966 3411 4009 Sunt
3483 3965 3492 3973 '

1812 4036 1985 4085 etiam
2011 4034 2290 4082 mendaces
2312 4033 2416 4095 filii
2442 4033 2730 4079 hominum
2748 4034 2807 4079 in
2823 4032 3052 4093 staleris,
3069 4032 3125 4082 id
3159 4032 3413 4089 est,inli-

1813 4107 1914 4155 bra
1954 4104 2219 4167 justitiaa,
2254 4103 2314 4151 in
2351 4102 2482 4151 boni
2529 4101 2778 4163 malique
2815 4101 3244 4163 deliberatione,
3270 4101 3411 4152 dum

1812 4176 1963 4225 bono
1988 4173 2206 4223 malum
2225 4171 2677 4235 praeponderent.
2696 4171 2922 4220 Dictum
2946 4177 3037 4222 est
3053 4172 3161 4221 hoc
3183 4185 3217 4222 a
3241 4172 3411 4222 simili

1810 4257 2007 4295 eorum
2032 4244 2130 4307 qui
2150 4244 2209 4293 in
2234 4242 2483 4303 stateris,
2501 4240 2782 4301 inquibus
2803 4241 3028 4291 videtur
3053 4254 3181 4292 esse
3194 4244 3409 4304 justitia,

1809 4319 2093 4378 emptores
2136 4312 2450 4375 decipiunt.
2492 4311 2653 4362 Unde
2691 4316 2747 4361 et
2788 4311 3020 4360 subdit:
3048 4317 3106 4360 ut
3137 4312 3411 4374 decipiant

1810 4386 1916 4449 ipsi
1941 4386 2003 4433 de
2021 4386 2256 4433 vanitate
2280 4384 2337 4430 in
2366 4381 2629 4445 idipsu'n:
2660 4381 2765 4434 hoc
2778 4380 2932 4443 quod
2949 4382 3047 4441 ait,
3060 4382 3125 4429 In
3150 4381 3411 4444 idipsum,

1812 4456 2115 4520 signiﬁcat,
2135 4454 2274 4516 quia
2298 4452 2403 4503 etsi
2417 4457 2554 4503 sunt
2572 4452 2819 4503 diversa:
2833 4450 3412 4514 fraudes,diversier-

1809 4539 1984 4587 rores,
2021 4525 2250 4577 diversa
2290 4523 2591 4585 dogmata:
2620 4523 2811 4573 omnia
2845 4521 3090 4571 tendunt
3128 4521 3200 4570 ad
3233 4533 3409 4571 unam

1820 4599 2155 4657 vanitatem,
2169 4597 2236 4647 ad
2268 4608 2445 4645 unum
2472 4606 2712 4657 iegnum
2734 4592 3142 4644 destructionis
3158 4598 3216 4643 et
3234 4592 3411 4656 perdi-

127 4664 262 4715 mori
297 4654 658 4719 desiderans:
698 4669 784 4719 Ad
822 4654 1153 4732 pas-sionem
1198 4654 1352 4719 enim
1399 4654 1585 4719 alacer
1608 4668 1703 4720 fui.
1738 4654 1795 4725 Ι)
1820 4670 2013 4723 tionis.
2053 4654 2498 4729 Ab'hujusmodi
2523 4654 2780 4716 vanitate
2809 4676 2946 4727 ergo
2967 4665 3168 4714 nititur
3190 4654 3287 4714 eos
3311 4662 3411 4715 de-

125 4732 275 4804 Beati
300 4740 474 4802 enim,
499 4740 598 4804 qui
624 4741 884 4792 esuriant
910 4744 967 4791 et
990 4740 1194 4790 sitiunt
1223 4740 1526 4801 justitiam,
1562 4753 1708 4803 quo-

126 4803 271 4856 niam
294 4808 407 4871 ipsi
428 4811 840 4861 saturabuntur
869 4811 1079 4874 (Matth.
1108 4809 1199 4873 5.).
1233 4810 1384 4861 Inter
1403 4810 1559 4861 hunc
1583 4825 1712 4862 cur-

125 4884 250 4925 sum
275 4880 520 4941 etsitim,
540 4880 640 4929 Ore
662 4896 759 4929 suo
776 4881 866 4929 ben
875 4880 1163 4931 edicebant.
1185 4882 1255 4932 Ut
1269 4880 1616 4932 adulationis
1634 4897 1712 4930 me

129 4945 306 4997 verbis
329 4947 671 5014 deciperent.
694 4950 760 4999 Et
780 4951 935 5000 corde
952 4965 1050 4999 suo
1071 4950 1471 5000 maledicebanl.
1499 4952 1716 5013 Iniqui-

130 5015 296 5085 tatem
311 5024 370 5070 et
381 5025 625 5072 mortem
635 5021 1057 5073 machinantes.
1074 5024 1195 5072 IIoc
1210 5022 1427 5073 faciunt
1439 5022 1639 5085 iniqui,
1657 5027 1715 5073 et

129 5081 321 5157 dolosi,
349 5091 582 5153 quando
605 5096 802 5155 aperte
826 5093 1010 5143 bonos
1048 5105 1165 5142 non
1190 5095 1406 5144 audent
1428 5081 1712 5157 persequi.

128 5153 228 5207 Ore
239 5157 436 5213 doloso
460 5153 775 5225 loquuntur
795 5164 1029 5227 bonum,
1048 5163 1149 5213 sed
1170 5164 1329 5214 intus
1344 5165 1400 5214 in
1414 5153 1583 5215 corde
1600 5153 1716 5212 latet

129 5236 427 5283 venenum.
456 5233 565 5284 Sed
600 5235 867 5297 quamvis
893 5234 1002 5285 hoc
1029 5234 1255 5294 faciant,
1281 5235 1407 5286 haec
1441 5234 1710 5297 cogitent,

128 5301 383 5368 quamvis
420 5302 730 5367 impellant,
773 5304 1131 5364 insidientur,
1159 5309 1595 5368 persequantur,
1621 5316 1716 5354 ca-

130 5361 472 5447 lumnientur
486 5361 620 5440 [ego
635 5361 825 5427 tamen
844 5375 1064 5425 fixusin
1082 5361 1199 5424 Deo
1217 5361 1714 5447 pet-manebo.'ldco

132 5446 370 5493 animam
389 5458 555 5496 suam
579 5447 727 5497 inter
752 5452 835 5497 tot
860 5446 1109 5501 pericula
1139 5446 1452 5496 exhortans
1478 5446 1674 5495 subdit
1698 5460 1710 5496 :

188 5507 235 5560 6.
266 5511 619 5565 Veruntamcn
647 5517 750 5565 Deo
785 5517 1015 5581 subjecta
1037 5524 1141 5564 esto
1168 5516 1360 5565 anima
1384 5531 1521 5563 mea.
1560 5516 1715 5566 Sicut.

129 5580 340 5651 cepisti,
363 5598 707 5651 recognosce
732 5580 957 5639 tcabeo
978 5587 1270 5651 accepisse
1285 5587 1450 5645 bona,
1465 5598 1595 5647 quae
1619 5586 1715 5637 lia-

133 5647 241 5726 bes.
259 5647 566 5709 iiumiliavte
590 5660 668 5710 illi
691 5665 973 5721 quantum
1000 5647 1262 5723 potes.Et
1284 5670 1344 5708 re
1367 5669 1502 5708 vera
1525 5656 1604 5707 ita
1626 5657 1713 5707 fa-

133 5729 251 5801 cies.
270 5728 579 5801 :AQuoniam
604 5729 670 5801 ab
703 5732 818 5793 ipso
831 5731 1099 5794 patientia
1124 5745 1260 5780 mea.
1296 5728 1407 5801 γει
1431 5727 1563 5801 quia
1589 5728 1713 5801 ipse

132 5786 382 5865 Christus
405 5786 932 5865 exemplum-factus
957 5808 1046 5853 est
1071 5800 1377 5865 patientiae,
1403 5786 1551 5848 sicut
1576 5786 1713 5849 dicit

134 5861 459 5923 Apostolus:
482 5861 745 5925 Christus
764 5886 977 5937 passus
995 5861 1198 5936 estpro
1223 5870 1410 5933 nobis,
1430 5869 1594 5921 vobis
1622 5882 1711 5920 re-

1810 4740 2046 4802 hortari,
2072 4751 2203 4790 cum
2231 4736 2526 4799 subjungit
2552 4753 2561 4783 :
2585 4796 2596 4805 .

1877 4813 1961 4868 11.
1996 4812 2173 4862 Nolite
2195 4824 2411 4874 sperare
2435 4810 2495 4856 in
2523 4804 2835 4871 iniquitate.
2875 4807 2945 4856 Et.
2966 4804 3116 4856 hanc
3138 4804 3410 4868 iniquita-

1812 4891 1930 4937 tem
1955 4896 2054 4947 per
2081 4887 2271 4946 partes
2296 4879 2619 4943 exequitur,
2649 4891 2780 4928 cum
2813 4876 3168 4928 subinfertur
3192 4890 3204 4926 :
3226 4876 3293 4924 Et
3315 4892 3410 4924 ra-

1810 4957 1977 5020 pinas
2000 4955 2161 5002 nolite
2179 4952 2544 5015 concupiscere
2563 4949 2791 5001 Dictum
2817 4952 2906 4999 est
2931 4948 3279 5020 pauperibus
3296 4950 3405 5020 hoc.

1816 5017 2081 5074 fortassis
2097 5021 2309 5085 aliquid
2328 5020 2398 5071 de
2422 5020 2766 5071 necessitate
2790 5018 3056 5082 rapturis.
3085 5017 3338 5068 Audiant
3357 5018 3412 5066 et

1814 5095 2054 5145 divites:
2078 5093 2344 5143 Divitiaesi
2357 5092 2611 5154 a/ﬂuant,
2636 5090 2684 5140 si
2701 5090 3020 5151 exundent,
3048 5093 3321 5151 tanquam
3340 5086 3411 5138 de

1815 5165 1969 5215 fonte
2008 5167 2256 5225 currant,
2278 5162 2452 5212 Nolite
2484 5177 2575 5211 cor
2590 5175 2876 5223 apponere.
2906 5161 3053 5210 Nein
3074 5158 3282 5210 divitiis
3309 5158 3412 5220 (Ea:

1818 5235 1954 5293 cod.)
1982 5233 2780 5297 contidatis.NeprtBsumatis
2809 5244 2908 5282 :ne
2935 5230 3192 5294 speretis.
3220 5230 3301 5279 Ne
3326 5227 3415 5277 di-

1818 5309 1980 5355 catur
2009 5307 2185 5356 :Ecce
2211 5306 2399 5367 homo,
2437 5306 2661 5367 quinon
2689 5304 2881 5365 posuit
2894 5305 3071 5353 Deum
3090 5300 3413 5363 adjutorem

1816 5388 1992 5425 suum
2029 5376 2187 5435 (Psal.
2228 5375 2368 5437 51.):
2402 5376 2503 5426 sed
2520 5376 2770 5438 Speravit
2790 5375 2849 5424 in
2876 5370 3244 5423 multitudine
3268 5369 3413 5419 divi-

1817 5448 2028 5498 tiarum
2046 5460 2301 5505 suarum,
2327 5455 2384 5498 et
2400 5447 2772 5511 praevaluitin
2787 5446 3039 5497 vanitate
3064 5455 3185 5493 sua.
3200 5444 3412 5493 Beatus

1814 5522 2007 5567 autem
2033 5519 2202 5581 cujus
2244 5524 2332 5569 est
2377 5519 2655 5570 Dominus
2694 5521 2849 5568 Dens
2877 5528 3009 5579 spes
3043 5516 3187 5578 ejus,
3214 5518 3270 5564 et
3295 5526 3414 5563 non

1813 5588 2072 5649 respexit
2098 5592 2156 5638 in
2187 5590 2473 5640 vanitates
2516 5594 2574 5639 et
2613 5588 2868 5639 insanias
2892 5587 3064 5637 falsas
3093 5584 3254 5650 (Psal.
3282 5584 3412 5647 39.).

1816 5658 1958 5707 Ecce
1976 5657 2067 5708 ille
2105 5671 2221 5709 non
2257 5659 2450 5718 habet,
2469 5660 2575 5709 iste
2602 5658 2791 5709 habet.
2825 5658 2921 5709 Ille
2947 5671 3061 5709 non
3083 5662 3412 5718 (interutra-

1814 5740 1965 5791 pere,
2009 5730 2163 5792 quod
2206 5743 2320 5781 non
2354 5730 2543 5781 habet.
2573 5730 2688 5779 Iste
2713 5730 2771 5778 in
2794 5742 2861 5779 eo
2885 5728 3036 5791 quod
3074 5727 3265 5784 habet.
3292 5740 3412 5778 non

1812 5806 2062 5863 apponat
2084 5815 2205 5853 cor:
2238 5814 2352 5852 non
2392 5800 2470 5851 ibi
2494 5800 2649 5861 figat,
2678 5799 2778 5850 sed
2807 5799 2991 5862 magis
3017 5798 3232 5849 timeat.
3260 5799 3411 5849 Prai-

1813 5870 1938 5932 cipe
1951 5872 2156 5936 (inquit
2179 5871 2402 5933 Paulus)
2431 5868 2711 5922 divitibus
2736 5869 2912 5934 hujus
2933 5868 3130 5926 seculi,
3171 5879 3287 5919 non
3310 5879 3408 5917 su-
