3880 6222
472 318 575 372 891
1533 316 1799 368 RUFINO
1841 312 2300 367 PRESBYTERO
2334 314 2721 367 ASCRIPTUS
3698 314 3824 368 893

464 432 634 496 perbe
672 444 890 496 sapere,
916 444 1027 484 nec
1053 444 1279 496 sperare
1307 430 1365 483 in
1389 431 1605 482 incerto
1630 429 1960 509 divitiarum
1987 429 2058 493 (1.
2088 433 2142 505 Α
2165 440 2434 479 caussam
2457 429 2889 509 ostendit,_cum
2906 428 3250 509 subjungit:
3284 427 3579 509 Sitivitﬁin
3611 434 3657 509 te
3680 445 3753 478 an
3768 431 3824 509 ἐξ

473 503 603 551 Tim.
650 502 740 565 6.).
786 505 933 567 Ergo
974 516 1092 554 non
1118 503 1397 562 fraudem,
1424 516 1539 553 non
1570 501 1827 564 rapinam
1852 514 2064 552 concu-
2088 500 2142 505 ““
2163 515 2415 580 mit-mra,
2437 516 2604 580 quam
2628 501 3001 580 multipliciter
3025 500 3274 580 tibi‘caro
3300 500 3819 580 {necinomnisqui

468 575 718 639 piscatis.
760 577 881 624 Non
905 576 963 625 in
987 575 1078 625 his
1102 587 1235 637 qum
1260 575 1505 635 habetis,
1536 586 1696 636 spem
1721 573 1965 635 ponatis.
1994 576 2063 623 Et
2162 572 2271 621 sibi
2298 570 2419 621 vult
2438 571 2653 635 aliquid
2680 572 2939 635 praestari
2966 572 3029 622 in
3052 571 3257 622 ardore
3289 570 3610 627 desiderii,
3638 575 3812 632 ipsum

466 651 532 696 ut
559 647 740 709 magis
767 659 865 696 eos
904 658 937 696 a
962 647 1213 697 vanitate
1244 645 1594 706 dissuadeat,
1620 644 1883 707 proponit
1914 644 2058 694 duo:
2160 642 2508 693 desiderium
2538 643 2664 693 sitis
2687 643 2896 694 animae
2920 644 3031 693 est.
3059 645 3209 694 Sunt
3229 646 3446 693 autem
3474 643 3715 695 diversa
3728 646 3811 695 de

468 730 713 778 quorum
759 717 1001 767 alterum
1041 717 1302 779 deterret,
1354 716 1595 767 alterum
1639 713 1940 778 demulcet,
1976 714 2062 764 di-
2160 714 2368 763 sideria
2414 713 2473 763 in
2523 714 2791 764 cordibus
2836 713 3159 764 hominum.
3195 714 3370 764 Alius
3413 713 3551 764 sitit
3575 727 3810 773 aurum,

466 801 604 838 cens
632 803 643 838 :
2159 785 2307 834 alius
2349 789 2673 847 argentum,
2698 785 2844 835 alius
2864 785 3325 848 possessionem,
3352 784 3522 835 alius
3546 784 3810 837 haeredi—

2161 860 2355 919 tatem,
2380 856 2525 906 alius
2548 856 2675 907 hoc.
2706 855 2853 906 alius
2880 855 3039 907 illud.
3083 856 3193 907 Vix
3214 856 3559 913 invenitur,
3586 859 3688 920 qui
3719 860 3808 909 si-

2158 928 2264 978 tiat
2289 929 2487 988 Deum,
2515 928 2622 978 Sed
2647 928 2859 989 anima,
2884 940 3016 990 quae
3041 929 3244 978 sancta
3267 932 3388 991 est,
3416 928 3650 991 omnia,
3666 942 3807 993 qua!

2159 997 2361 1048 mundi
2385 998 2559 1060 hujus
2574 1003 2726 1057 sunt,
2741 1003 3021 1060 tanquam
3033 1009 3231 1049 amara
3253 998 3498 1062 respuit
3516 1013 3532 1048 :
3560 1006 3712 1061 atque
3730 1004 3799 1048 ad

2159 1068 2314 1119 illam
2338 1068 2682 1119 ineffabilem
2706 1068 3087 1128 dulcedinem,
3113 1081 3245 1132 quin
3268 1069 3337 1120 in
3368 1071 3501 1120 Deo
3527 1074 3642 1133 est,
3664 1072 3801 1123 totis

2160 1138 2460 1190 desideriis
2476 1139 2799 1191 inardescit.
2812 1140 3085 1191 Inebriari
3107 1139 3411 1191 desiderat
3428 1142 3511 1191 ab
3530 1142 3800 1193 ubertate

527 857 613 921 1‘2,
659 858 828 908 Semel
861 858 1065 907 locutus
1108 864 1179 907 est
1209 858 1366 919 Deus,
1406 857 1513 906 duo
1561 857 1666 905 haec
1690 856 1899 917 audivi,
1927 856 2061 918 quia

460 935 689 994 potestas
727 930 823 977 Dei
859 936 948 990 est,
992 930 1173 993 [Vers.
1224 928 1331 993 13.]
1363 934 1407 977 et
1452 928 1545 975 tibi
1570 928 1816 990 Domine,
1847 927 2058 975 miser-i-

463 1000 679 1050 cerdia:
727 1001 861 1063 quia
887 1004 943 1047 tu
968 1000 1155 1048 reddes
1175 1001 1472 1063 unicuique
1487 998 1657 1061 juxta
1674 1013 1835 1061 opera
1859 1012 1979 1048 sua.
2005 998 2061 1048 Si

464 1084 665 1123 vocem
687 1070 940 1122 hominis
964 1071 1308 1133 contemnis,
1325 1070 1558 1121 attende
1585 1068 1719 1132 quia
1730 1070 1957 1119 locutus
1974 1071 2064 1119 est

459 1144 586 1207 ipse
616 1144 772 1192 Deus
799 1156 811 1191 :
838 1147 897 1193 et
933 1142 1042 1193 hoc
1065 1142 1237 1205 semel,
1262 1142 1322 1193 id
1346 1146 1451 1204 est,
1476 1139 2020 1191 incommutabiliter
2046 1157 2055 1188 :

460 1214 551 1265 vel
587 1213 760 1271 semet,
796 1214 855 1263 id
879 1218 986 1277 est,
1012 1214 1070 1264 in
1099 1214 1267 1264 unico
1292 1213 1479 1264 Verbo
1516 1224 1639 1263 suo.
1667 1208 1842 1277 305
1877 1210 2062 1261 IIabet

460 1285 614 1335 enim
637 1286 793 1334 Deus
816 1286 979 1334 Pater
1000 1296 1185 1334 unum
1209 1285 1483 1346 Verbum,
1500 1282 1864 1345 unigenitum
1879 1283 2061 1332 Deum

460 1354 641 1413 (llebr.
689 1354 711 1407 1
743 1355 778 1417 ).
826 1357 891 1405 1n
931 1355 1026 1405 illo
1074 1360 1213 1406 sunt
1244 1355 1475 1406 omnia:
1512 1355 1646 1416 quia
1668 1367 1767 1417 per
1805 1353 2059 1403 Verbum

460 1429 608 1477 facta
636 1430 774 1476 sunt
805 1426 1000 1476 omnia
1027 1426 1206 1488 (Joan.
1231 1425 1322 1487 1.).
1348 1425 1431 1475 Ibi
1455 1437 1657 1478 omnes
1693 1423 1943 1475 thesauri
1968 1436 2062 1474 sa-

463 1496 693 1559 pientia:
738 1500 794 1546 et
851 1497 1106 1547 scientiae
1156 1496 1479 1547 absconditi
1524 1499 1662 1545 sunt
1705 1494 1913 1549 (Coloss.
1967 1492 2057 1555 ‘12.).

462 1569 653 1618 Unum
679 1567 931 1616 Verbum
954 1566 1127 1617 habet
1152 1582 1163 1616 :
1193 1566 1371 1617 semel
1393 1567 1623 1617 locutus
1647 1567 1919 1615 estDeus.
1936 1564 2059 1614 Duo

462 1637 589 1688 haec
613 1649 744 1699 qua:
768 1637 933 1687 vobis
962 1637 1221 1687 dicturus
1247 1651 1397 1701 sum,
1422 1637 1727 1689 ibiaudivi.
1746 1638 1869 1686 Non
1886 1648 1955 1685 ex
1968 1647 2060 1685 me

461 1709 682 1771 loquor.
729 1707 967 1759 Audivit
1003 1708 1147 1759 forte
1169 1708 1279 1760 alia
1302 1708 1504 1769 multa,
1532 1708 1631 1757 sed
1655 1719 1772 1757 non
1801 1718 1946 1769 opus
1975 1709 2063 1756 est

2161 1209 2368 1261 domus
2392 1210 2510 1275 Dei,
2534 1211 2631 1261 ubi
2659 1215 2749 1262 est
2768 1211 2895 1262 fons
2919 1211 3073 1272 vitae,
3099 1215 3156 1262 et
3173 1211 3338 1275 origo
3361 1213 3701 1276 sapientiae.
3724 1216 3796 1264 Et

2160 1293 2289 1331 caro
2313 1293 2458 1344 mea,
2475 1281 2680 1345 inquit.
2700 1281 2883 1334 sitivit
2904 1283 3009 1333 tibi
3032 1282 3196 1343 (Psal.
3231 1280 3368 1344 62.),
3394 1288 3473 1335 ut
3517 1284 3793 1336 videlicet

2162 1353 2222 1402 in
2261 1364 2326 1402 ea
2364 1353 2779 1403 resurrectione
2802 1357 2976 1414 atque
3010 1352 3459 1404 immortalitate
3484 1353 3597 1404 tibi
3622 1367 3795 1419 appa-

2162 1426 2300 1485 reat,
2328 1435 2502 1485 quam
2524 1423 2860 1485 promisisti.
2874 1425 2943 1474 Et
2965 1422 3073 1474 hoc
3086 1434 3262 1486 quam
3282 1424 3715 1488 multipliciter,
3732 1426 3791 1476 id

2159 1498 2268 1553 est,
2292 1495 2471 1543 multo
2495 1494 2867 1557 amplioribus
2891 1494 3106 1555 causis,
3132 1506 3311 1557 quam
3331 1496 3542 1546 anima
3563 1498 3792 1559 :subja-

2160 1569 2252 1614 cet
2270 1565 2427 1614 enim
2451 1565 2825 1628 amplioribus
2861 1565 3131 1616 miseriis.
3164 1568 3311 1617 Nam
3332 1568 3588 1629 spiritus
3605 1582 3791 1630 prom-

2161 1640 2296 1697 ptus
2320 1640 2427 1696 est,
2454 1648 2583 1685 caro
2609 1640 2799 1686 autem
2822 1635 3052 1686 inﬁrma
3075 1636 3294 1699 (Matth.
3323 1637 3463 1700 226.).
3492 1641 3566 1690 Et
3590 1652 3788 1702 quam-

2163 1705 2251 1755 vis
2274 1706 2467 1756 anima
2491 1706 2703 1757 multas
2739 1707 3103 1768 tentationes,
3127 1708 3348 1759 multas
3372 1713 3791 1769 perturbationes

462 1779 571 1829 dici
585 1778 768 1829 nobis.
791 1779 886 1828 Ait
908 1778 1201 1842 enimipse
1217 1780 1501 1830 Dominus
1529 1796 1539 1826 :
1569 1777 1749 1865 Mqu
1765 1777 2060 1865 habeqvo-
2086 1795 2137 1865 Β
2165 1777 2411 1865 sentiat:
2441 1782 2764 1865 tamennon
2789 1778 2869 1828 ita
2896 1777 3109 1865 deficit,
3127 1781 3193 1829 ut
3217 1791 3395 1860 carox
3415 1781 3599 1833 Modo
3632 1783 3791 1865 enim

462 1850 550 1899 bis
579 1849 784 1910 dicere,
802 1849 903 1899 sed
917 1862 1032 1900 non
1052 1851 1288 1912 potestis
1305 1853 1527 1913 portare
1542 1848 1711 1899 modo
1732 1849 1905 1913 (Joan.
1926 1846 2053 1911 16.),

2167 1846 2273 1906 (Ea:
2299 1848 2623 1909 Augustino)
2639 1860 2711 1898 ex
2736 1848 3096 1912 corruptione
3121 1850 3333 1912 carnis,
3347 1850 3397 1900 si
3422 1864 3548 1902 non
3567 1856 3791 1900 mandu-

462 1918 856 1971 Transiliendo
874 1920 1203 1971 universam
1231 1925 1568 1982 creaturam,
1587 1918 1919 1983 pervenitad
1936 1922 2057 1966 Ver-
2153 1929 2373 1977 cemus,
2398 1918 2717 1982 deficimus,
2741 1920 2798 1969 et
2811 1919 3121 1969 esurimus.
3143 1919 3202 1969 Si
3223 1933 3344 1971 non
3367 1921 3668 1983 bibamus,
3696 1923 3792 1975 de-

459 1993 602 2043 bum
626 1991 990 2053 unigenitum
1020 1991 1137 2047 Dei,
1155 2003 1270 2053 quo
1293 1990 1727 2051 revelante,duo
1750 1989 1876 2040 hanc
1890 1988 2056 2039 valde

460 2062 627 2113 nobis
651 2062 977 2112 necessaria
998 2062 1239 2124 audivit,
1278 2062 1413 2124 quia
1435 2066 1659 2125 potestas
1682 2060 1777 2109 Dei
1800 2066 1887 2109 est.
1923 2061 2057 2111 Om-

459 2134 551 2184 nis
576 2132 729 2183 enim
759 2134 1014 2194 potest-is
1048 2144 1082 2182 δ.
1115 2134 1229 2182 Deo
1257 2133 1427 2194 (Rom.
1465 2130 1602 2193 13.);
1642 2137 1687 2179 et
1711 2130 1806 2179 tibi
1828 2129 2058 2178 Domine

458 2202 855 2251 misericordia.
890 2204 991 2251 llis
1016 2202 1244 2252 duobus
1269 2202 1634 2252 continentur
1657 2214 1829 2264 prope
1853 2214 2057 2252 omnes

460 2274 791 2336 Scriptura}.
817 2275 1052 2335 Propter
1074 2274 1200 2324 haec
1225 2273 1337 2323 duo
1368 2272 1730 2323 Patriarchae.
1759 2272 2057 2335 Prophetas

462 2347 598 2404 Lex,
646 2342 931 2392 Dominus
984 2348 1180 2394 noster
1222 2346 1393 2394 Jesus
1438 2344 1734 2405 Christus,
1775 2343 2055 2406 Apostoli.

460 2416 693 2476 Propter
706 2413 835 2463 hinc
857 2414 1213 2463 annuntiatio
1237 2414 1445 2476 omnis,
1473 2418 1530 2464 et
1560 2413 1860 2463 celebratio
1900 2414 2058 2464 verbi

457 2484 517 2535 in
540 2484 814 2535 Ecclesia.
842 2486 1189 2535 Potestatem
1212 2486 1341 2547 ejus
1364 2484 1585 2535 timete:
1612 2484 2059 2536 Misericordiam

458 2557 583 2619 ejus
606 2559 812 2606 amate.
842 2557 957 2607 Nec
981 2556 1063 2605 sic
1085 2556 1155 2606 de
1179 2555 1566 2606 misericordia
1589 2559 1714 2617 ejus
1750 2568 2059 2619 praesuma-

458 2627 552 2689 tis,
578 2630 644 2677 ut
664 2630 1009 2690 potestatem
1035 2627 1437 2677 contemnatis.
1468 2627 1581 2677 Nec
1610 2627 1693 2677 sic
1716 2632 2059 2689 potestatem

460 2698 732 2755 timeatis,
759 2702 821 2747 ut
844 2697 915 2748 de
938 2698 1327 2749 misericordia
1347 2698 1679 2761 desperetis.
1698 2698 1784 2748 Ad
1802 2699 1930 2761 ejus
1960 2711 2060 2762 po-

462 2772 731 2819 testatem
761 2769 1023 2832 pertinet,
1048 2770 1231 2820 malos
1254 2782 1355 2833 pro
1377 2782 1554 2833 pravo
1571 2782 1737 2832 opere
1752 2772 2062 2830 punire.Ad-

459 2852 588 2903 ejus
624 2839 1075 2891 misericordiam
1100 2841 1366 2904 pertinet,
1388 2841 1577 2903 justos
1594 2854 1693 2904 pro
1717 2842 1869 2891 bono
1892 2854 2060 2904 opere

456 2923 843 2962 remunerare.
860 2910 991 2960 Ideo
1003 2911 1100 2971 ait,
1127 2911 1267 2969 Quia
1295 2918 1351 2958 tu
1376 2911 1558 2959 reddes
1577 2911 1876 2974 unicuique
1893 2912 2061 2974 juxta

460 2996 625 3045 opera
647 2997 747 3029 sua
774 2996 786 3031 :
814 2982 982 3032 bonis
999 2982 1265 3033 videlicet
1288 2983 1454 3044 bona,
1469 2988 1525 3032 et
1540 2982 1709 3032 malis
1726 2982 1890 3033 mala.
1914 2985 2060 3047 Ergo

464 3057 779 3114 antequam
803 3052 911 3102 hoc
945 3052 1061 3113 flat,
1089 3053 1423 3103 studeamus
1448 3052 1731 3104 declinare
1754 3067 1787 3103 a
1812 3052 1980 3111 malo,
2005 3059 2062 3105 et

462 3123 647 3173 facere
696 3125 932 3173 bonum.
966 3123 1313 3173 Studeamus
1351 3124 1592 3174 transire
1617 3124 1687 3173 de
1712 3125 1819 3174 hoc
1844 3124 2061 3175 mundo

2156 1988 2384 2038 tlcimus
2407 1993 2464 2039 et
2492 1989 2807 2040 sitimus.‘Si
2830 1990 2928 2041 diu
2953 1990 3386 2043 manducemus
3410 1998 3474 2044 et
3486 1994 3788 2053 bibamus,

2155 2059 2280 2122 ipsa
2323 2059 2595 2111 diuturna
2637 2061 2866 2112 refectio
2911 2061 3154 2112 defectio
3191 2067 3302 2114 est.
3332 2063 3389 2113 Si
3414 2063 3518 2114 diu
3545 2064 3789 2116 dormia-

2157 2142 2306 2192 mus,
2333 2130 2651 2195 deiicimus,
2676 2136 2732 2183 et
2758 2131 2885 2182 ideo
2910 2131 3241 2195 vigilamus.
3267 2134 3325 2185 Si
3349 2133 3456 2185 diu
3490 2138 3788 2197 vigilemus,

2156 2200 2457 2252 deficimus
2482 2218 2497 2257 ς
2543 2207 2601 2253 et
2641 2202 2770 2254 ideo
2794 2203 3134 2253 dormimus.
3164 2204 3220 2254 Si
3243 2204 3344 2254 diu
3368 2210 3630 2265 stemus,
3653 2207 3788 2258 fati-

2156 2283 2288 2332 gam
2300 2285 2364 2321 ur
2385 2288 2398 2327 ;
2424 2277 2480 2323 et
2498 2272 2625 2323 ideo
2646 2272 2966 2336 vigilamus.
2984 2273 3041 2324 Si
3061 2274 3161 2324 diu
3179 2273 3522 2338 Sedeamus,
3543 2282 3609 2328 et
3619 2279 3690 2325 ibi
3712 2280 3791 2325 fa-

2158 2342 2409 2404 tigamur
2433 2361 2445 2402 ;
2472 2347 2529 2393 et
2554 2343 2680 2394 ideo
2706 2344 3018 2407 surgimus,
3038 2343 3253 2396 Nullus
3269 2358 3406 2409 ergo
3420 2351 3654 2399 nostra:
3677 2363 3792 2396 ear-

2159 2412 2250 2462 nis
2277 2417 2462 2463 status
2484 2420 2590 2465 est.
2620 2415 2785 2466 Modo
2809 2415 2879 2466 de
2898 2415 3135 2467 infantia
3152 2417 3452 2469 transitad
3470 2420 3791 2482 pueritiam

2158 2483 2229 2533 de
2265 2484 2505 2547 pueritia
2549 2486 2621 2536 ad
2658 2485 3124 2547 adolescentiam,
3154 2487 3227 2539 de
3252 2487 3677 2553 adolescentia,
3714 2490 3789 2541 ad

2152 2553 2545 2618 juventutem,
2570 2556 2639 2607 de
2657 2556 2962 2620 juventute
2983 2557 3057 2608 ad
3078 2559 3562 2620 senectutem,de
3580 2574 3791 2612 senec-

2158 2629 2281 2676 tute
2304 2626 2375 2676 ad
2400 2627 2643 2691 senium,
2669 2627 2740 2679 de
2766 2630 2928 2679 senio
2950 2628 3023 2679 ad
3046 2641 3319 2681 mortem.
3348 2632 3471 2682 Non
3492 2636 3619 2682 stat
3642 2637 3789 2683 astas

2158 2701 2384 2747 nostra:
2411 2698 2619 2761 ubique
2645 2698 2912 2762 fatigatio,
2940 2701 3159 2762 ubique
3185 2703 3501 2765 corruptio.
3517 2705 3672 2754 Caro
3690 2706 3792 2751 ita-

2160 2779 2290 2829 que,
2315 2780 2489 2829 quam
2515 2769 2897 2832 multipliciter
2912 2770 3204 2833 fatigatur,
3237 2775 3356 2822 tam
3380 2771 3791 2836 multipliciter

2160 2838 2328 2887 sitita
2355 2839 2471 2888 Deo
2495 2839 2903 2902 infatigabilem
2942 2841 3462 2906 incorruptionem.
3484 2844 3599 2894 Ubi
3614 2845 3740 2894 sitit
3762 2848 3788 2893 '1’

2223 2906 2273 2960 3.
2324 2909 2384 2955 In
2409 2914 2553 2957 terra
2581 2909 2782 2958 deserta
2806 2911 2959 2958 invia
2982 2917 3029 2959 et
3055 2912 3352 2974 inaquosa.
3378 2912 3560 2975 ldest,
3585 2914 3650 2964 in
3673 2914 3785 2965 hoc

2161 2978 2370 3041 seculo,
2419 2980 2572 3041 quod
2609 2985 2700 3031 est
2723 2985 2869 3031 terra
2890 2980 3137 3044 deserta,
3165 2987 3455 3045 quantum
3485 2985 3546 3034 in
3576 2997 3647 3035 se
3677 2988 3784 3045 est,

2160 3050 2231 3098 ab
2269 3051 2426 3100 omni
2460 3052 2609 3101 bono
2643 3064 2759 3102 non
2792 3052 3012 3103 habens
3051 3054 3204 3103 vlam
3239 3055 3532 3116 veritatis,
3562 3068 3679 3106 nec
3698 3068 3780 3107 re-

2160 3119 2452 3182 frigerium
2479 3134 2630 3173 verae
2643 3122 2861 3173 salutis.
2879 3125 2949 3173 Mi
2959 3128 3151 3174 sertus
3164 3128 3257 3175 est
3269 3131 3468 3176 autem
3487 3127 3778 3177 Dominus

460 3193 533 3243 ad
559 3196 763 3257 Deum,
792 3194 862 3244 de
888 3193 1026 3244 vitio
1051 3194 1121 3244 ad
1148 3195 1436 3274 virtutem.
1466 3195 1571 3275 Hic
1603 3199 1691 3245 est
1716 3194 1938 3245 fructus
1963 3196 2063 3245 hu-
2090 3202 2137 3276 ρ
2162 3192 2341 3276 nostri
2387 3192 2466 3276 in_
2484 3192 2594 3276 hoq
2633 3192 2881 3276 deserto.
2904 3194 3131 3245 Veritas
3154 3195 3226 3245 de
3246 3201 3406 3276 terra
3428 3201 3560 3276 orta
3584 3201 3777 3276 esttet

456 3265 555 3327 jus
579 3264 805 3328 psalmi,
829 3269 885 3315 et
908 3265 1147 3315 intentio
1176 3265 1565 3315 transilientis.

772 3378 1027 3440 TITUL
1040 3378 1136 3441 US
1179 3378 1501 3441 PSALMI
1548 3378 1752 3442 LXII.

528 3507 575 3551 1.
602 3502 663 3549 In
680 3502 863 3562 ﬁnem,
885 3501 1124 3563 psalmus
1142 3501 1333 3561 David,
1356 3517 1478 3549 cum
1491 3509 1612 3550 esset
1637 3504 1695 3551 in
1721 3504 1917 3553 deserto
1932 3506 2063 3554 Idu-

465 3578 599 3611 maeas
625 3564 688 3627 (2.
716 3563 836 3622 Reg.
854 3562 983 3627 728.).
1012 3566 1166 3610 David
1185 3566 1511 3610 liistorialiler
1525 3567 1722 3624 fugiens
1740 3569 1958 3627 Saulem,
1980 3585 2064 3616 ve-

464 3628 537 3671 nit
554 3627 607 3671 in
632 3626 827 3670 deserto
850 3626 1100 3672 Idumrezn.
1136 3627 1484 3684 Intellextique
1511 3628 1565 3673 in
1590 3630 1679 3674 hac
1708 3630 1866 3686 ﬁgura
1891 3626 2059 3678 Eccle-

463 3688 587 3733 siam
614 3687 824 3743 positam
844 3686 897 3730 in
914 3687 1107 3731 deserto
1121 3688 1275 3743 hujus
1297 3689 1409 3733 vitm
1425 3702 1435 3736 :
1452 3690 1511 3733 de
1530 3703 1631 3747 quo
1645 3691 1925 3747 signiﬁcato
1941 3708 2061 3739 tran-

465 3754 530 3793 tat
554 3750 608 3793 in
638 3747 1204 3816 hoc-psalinonl’salmus
1231 3750 1578 3816 iste_t'ouveni_t
1608 3752 1760 3816 David
1788 3755 2058 3816 propheta),

463 3823 576 3855 eum
601 3809 1018 3868 omnibusjustis,
1043 3823 1156 3855 cum
1182 3812 1292 3867 ipsa
1316 3810 1533 3857 Ecelesia
1558 3814 1609 3857 in
1642 3814 1830 3860 deserto
1850 3809 1921 3860 est
1944 3809 2063 3862 [du-'-

466 3884 622 3925 maue,
670 3871 720 3915 id
761 3874 851 3929 est,
891 3871 1043 3926 hujus
1082 3872 1215 3932 vitm,
1257 3872 1340 3917 ubi
1377 3874 1508 3918 nihil
1542 3879 1633 3932 cst,
1660 3876 1756 3920 nisi
1788 3878 2058 3932 lcrrenitas,

466 3932 664 3978 Materia
683 3938 757 3977 est
780 3932 999 3996 Ecclesia
1020 3935 1182 3991 posita
1208 3936 1259 3980 in
1284 3935 1481 3979 deserto
1506 3936 1663 3992 hujus
1680 3939 1807 3983 vitm.
1828 3941 1878 3984 In
1901 3941 2061 3996 prima

467 4000 603 4062 parte
627 3994 845 4062 ostendit
868 3995 1249 4062 se‘adino‘nitam
1280 4009 1366 4062 per
1388 3998 1641 4044 desertum
1668 4000 1822 4056 hujus
1845 3994 1975 4062 vitae,
1998 4004 2059 4048 ad

466 4058 618 4121 Deum
643 4057 780 4121 omni
808 4057 1053 4121 desiderio
1078 4058 1319 4121 festinare.
1348 4060 1398 4104 In
1420 4065 1555 4116 parte
1583 4063 1801 4106 secunda
1825 4057 2069 4121 (qum'iu-

466 4118 606 4177 ciplt,
646 4119 695 4163 Si
722 4131 909 4163 memor
934 4119 1005 4165 fui
1037 4120 1124 4179 tui)
1153 4121 1365 4166 ostendit
1392 4135 1444 4165 se
1468 4122 1646 4168 habere
1669 4118 1981 4170 securitatem
2005 4127 2058 4172 in

468 4181 558 4245 hoc
588 4180 796 4245 deserto,
824 4194 909 4245 per
942 4181 1320 4245 ipsumADeum.
1364 4184 1576 4229 Intentio
1603 4192 1673 4229 est
1695 4186 1979 4245 admonere,
2006 4194 2061 4234 ut

465 4243 629 4287 solum
654 4243 803 4287 Deum
829 4243 1016 4299 eligant
1040 4241 1165 4289 sibi:
1191 4244 1265 4289 vel
1289 4245 1477 4303 docere,
1495 4249 1744 4304 quomodo
1768 4241 2061 4296 conversen-

468 4309 547 4350 tur
573 4305 625 4349 in
650 4304 816 4350 medio
841 4305 1059 4350 nationis
1084 4318 1263 4363 pravis.
1294 4308 1389 4351 Vox
1422 4309 1572 4354 totius
1599 4309 1848 4357 Ecclesim.

932 4400 1330 4463 PSALMUS
1379 4401 1585 4465 LXII.

524 4521 576 4574 2.
619 4523 777 4587 Deus,
824 4524 963 4571 Deus
1004 4538 1167 4583 meus,
1213 4524 1287 4573 ad
1327 4529 1370 4573 te
1412 4526 1473 4573 de
1497 4525 1607 4574 luce
1632 4527 1809 4589 vigilo.
1836 4528 2056 4580 ODeus

2165 3264 2311 3311 terra
2342 3267 2541 3313 nostra
2562 3262 2719 3313 dedit
2744 3264 2992 3314 fructum
3018 3278 3214 3315 suum.
3244 3268 3462 3317 Factus
3478 3271 3574 3317 est
3588 3266 3780 3319 viatici»

2162 3333 2357 3383 minus
2379 3337 2573 3384 noster
2586 3336 2757 3385 Jesus
2775 3335 3055 3386 Christus.
3101 3336 3274 3387 Dedit
3298 3337 3705 3400 nobisaquam
3722 3338 3781 3386 in

2161 3402 2407 3465 deserto,
2432 3404 2832 3467 prtedicatores
2857 3418 2995 3456 suos
3021 3406 3273 3469 implens
3299 3408 3514 3471 Spiritu
3543 3410 3780 3468 Sancto.

2161 3478 2227 3524 ut
2252 3474 2352 3525 ﬁat
2379 3476 2436 3524 in
2458 3476 2541 3524 eis
2566 3475 2694 3526 fons
2717 3488 2885 3539 aqum
2902 3477 3164 3529 salientis
3188 3478 3247 3527 in
3272 3478 3455 3530 vitam
3471 3482 3780 3529 aeternam.

2161 3545 2299 3594 Haac
2342 3545 2620 3596 habemus
2662 3547 2766 3597 hic.
2809 3547 2918 3599 Sed
2942 3552 3075 3598 ‘non
3101 3553 3239 3598 sunt
3268 3548 3341 3599 de
3364 3549 3618 3600 deserto.
3647 3550 3783 3599 Ideo

2161 3615 2559 3678 proprietatem
2582 3617 2790 3667 deserti
2816 3618 2973 3681 prius
2991 3619 3425 3670 commendavit
3443 3619 3716 3682 psalmus
3732 3626 3783 3665 ut

2161 3691 2219 3735 et
2247 3690 2304 3736 tu
2331 3699 2461 3736 cum
2485 3687 2747 3738 audisses
2770 3690 2830 3739 in
2852 3701 2967 3752 quo
2991 3691 3144 3741 malo
3157 3702 3343 3750 esses,
3364 3691 3575 3752 siquas
3594 3693 3784 3737 habere

2159 3756 2251 3807 hic
2276 3770 2476 3821 posses
2502 3759 2941 3822 consolationes,
2964 3760 3205 3824 fructus,
3227 3759 3320 3812 vel
3347 3761 3478 3823 viae,
3496 3762 3587 3811 vel
3603 3774 3778 3823 aqua,

2160 3841 2277 3878 non
2306 3830 2583 3880 tribueres
2609 3830 2850 3893 deserto,
2875 3832 2977 3882 sed
2997 3830 3198 3894 illi‘qui
3231 3837 3287 3883 te
3311 3832 3547 3882 visitare
3577 3832 3782 3895 digna-

2158 3902 2253 3948 tus
2278 3902 2365 3949 est
2388 3902 2447 3949 in
2471 3901 2716 3951 deserto.
2746 3902 2862 3951 Nisi
2889 3903 3074 3964 primo
3092 3902 3226 3965 quis
3257 3903 3490 3953 sitiatin
3507 3903 3626 3953 isto
3644 3905 3779 3949 maio

2158 3969 2219 4018 in
2263 3982 2377 4031 quo
2422 3975 2526 4032 est,
2571 3984 2868 4034 nunquam
2914 3973 3174 4035 pervenit
3217 3972 3291 4023 ad
3331 3975 3571 4031 bonum,
3618 3973 3779 4036 quod

2158 4040 2313 4089 Deus
2337 4046 2442 4091 est.
2470 4042 2557 4091 Sic
2584 4043 2639 4089 in
2657 4048 2837 4091 sancto
2853 4045 3095 4107 apparui
3116 4043 3232 4107 libi,
3258 4044 3316 4095 id
3343 4048 3451 4101 est,
3478 4044 3659 4095 talem
3686 4058 3778 4095 me

2160 4109 2373 4173 paravi,
2408 4124 2581 4173 quem
2608 4115 2667 4162 tu
2691 4114 2929 4164 deberes
2954 4127 3241 4175 respicere
3264 4130 3276 4164 :
3304 4127 3407 4178 per
3422 4116 3531 4165 hoc
3554 4120 3777 4177 scilicet,

2159 4181 2313 4242 quod
2362 4187 2497 4232 sunt
2537 4183 2598 4233 in
2643 4189 2842 4234 sancto
2866 4184 3172 4245 desiderio,
3203 4186 3321 4236 sive
3344 4186 3642 4249 proposito
3677 4203 3693 4235 :
3718 4194 3778 4233 ut

2158 4253 2389 4300 viderem
2414 4253 2662 4302 virtutem
2697 4261 2847 4303 tuam
2872 4261 2918 4303 et
2938 4255 3173 4316 gloriam
3200 4261 3375 4305 tuam.
3401 4257 3464 4306 Id
3489 4262 3603 4317 est,
3622 4259 3779 4307 utin-

2160 4322 2468 4385 telligerem
2508 4324 2714 4375 Filium
2753 4329 2919 4375 tuum
2960 4326 3022 4375 in
3066 4338 3182 4388 quo
3214 4330 3307 4377 est
3329 4327 3773 4389 omnipotentiae

2158 4393 2342 4442 virtus
2371 4394 2521 4456 (quia
2545 4408 2643 4458 per
2666 4396 2857 4459 ipsum
2883 4396 3031 4447 facta
3055 4402 3196 4447 sunt
3211 4397 3411 4447 omnia
3440 4396 3627 4459 [Joan.
3658 4397 3705 4451 1.
3713 4402 3725 4461 j
3754 4400 3773 4460 )

2156 4467 2213 4513 et
2256 4463 2435 4527 gloria
2489 4464 2821 4517 divinitatis.
2870 4468 3033 4517 lianc
3074 4469 3375 4527 virtutem,
3409 4471 3468 4517 et
3508 4469 3771 4530 gloriam,

2159 4534 2329 4585 modo
2353 4535 2552 4586 vident
2571 4549 2669 4599 per
2692 4537 2885 4600 fidem,
2913 4538 2970 4588 hi
2988 4538 3085 4600 qui
3107 4537 3328 4588 habent
3354 4535 3531 4604 307
3554 4540 3775 4589 sancti-

465 4594 723 4676 omnium
739 4595 1048 4676 creatione,
1076 4596 1224 4676 Detis
1250 4609 1413 4676 meus
1423 4598 1741 4676 secundum
1755 4604 2061 4676 praicipuam
2086 4603 2142 4676 D
2168 4604 2403 4655 ticatum
2428 4618 2523 4676 cor
2546 4594 2956 4669 {postmodum
2984 4594 3167 4658 visuri
3196 4612 3337 4658 sunt
3489 4594 3772 4672 speciem.

465 4667 521 4712 et
563 4663 914 4725 singularem
949 4665 1331 4727 dilectionem,
1362 4668 1523 4729 vigilo
1548 4668 1602 4719 id
1627 4672 1734 4731 est,
1762 4669 2062 4731 diligenter

466 4733 722 4804 studens,
745 4739 802 4784 et
824 4735 1087 4785 curiosus
1105 4748 1236 4787 sum
1258 4739 1331 4789 ad
1360 4742 1412 4789 te
1432 4740 1895 4804 promerendum,
1910 4749 2061 4802 atque

465 4803 538 4855 ad
588 4803 912 4856 voluntates
942 4809 1071 4857 tuas
1107 4811 1497 4871 exequendas.
1531 4813 1599 4861 Et
1622 4812 1728 4862 hoc
1754 4813 1816 4860 de
1846 4812 1975 4875 luce,
2000 4813 2057 4863 id

467 4877 574 4939 est,
598 4888 697 4947 per
718 4875 1020 4938 puritatem
1052 4880 1220 4931 bonae
1237 4882 1619 4942 conscientiae,
1639 4885 1718 4933 De
1737 4884 1843 4933 hac
1868 4884 2061 4947 vigila-

469 4948 622 4996 tione
657 4945 872 4996 dictum
898 4949 1065 4999 estin
1090 4950 1398 5013 Evangelio
1430 4967 1441 5001 :
1467 4953 1676 5003 Beatus
1712 4953 1804 5005 ille
1836 4945 2060 5017 servus,

468 5028 642 5077 quem
686 5030 815 5087 cum
865 5020 1083 5087 venerit
1109 5022 1407 5081 Dominus,
1432 5022 1710 5074 invenerit
1730 5025 2061 5087 vigilantem

470 5088 677 5148 (Matth.
723 5086 852 5150 ‘24.).
895 5084 1099 5140 Puram
1123 5092 1535 5141 conscientiam
1556 5099 1718 5144 vocat
1738 5084 1943 5146 luicem.
1973 5097 2061 5147 Sic

466 5164 697 5209 econtra
720 5161 1129 5211 conscientiam
1150 5161 1352 5211 malam
1371 5163 1616 5213 dicimus
1642 5167 1906 5217 tenebras
1918 5171 2061 5226 juxta

466 5230 824 5291 Apostolum,
842 5231 1052 5280 Fuistis
1069 5231 1377 5293 aliquando
1395 5235 1647 5285 tenebrm
1665 5248 1677 5282 :
1694 5248 1848 5286 nunc
1865 5243 2061 5289 autem

464 5300 565 5371 lux
595 5301 655 5350 in
682 5302 921 5350 Domino
960 5301 1172 5363 (Ep/tes.
1201 5300 1293 5363 5.).
1320 5301 1421 5352 Vel
1446 5304 1619 5367 vigilo
1647 5306 1717 5355 ad
1740 5308 1793 5357 te
1814 5308 1884 5357 de
1914 5311 2059 5371 luce,

465 5370 519 5422 id
544 5374 650 5433 est,
676 5385 747 5422 ex
763 5384 876 5433 quo
892 5371 1069 5421 habui
1089 5373 1471 5436 cognitionem
1490 5376 1587 5433 tui,
1603 5388 1733 5437 quae
1750 5380 1839 5428 est
1852 5391 2062 5430 caussa

466 5454 609 5491 mea:
653 5442 882 5513 vigiliae.
925 5443 1174 5493 Somnus
1212 5444 1440 5505 animae,
1474 5444 1649 5513 306
1680 5453 1770 5499 est
1798 5450 2059 5500 oblivisci

466 5513 666 5583 Deum.
702 5512 894 5563 Talem
938 5514 1151 5565 excitat
1202 5516 1409 5566 Paulus
1451 5512 1687 5568 dicens:
1733 5520 1931 5583 Surge,
1958 5520 2060 5582 qui

466 5580 699 5643 dormis,
726 5588 783 5633 et
798 5597 1045 5647 exsurge
1069 5598 1103 5636 a
1125 5587 1457 5649 mortuis,et
1473 5589 1817 5640 illuminabit
1840 5580 1895 5640 te
1909 5580 2061 5642 Chri-

472 5654 598 5721 stus
635 5652 823 5714 (Ibid.).
863 5655 1122 5707 Christus
1146 5657 1429 5709 illuminat
1459 5660 1704 5721 animas,
1725 5666 1783 5711 et
1806 5661 1940 5713 facit
1962 5674 2060 5713 eas

472 5719 723 5797 vigilare.
752 5725 883 5797 Vita
902 5738 1039 5797 ergo
1056 5733 1254 5780 nostra
1270 5734 1327 5779 et
1340 5743 1526 5782 mores
1541 5719 1722 5783 nostri
1738 5731 1950 5784 debent
1960 5746 2061 5796 per

473 5786 760 5843 Christum
800 5786 1034 5857 vigilare
1070 5799 1144 5849 ad
1187 5801 1391 5852 Deum.
1424 5802 1613 5866 Hujus
1634 5809 1824 5857 autem
1848 5786 2059 5867 vigilia:

2167 4675 2368 4725 Adhuc
2404 4675 2590 4726 reddit
2632 4678 2802 4729 aliam
2830 4680 3127 4737 Caussam,
3170 4690 3350 4743 quare
3367 4675 3693 4743 vigilaverit
3715 4686 3771 4731 et

2163 4746 2365 4796 sitierit
2387 4746 2583 4797 dicens
2609 4764 2621 4797 :
3188 4748 3193 4755 ’

2223 4815 2271 4867 lt.
2305 4818 2576 4873 Quoniam
2602 4816 2791 4866 melior
2812 4823 2882 4866 est
2903 4819 3280 4867 misericordia
3306 4826 3404 4869 tua
3424 4836 3589 4886 super
3614 4822 3770 4872 vitae.

2163 4885 2357 4936 Multa:
2381 4888 2487 4948 (Eae
2511 4888 2831 4951 Augustino)
2858 4892 2996 4939 sunt
3019 4890 3156 4940 vitae
3174 4891 3478 4943 humanm.
3497 4885 3593 4943 Sed
3618 4896 3774 4943 Deus

2163 4968 2338 5005 unam
2363 4957 2535 5007 vitam
2564 4959 2860 5022 promittit.
2885 4961 2955 5009 Et
2979 4972 3095 5010 non
3124 4960 3283 5011 illam
3296 4963 3400 5013 dat
3416 4964 3585 5014 nobis
3603 4977 3773 5027 prop-

2161 5033 2245 5076 ter
2268 5027 2466 5077 merita
2492 5033 2706 5091 nostra,
2735 5029 2835 5080 sed
2854 5035 3082 5093 propter
3104 5031 3567 5084 misericordiam
3594 5049 3743 5081 suam
3761 5073 3774 5085 .

2167 5098 2325 5147 Alius
2359 5098 2465 5147 sibi
2491 5099 2648 5160 eligit
2674 5101 2851 5151 vitam
2890 5101 3242 5165 negotiandi,
3267 5102 3421 5154 alius
3453 5104 3771 5157 fenerandi.

2161 5167 2307 5216 alius
2351 5168 2685 5231 rusticandi,
2730 5170 2878 5221 alius
2918 5170 3217 5234 militandi,
3243 5171 3400 5223 alius
3422 5173 3598 5231 illam,
3626 5174 3773 5225 alius

2162 5237 2335 5287 illam.
2378 5239 2636 5290 Diversae
2683 5246 2819 5290 sunt
2869 5241 3030 5303 vitae,
3066 5242 3164 5292 sed
3200 5243 3405 5294 melior
3432 5248 3526 5294 est
3547 5246 3775 5295 miseri-

2163 5307 2352 5358 cordia
2372 5310 2475 5359 tua
2499 5322 2674 5373 super
2694 5311 2845 5362 vitas
2872 5317 3121 5362 nostras.
3136 5313 3345 5364 Melius
3370 5317 3461 5365 est
3485 5315 3641 5377 quod
3664 5317 3770 5366 das

2163 5379 2450 5439 correctis,
2473 5391 2647 5442 quam
2673 5383 2822 5445 quod
2849 5382 3096 5445 diligunt
3110 5385 3385 5446 perversi.
3408 5388 3589 5437 Unam
3608 5390 3767 5434 Vitam

2163 5449 2365 5510 donas,
2391 5462 2521 5510 quas
2547 5458 2914 5515 praeponatur
2937 5454 3209 5504 omnibus
3233 5456 3767 5516 nostris,quascum-

2163 5532 2273 5581 que
2297 5519 2356 5569 in
2382 5521 2599 5571 mundo
2622 5523 2827 5587 eligere
2854 5525 3230 5587 potuerimus.
3245 5525 3351 5577 Vel
3375 5527 3569 5577 aliter:
3594 5530 3763 5575 Multae

2162 5594 2300 5639 sunt
2323 5596 2651 5644 sanctorum
2681 5596 2813 5646 vitae
2836 5595 2895 5645 in
2917 5595 3028 5646 hoc
3052 5595 3285 5646 saeculo.
3327 5598 3492 5647 Alius
3512 5598 3627 5649 Deo
3656 5610 3764 5647 ser-

2160 5660 2247 5710 vit
2281 5660 2341 5709 in
2374 5662 2661 5727 conjugio,
2701 5667 2849 5717 alius
2882 5680 2983 5730 per
3016 5668 3452 5727 continentiam,
3497 5668 3642 5719 alius
3667 5681 3764 5732 per

2161 5743 2523 5802 communem
2561 5735 2759 5798 vitam,
2803 5737 2951 5788 alius
2996 5751 3095 5801 per
3132 5736 3470 5797 solitariam,
3496 5738 3643 5789 alius
3666 5751 3762 5802 per

2160 5801 2426 5866 activam,
2449 5803 2599 5855 alius
2629 5819 2730 5870 per
2758 5813 2984 5860 contem
2991 5807 3267 5873 plativam
3290 5807 3509 5861 diversi
3536 5801 3762 5861 diverso
