3880 6222
104 343 223 399 893
1107 344 1183 411 IN
1216 343 1541 396 PSALMOS
1578 342 1785 395 LXXV
1819 341 2405 395 COMMENTARIUS.
3316 336 3425 393 894

108 455 317 532 modo,
356 456 678 532 secundum
692 468 1025 532 mensuram
1054 456 1255 519 gratiae
1272 469 1404 521 quae
1420 456 1729 532 unicuique
1751 459 1807 532 Α
1837 467 1913 532 ne
1929 453 2217 532 _ﬂatistu<_i.
2246 454 2548 532 Propterea
2560 454 2829 532 repulsus
2842 452 3059 532 audivit
3077 452 3263 532 :Vade
3275 459 3423 516 retro,

108 528 256 579 data
275 531 374 579 est
410 540 443 578 a
467 530 586 579 Deo
623 528 793 590 (Rom.
822 526 947 589 12.).
988 529 1525 591 Quantumcumque
1573 527 1730 590 quis—
1751 525 1807 532 ’“
1836 527 2094 578 satbana.
2142 527 2271 576 Non
2325 526 2480 575 enim
2517 527 2667 589 sapis
2704 539 2834 589 quae
2859 526 2960 576 Dei
2983 530 3138 586 sunt,
3166 525 3265 577 sed
3292 536 3423 588 quae

107 610 231 660 que
259 598 527 661 perfecte
564 598 746 661 vivat,
773 611 947 660 quam
997 603 1195 650 sancte
1221 604 1275 649 et
1299 613 1436 662 pure
1476 600 1590 649 Deo
1616 610 1736 648 scr-
1836 603 1979 648 sunt
1996 597 2296 647 hominum
2321 597 2531 659 (Matth.
2562 597 2691 659 16.);
2733 598 2833 648 sed
2853 598 2931 647 ita
2959 597 3223 658 adhaesit,
3263 602 3325 647 ut
3350 597 3425 647 sit

110 670 237 719 viat
258 672 492 727 ;tamen
518 669 589 719 ad
606 672 835 719 caeleste
855 682 1096 731 regnum
1120 683 1235 721 non
1260 670 1604 733 perducitur.
1622 669 1734 718 nisi
1836 675 1968 733 post
2018 674 2089 727 te,
2140 668 2306 727 idest,
2354 672 2417 717 ut
2442 673 2496 717 te
2531 673 2807 729 sequatur
2829 668 3076 727 assidue,
3112 672 3170 719 et
3196 668 3425 718 obediat

112 742 322 791 divina
344 741 741 791 misericordia
757 754 889 791 cum
908 741 1069 791 bonis
1086 743 1353 804 operibus
1370 742 1732 803 adjungatur.
1835 742 1936 791 tibi
1994 742 2062 790 Et
2086 740 2221 803 quia
2245 740 2324 790 sic
2370 739 2634 798 adhtesit,
2681 740 2763 787 Me
2803 741 3027 802 suscepit
3052 741 3270 787 dcarlera
3309 744 3421 797 tua,

112 812 371 862 Dicatur
392 823 525 873 ergo
546 814 697 862 recte
724 828 735 861 :
765 813 1038 869 Quoniam
1061 813 1249 860 melior
1272 818 1341 859 ost
1366 812 1735 859 misericordia
1835 812 2000 874 idest,
2028 812 2210 861 virtus
2232 816 2289 862 et
2325 810 2507 875 gratia
2537 815 2635 860 tua
2658 810 2715 858 in
2739 821 3004 870 magnam
3030 810 3367 873 dignitatem
3391 822 3425 859 a

113 888 217 930 tua
240 897 425 945 super
446 883 583 931 vitas
608 901 619 943 ς
642 883 769 933 ideo
795 883 964 931 Labia
991 898 1109 930 mea
1136 883 1436 931 laudabunt
1477 890 1539 943 le,
1565 883 1733 941 idest,
1836 884 2152 946 dejectione
2181 883 2238 932 in
2262 896 2375 946 qua
2396 894 2546 933 eram
2573 885 2800 943 propter
2824 885 3138 943 peccatum,
3177 893 3270 931 me
3295 894 3425 931 sus-

111 952 484 1004 laudabilem
532 955 586 1004 te
616 953 745 1004 aliis
791 954 1133 1017 praedicabo.
1162 957 1244 1005 De
1280 960 1438 1004 tanta
1481 955 1633 1004 enim
1660 954 1736 1017 pii
1834 956 1996 1005 tulit:
2026 955 2117 1005 vel
2144 955 2394 1017 suscepit
2416 966 2507 1003 me
2531 952 2715 1016 gratia
2732 956 2831 1002 tua
2854 952 2921 1000 ad
2949 951 3242 1001 dexteram
3266 955 3423 1002 tuam

117 1024 364 1075 Domini
408 1024 801 1075 misericordia
845 1037 918 1075 ne
963 1025 1169 1088 ingrati
1216 1026 1419 1087 simus,
1458 1025 1657 1075 laudes
1681 1027 1739 1075 et
1834 1024 2249 1076 collocandum.
2276 1028 2393 1075 Aut
2437 1028 2626 1087 potest
2668 1024 2776 1073 hoc
2810 1020 3129 1085 specialiter
3152 1021 3331 1085 accipi
3352 1021 3425 1073 de

113 1096 348 1159 gratias
373 1108 522 1157 quas
547 1108 863 1158 possumus
886 1095 1090 1147 referre
1115 1096 1410 1147 debemus.
1445 1095 1609 1146 Unde
1632 1094 1737 1146 ad-
1833 1100 2031 1147 nostro
2065 1096 2266 1159 capite,
2282 1096 2381 1159 qui
2404 1100 2536 1159 post
2557 1092 3034 1144 resurrectionem
3054 1097 3111 1142 et
3133 1093 3424 1142 ascensio-

114 1167 236 1218 huc
273 1166 585 1229 subjungit
609 1182 621 1216 :
1646 1192 1649 1195 -
1836 1180 1970 1218 nem
1996 1167 2065 1216 ad
2102 1166 2401 1217 dexteram
2426 1164 2603 1229 patris
2628 1164 2938 1214 collocatus
2962 1166 3067 1212 est.
3096 1163 3160 1212 In
3182 1175 3427 1225 persona

192 1235 247 1289 5.
278 1236 376 1285 Sic
402 1236 710 1285 benedicam
746 1242 789 1285 te
814 1238 873 1285 in
911 1237 1022 1285 vita
1067 1251 1205 1300 mea,
1230 1242 1275 1285 et
1318 1237 1378 1285 in
1402 1237 1623 1285 nomine
1648 1243 1737 1286 tuo
1835 1240 2005 1301 cujus
2025 1236 2213 1288 adhuc
2239 1238 2487 1287 subtitur
2518 1254 2529 1284 :
2606 1255 2617 1263 ο

121 1306 315 1357 levabo
342 1321 551 1356 manus
590 1322 755 1357 meas.
782 1307 930 1369 Quid
961 1309 1051 1359 est
1070 1309 1144 1356 sic
1180 1312 1202 1354 ?
1226 1308 1300 1358 Ut
1332 1308 1742 1359 misericordiae
1901 1308 1985 1362 10.
2012 1310 2120 1373 Ipsi
2143 1324 2264 1357 vero
2288 1309 2350 1357 in
2377 1321 2583 1357 vanum
2607 1306 2930 1371 quaesierunt
2955 1303 3207 1354 animam
3230 1317 3425 1355 meam.

122 1380 249 1429 tute
275 1378 537 1429 tribuam
581 1377 761 1430 vitam
805 1390 1033 1437 meam,‘
1061 1378 1120 1429 in
1165 1390 1279 1441 qua
1313 1383 1367 1429 te
1408 1378 1597 1440 laudo,
1619 1391 1735 1429 non
1834 1379 2023 1431 Judaei
2061 1379 2418 1442 quaesierunt
2460 1378 2691 1442 perdere
2720 1378 2972 1429 animam
3009 1375 3216 1427 Christi
3248 1375 3425 1437 (Joan.

123 1448 360 1500 meritis
385 1449 553 1499 meis.
580 1450 686 1500 Vel
733 1450 815 1500 sic
852 1449 1172 1500 laudabunt
1216 1454 1273 1501 te
1318 1449 1469 1500 labia
1502 1461 1649 1511 mea,
1672 1454 1738 1502 ut
1836 1449 1963 1513 11.),
2009 1450 2109 1500 sed
2133 1452 2194 1501 in
2227 1462 2484 1501 vanum:
2519 1450 2654 1512 quia
2694 1461 2811 1500 non
2850 1451 3159 1512 potuerunt
3191 1446 3428 1510 implere

123 1520 308 1571 etiam
329 1519 673 1571 benedicam
698 1523 753 1571 te
777 1521 837 1571 in
877 1521 995 1571 vita
1025 1533 1172 1583 mea,
1219 1521 1387 1581 idest,
1433 1533 1532 1583 per
1558 1525 1736 1572 totam
1835 1521 1991 1583 quod
2016 1521 2513 1572 voluerunt.Unde
2536 1522 2661 1572 haac
2677 1533 2843 1585 paena
2858 1518 3190 1583 prmdicitur
3204 1518 3287 1568 eis
3300 1532 3427 1566 ven-
3508 1568 3521 1577 ,

122 1592 312 1643 vitam
328 1602 542 1642 meam.
572 1592 663 1643 Sic
685 1591 840 1642 enim
857 1592 1029 1655 digne
1045 1594 1229 1642 Deum
1254 1592 1500 1654 quisque
1523 1590 1734 1652 laudat,
1836 1596 1983 1653 tura,
1997 1605 2128 1655 qum
2142 1592 2516 1643 subinfertur:
2540 1591 2845 1640 Inlroibunt
2869 1593 2927 1639 in
2956 1590 3222 1651 inferio-ra
3246 1595 3422 1637 terrae:

124 1662 361 1726 quando
409 1675 545 1713 cum
579 1662 746 1712 labiis
790 1663 910 1713 vita
954 1663 1279 1714 concordat.
1318 1664 1519 1712 Manus
1541 1668 1735 1713 autem
1834 1664 2003 1726 [vers
2033 1663 2141 1727 11.]
2163 1664 2446 1711 tradentur
2468 1664 2527 1711 in
2553 1679 2751 1710 manus
2773 1662 2961 1723 gladii.
2986 1667 3165 1724 partes
3180 1660 3425 1724 vulpium

121 1733 337 1796 levare,
371 1738 470 1783 est
512 1738 777 1797 respectu
823 1745 1090 1796 supernae
1141 1734 1338 1797 patriae
1374 1735 1525 1783 bona
1566 1732 1737 1797 opera
1836 1739 2010 1783 erant.
2035 1733 2368 1783 Ductienim
2390 1738 2526 1783 sunt
2549 1734 2605 1782 in
2623 1732 3006 1795 captivitatem
3035 1743 3222 1793 usque
3243 1731 3315 1780 ad
3338 1730 3427 1780 in-

126 1816 422 1892 eitercere.
451 1802 519 1852 In
544 1805 767 1884 nomine
796 1804 1144 1892 (inquitﬂ‘uo,
1169 1804 1338 1892 idest,
1364 1804 1734 1892 adhqnorem
1763 1819 1816 1892 B
1839 1803 2066 1892 geriores
2092 1808 2293 1892 terras,
2314 1804 2791 1892 expugnati‘sunt
2824 1803 3215 1892 abjhostibus,
3241 1805 3300 1892 et
3320 1806 3425 1852 tra-

126 1880 184 1926 et
207 1874 459 1939 gloriam
503 1875 755 1925 nominis
798 1876 898 1925 tui.
922 1876 1102 1925 Juxta
1145 1875 1298 1938 quod
1328 1875 1462 1926 alibi
1508 1874 1732 1936 dicitur,
1763 1872 1815 1892 ν
1835 1874 1937 1925 diti
1962 1875 2018 1924 in
2050 1878 2393 1938 potestatem
2434 1879 2815 1938 pugnatorum
2841 1889 2853 1924 :
2901 1873 3064 1924 divisi
3088 1872 3303 1922 scilicet
3326 1884 3426 1935 per

126 1946 253 1999 Non
280 1945 476 2008 nobis,
520 1945 782 2005 Domine,
825 1957 939 1995 non
962 1945 1149 2007 nobis,
1176 1945 1275 1995 sed
1299 1945 1520 1995 nomini
1544 1950 1640 1996 tuo
1665 1946 1738 1996 da
1833 1948 2025 2008 partes
2060 1958 2095 1996 a
2146 1947 2376 2009 regibus
2401 1950 2459 1997 et
2500 1945 2852 2009 principibus
2888 1943 3283 2003 saecularibus,
3324 1943 3425 2005 qui

128 2014 369 2077 gloriam
407 2015 571 2077 (Psal.
624 2014 787 2077 113.).
825 2016 893 2065 Et
916 2019 982 2066 ut
1004 2015 1171 2065 labiis
1207 2015 1381 2078 digne
1403 2015 1654 2078 laudare,
1680 2021 1739 2067 et
1836 2020 2065 2079 propter
2083 2016 2451 2067 calliditatem
2468 2021 2525 2067 et
2550 2018 2822 2066 astutiam
2858 2014 2994 2065 dicti
3041 2018 3177 2065 sunt
3200 2014 3419 2076 vulpes.

131 2090 282 2137 recte
311 2085 567 2137 vivendo
598 2098 665 2137 ac
704 2088 847 2137 bene
871 2086 1161 2149 operando
1188 2087 1376 2136 Deum
1402 2086 1736 2138 benedicere

132 2155 317 2207 valeat
344 2169 357 2215 ;
384 2157 739 2221 impinguari
768 2157 919 2208 dono
943 2168 1066 2208 sum
1092 2158 1293 2220 gratiae
1308 2158 1578 2220 postulat,
1603 2169 1735 2208 cum

133 2228 256 2291 subj
266 2228 440 2290 ungit
465 2242 478 2276 :

192 2297 243 2351 6.
260 2298 410 2349 Sicut
430 2298 594 2362 adipe
617 2302 661 2346 ct
691 2298 1022 2362 pinguedine
1050 2300 1321 2363 repleatur
1365 2299 1558 2348 anima
1585 2314 1735 2348 mea:

133 2376 176 2417 et
202 2368 362 2418 labiis
407 2370 766 2419 cxultalionis
790 2370 1035 2418 laudabit
1072 2386 1128 2418 os
1164 2386 1361 2420 meum.
1389 2370 1582 2434 Adeps
1605 2383 1736 2433 pro-

135 2439 250 2503 prie
274 2444 525 2492 vocatur
563 2441 847 2505 pinguedo
872 2440 984 2505 illa,
1030 2453 1161 2503 quae
1198 2446 1288 2492 est
1320 2442 1564 2492 interius
1589 2442 1739 2491 circa

136 2510 341 2561 vitalia.
356 2511 661 2575 Signiﬁcat
673 2512 961 2563 caritatem
982 2512 1081 2563 Dei
1098 2512 1365 2563 diffusam
1388 2513 1445 2563 in
1469 2512 1737 2563 cordibus

132 2584 343 2633 nostris
391 2596 500 2647 per
527 2583 798 2647 Spiritum
824 2588 1109 2646 sanctum,
1133 2584 1233 2646 qui
1258 2584 1428 2634 datus
1462 2588 1552 2635 est
1573 2584 1738 2634 nobis

134 2654 301 2715 (Rom.
319 2652 413 2716 5.).
456 2653 748 2718 Pinguedo
790 2666 920 2716 quae
965 2658 1057 2706 est
1097 2655 1155 2704 in
1182 2655 1459 2705 membris
1492 2656 1738 2707 exterio-

134 2723 307 2785 ribus,
333 2723 614 2787 designat
632 2723 981 2775 alacritatem
1000 2725 1210 2775 animte
1234 2726 1437 2788 ipsius,
1457 2738 1588 2788 quae
1604 2726 1738 2775 facit

136 2805 337 2858 corpus
362 2794 640 2846 alacriter
664 2795 807 2845 bene
830 2800 1066 2859 operari.
1086 2797 1214 2847 Non
1235 2797 1389 2846 enim
1410 2797 1596 2860 placet
1620 2798 1737 2847 Deo

138 2877 324 2916 macra
346 2866 569 2928 anima,
594 2865 743 2916 sicut
765 2878 874 2917 nec
913 2866 1208 2917 dicebatur
1235 2867 1453 2929 placere
1479 2867 1536 2917 in
1564 2867 1739 2917 sacri-

141 2936 262 2987 ﬁcio
295 2937 478 2988 veleri
503 2948 698 2989 macra
721 2936 928 2988 hostia.
965 2937 1098 2987 Ideo
1120 2942 1315 2988 autem
1339 2939 1593 3001 positum
1632 2941 1736 3002 est,

144 3008 373 3072 scilicet,
409 3013 474 3059 ut
500 3007 893 3071 intelligamus
923 3008 1032 3059 hoc
1078 3009 1460 3072 significative
1497 3009 1735 3072 dictum,

140 3078 418 3143 videlicet,
445 3091 565 3130 non
582 3079 867 3130 carnalem
880 3080 1291 3145 pinguedinem
1308 3080 1614 3144 postulare,
1635 3081 1735 3132 sed

142 3150 509 3212 spiritualem.
547 3153 671 3201 Non
695 3163 821 3201 eam
867 3163 997 3213 quae
1028 3151 1088 3201 in
1133 3163 1301 3202 carne
1344 3156 1451 3214 est,
1479 3152 1579 3203 sed
1604 3165 1735 3215 quae

1835 2086 1982 2135 Hinc
2006 2089 2094 2137 est
2114 2082 2268 2148 quod
2301 2087 2585 2137 Herodem
2633 2099 2822 2149 regem
2852 2086 2974 2149 ipse
3016 2084 3297 2135 Dominus
3325 2096 3426 2145 ap-

1834 2156 2007 2221 pellat
2044 2157 2297 2221 vulpem.
2345 2159 2446 2219 lte,
2471 2157 2639 2207 dicite
2672 2157 2892 2219 (inquit)
2917 2155 3072 2219 vulpi
3109 2154 3187 2205 illi
3215 2155 3421 2217 (Matth.

1836 2226 1963 2290 13.).
1990 2228 2100 2279 Sed
2129 2228 2221 2278 his
2246 2229 2323 2279 ita
2352 2229 2645 2292 dispersis,
2668 2229 2738 2279 de
2761 2241 2893 2291 rege
2916 2232 3113 2278 nostro
3133 2226 3270 2290 quid
3289 2227 3426 2277 sub-

1831 2299 2058 2362 jungat,
2100 2299 2405 2350 audiamus
2432 2313 2445 2348 :

1900 2368 1983 2422 1‘2.
2030 2370 2144 2419 Reae
2174 2386 2293 2419 vero
2340 2370 2603 2419 [relabitur
2634 2371 2690 2417 in
2736 2370 2862 2420 Deo.
2908 2368 3005 2420 Ille
3040 2369 3136 2432 qui
3176 2381 3211 2419 a
3244 2367 3429 2419 saluto

1834 2452 1937 2491 rex
1958 2440 2238 2492 dicendus
2262 2444 2371 2504 est,
2399 2442 2498 2505 qui
2521 2446 2608 2492 est
2627 2453 2728 2492 rex
2754 2453 2956 2504 regum
2972 2444 3030 2492 et
3045 2440 3315 2491 dominus
3337 2439 3433 2490 do-

1836 2512 2203 2571 minantium,
2231 2513 2330 2575 qui
2365 2526 2473 2562 nos
2498 2514 2647 2576 regit
2691 2512 3013 2563 secundum
3036 2513 3216 2562 bonos
3241 2523 3430 2562 mores

1837 2586 1894 2633 et
1927 2584 2192 2645 virtutes,
2219 2584 2385 2646 cujus
2436 2584 2598 2645 regni
2622 2595 2741 2633 non
2779 2585 2886 2634 erit
2927 2583 3057 2634 finis
3085 2583 3262 2646 (Apoc.
3301 2581 3351 2635 1.
3382 2588 3428 2631 ct

1839 2654 2134 2717 19.).Talis
2155 2667 2255 2704 rex
2274 2654 2583 2716 laetabitur,
2618 2655 2678 2703 in
2707 2654 2803 2704 illa
2825 2666 2959 2705 vero
2986 2653 3429 2703 incommutabi-

1836 2725 1993 2775 litate
2007 2737 2136 2788 quae
2164 2730 2254 2776 est
2274 2725 2335 2775 in
2361 2727 2497 2788 Deo,
2527 2724 2744 2775 scilicet
2762 2725 2821 2775 in
2847 2724 3147 2774 divinitate
3170 2727 3423 2787 paterna.

1837 2795 2233 2844 Laudabuutur
2263 2795 2435 2846 etiam
2476 2810 2658 2843 omnes
2695 2797 2791 2858 qui
2807 2795 3007 2858 jurant
3040 2794 3099 2842 in
3141 2808 3217 2855 co,
3256 2793 3427 2856 idest,

1836 2863 2154 2916 laudabiles
2176 2866 2532 2929 apparebunt
2552 2878 2649 2929 per
2671 2865 2859 2928 ipsum
2881 2876 3101 2925 omnes,
3125 2864 3222 2927 qui
3253 2863 3425 2914 iidem

1836 2937 1939 2988 Dei
1970 2936 2330 3000 promittunt,
2352 2941 2407 2986 et
2439 2940 2674 2986 servant
2701 2951 2713 2985 :
2740 2935 2875 2997 quia
2907 2935 3129 2985 animas
3165 2947 3301 2984 suas
3347 2933 3426 2985 illi

1836 3011 2062 3070 vovent,
2087 3012 2144 3058 et
2174 3007 2436 3057 reddunt.
2468 3001 2642 3073 309
2670 3008 2877 3069 Magna
2908 3006 3139 3067 quidem
3165 3004 3294 3056 laus
3319 3005 3425 3056 erit

1837 3079 2073 3136 sanctis,
2099 3078 2327 3140 quando
2351 3079 2423 3127 ab
2443 3077 2570 3141 ipso
2593 3076 3083 3127 Dominoaudiant
3106 3076 3165 3125 in
3176 3075 3424 3137 judicio;

1836 3149 2081 3209 Esurivi,
2117 3154 2174 3199 et
2198 3148 2437 3198 dedistis
2461 3147 2599 3198 mihi
2635 3147 2996 3207 manducare,
3039 3146 3218 3208 Sitivi,
3244 3150 3302 3197 et
3327 3146 3425 3197 de—

142 3220 194 3300 in
223 3222 431 3300 anima,
451 3221 615 3300 Sicut
636 3221 808 3300 adipe
821 3233 960 3300 ergo
986 3221 1641 3300 et_pinguedine_aniina
1654 3236 1734 3273 re-
1760 3226 1809 3300 ρ
1835 3220 2004 3300 distis
2030 3219 2169 3300 mihi
2194 3220 2414 3300 bibere,
2437 3224 2495 3300 et
2512 3218 2636 3299 alia
2663 3218 3013 3300 hujusmo‘di.
3062 3220 3131 3268 Et
3174 3217 3379 3267 iterum
3405 3234 3420 3300 ε

141 3290 338 3354 pietur,
361 3292 596 3355 quando
620 3297 678 3343 et
699 3292 905 3343 caritas
929 3298 1018 3343 cst
1042 3293 1099 3343 in
1112 3298 1321 3355 mente,
1339 3297 1396 3343 et
1412 3293 1548 3344 foris
1564 3294 1732 3344 allec-

141 3366 259 3412 tus:
283 3368 459 3428 atque
485 3363 745 3414 hilaritas
784 3363 1095 3427 spiritualis
1131 3368 1363 3426 apparet
1405 3364 1467 3414 in
1487 3364 1728 3415 actione.

144 3433 385 3485 Hilarem
434 3435 591 3486 enim
638 3434 898 3485 datorem
938 3434 1123 3497 diligit
1165 3436 1321 3485 Deus
1355 3433 1426 3497 (9..
1471 3436 1589 3485 Cor.
1638 3435 1729 3497 9.).

142 3504 294 3555 Unde
316 3506 560 3557 etlabiis
590 3505 958 3556 exultationis
986 3505 1219 3556 laudare
1252 3519 1314 3557 se
1337 3508 1517 3557 Deum
1543 3507 1733 3569 perhi-

147 3575 255 3634 bet,
279 3578 412 3639 quia
434 3578 499 3628 in
516 3577 742 3628 Domini
766 3578 1062 3639 servitute,
1087 3581 1260 3639 atque
1276 3576 1333 3626 in
1350 3577 1533 3640 ipsius
1564 3577 1732 3628 laude

143 3658 253 3697 non
275 3648 525 3705 tristitia,
555 3648 658 3699 sed
691 3647 969 3711 gaudium
998 3647 1195 3698 haberi
1237 3646 1422 3698 debet.
1456 3647 1600 3697 Illinc
1624 3661 1732 3697 nos

144 3718 269 3768 alibi
289 3720 533 3782 Spiritus
576 3724 812 3769 sanctus
838 3718 1108 3769 admonet
1132 3718 1189 3767 in
1229 3717 1451 3781 psalmo
1478 3736 1487 3766 :
1518 3719 1731 3770 Servite

146 3788 376 3839 Domino
397 3790 460 3843 in
487 3789 685 3841 laetitia
701 3789 860 3852 (Psal.
874 3790 1000 3852 99.).
1028 3786 1203 3857 308
1253 3792 1369 3840 Nec
1394 3789 1580 3840 solum
1606 3790 1732 3841 laus

147 3858 243 3909 Dei
264 3859 434 3912 debet
456 3862 522 3912 in
545 3873 643 3911 ore
670 3874 820 3917 esse,
860 3861 962 3911 sed
991 3864 1162 3913 etiam
1192 3862 1251 3911 in
1284 3861 1653 3913 meditatione
1676 3866 1733 3912 et

148 3942 328 3993 opere,
358 3932 517 3983 unde
540 3942 596 3983 et
621 3932 887 3982 subditur
911 3947 924 3982 :

206 3999 254 4052 7.
286 4002 344 4050 Si
369 4017 581 4052 memor
600 4003 688 4063 fui
715 4004 794 4050 tui
826 4016 987 4065 super
1017 4007 1246 4051 stratum
1268 4017 1447 4051 meum
1470 4002 1531 4050 in
1556 4008 1734 4051 matu-

148 4071 265 4118 linis
297 4073 592 4122 meditabor
623 4088 683 4121 ιη
710 4078 772 4121 te.
810 4074 1063 4123 Stratum
1099 4086 1269 4123 suum
1296 4073 1545 4136 quietem
1574 4073 1731 4123 dicit.

147 4139 298 4205 Saepe
321 4143 556 4206 quando
579 4144 756 4206 quieti
777 4144 1207 4201 sunthomines,
1223 4156 1321 4205 per
1342 4143 1594 4206 quietem
1612 4143 1733 4193 dis-

148 4211 444 4266 solvuntur
466 4220 523 4266 et
542 4215 1159 4266 obliviscunturDeum
1176 4230 1186 4263 :
1204 4217 1341 4266 Haec
1354 4216 1735 4263 sanctaanima

146 4281 201 4332 in
239 4286 425 4346 quiete
474 4299 582 4337 sua
622 4287 808 4337 Deum
853 4287 1258 4337 reminiscitur.
1310 4285 1473 4336 Unde
1507 4288 1735 4335 constat

148 4354 272 4414 quia
294 4362 349 4406 et
386 4358 447 4409 in
478 4358 806 4409 actionibus
846 4358 972 4408 suis
1018 4358 1077 4408 in
1100 4358 1218 4408 Deo
1259 4356 1646 4407 meditabitur.
1675 4356 1735 4405 Si

148 4437 343 4474 memor
384 4429 473 4491 fui
514 4430 594 4477 tui
640 4444 802 4492 super
822 4434 1053 4477 stratum
1085 4442 1287 4487 meum,
1312 4427 1481 4490 idest,
1506 4425 1735 4489 quando

152 4495 372 4557 quietus
396 4500 499 4563 fui,
524 4500 824 4548 meditabor
848 4501 904 4547 in
935 4505 995 4562 te,
1015 4499 1183 4560 idest,
1208 4498 1265 4548 in
1284 4499 1549 4562 operibus
1572 4497 1734 4547 lucis.

151 4565 326 4628 Digna
367 4572 522 4622 enim
562 4572 843 4622 debemus
879 4570 1117 4633 operari,
1151 4575 1448 4633 tamquam
1490 4570 1547 4619 in
1571 4568 1735 4619 luce:

1836 3290 2054 3348 Venite,
2076 3290 2358 3340 benedicti
2378 3290 2557 3340 Patris
2572 3290 2705 3352 mei,
2720 3290 2988 3352 percipite
3007 3301 3251 3351 regnum
3269 3287 3424 3351 quod

1835 3362 2001 3411 vobis
2030 3366 2291 3424 paratum
2324 3366 2413 3411 est
2448 3362 2519 3411 ab
2552 3361 2769 3423 origine
2809 3359 3011 3411 mundi
3036 3360 3266 3421 (ΜαιιΙιη
3296 3358 3421 3421 ‘25.).

1835 3434 1992 3496 Rege
2030 3432 2223 3494 itaque
2247 3444 2379 3482 cum
2421 3430 2698 3482 militibus
2738 3431 2858 3481 suis
2894 3431 2955 3481 in
2979 3442 3188 3493 magno
3211 3429 3421 3493 gaudio

1837 3506 2172 3565 constituto,
2191 3514 2322 3567 pars
2345 3502 2588 3553 adversa
2611 3501 3011 3561 confundetur,
3026 3502 3095 3551 de
3112 3506 3295 3563 quaet
3312 3502 3425 3548 sul)-

1837 3574 2024 3625 ditur:
2060 3574 2198 3631 Quia
2241 3573 2564 3622 obstructum
2606 3580 2675 3621 cst
2716 3588 2771 3622 os
2820 3573 3153 3635 loquentium
3207 3572 3420 3635 iniqua.

1837 3646 2062 3704 Quanta
2099 3645 2209 3707 (Ea:
2253 3646 2576 3707 Augustino)
2620 3645 2818 3706 iniqua
2846 3645 3023 3695 locuti
3043 3647 3177 3693 sunt
3200 3642 3423 3694 Judaei!

1838 3718 2064 3777 Quanta
2107 3714 2259 3766 mala
2292 3716 2562 3765 dixerunt
2602 3714 2832 3777 l’agani,
2878 3716 2977 3776 qui
3019 3718 3249 3777 propter
3278 3711 3430 3763 idola

1838 3786 2192 3838 Christianos
2203 3792 2342 3837 sunt
2354 3786 2661 3850 persecuti!
2678 3788 2816 3837 Cum
2834 3789 3040 3849 putant
3055 3784 3205 3847 quod
3220 3789 3429 3844 possunt

1838 3858 1989 3908 finiri
2027 3858 2358 3915 Christiani,
2392 3862 2714 3917 creverunt,
2751 3861 2805 3907 et
2829 3856 2938 3920 ipsi
2966 3856 3111 3906 tiniti
3137 3859 3292 3905 sunt.
3314 3855 3429 3906 Ob-

1841 3934 2124 3979 structum
2154 3933 2243 3979 est
2265 3942 2329 3978 os
2342 3941 2557 3979 eorum.
2572 3930 2701 3978 Jam
2721 3940 2832 3977 non
2845 3927 3060 3977 audent
3075 3926 3231 3989 loqui
3246 3928 3428 3973 adver-

1840 4014 1941 4050 sus
1954 4000 2263 4050 Christum.
2283 3999 2446 4059 Quod
2465 4004 2656 4049 tamen
2681 3998 2739 4048 in
2767 4000 2795 4047 J
2805 3998 2987 4048 udicio
3012 3998 3314 4061 perfectius
3329 3995 3430 4046 ad-

1838 4070 2182 4134 implebitur,
2198 4069 2429 4132 quando
2446 4082 2638 4131 regem
2652 4074 2914 4119 nostrum
2933 4080 3170 4130 regnare
3188 4070 3430 4115 videbunt

1841 4143 1909 4192 Et
1955 4143 2141 4190 Deum
2183 4151 2394 4202 negare
2418 4152 2532 4188 non
2567 4143 2852 4202 poterunt,
2882 4140 3109 4200 quando
3150 4139 3429 4201 aspicient

1841 4215 2074 4261 sanctos
2089 4214 2239 4259 stare
2265 4210 2323 4257 in
2344 4220 2554 4271 magna
2569 4209 2893 4258 constantia
2908 4209 2979 4258 ad
2989 4221 3189 4258 versus
3215 4220 3314 4258 eos
3331 4208 3429 4269 qui

1841 4295 1904 4333 se
1927 4284 2374 4341 angustaverunt
2400 4295 2414 4326 :
2440 4279 2668 4341 quando
2697 4291 2796 4329 eos
2820 4290 2966 4339 quos
2994 4277 3302 4339 aliquando
3326 4278 3431 4327 ha—

1842 4353 2090 4402 buerunt
2110 4350 2167 4400 in
2192 4350 2461 4410 derisum,
2489 4348 2807 4411 computari
2822 4348 3099 4398 videbunt
3120 4349 3269 4397 inter
3285 4347 3431 4397 filios

1840 4423 1942 4473 Dei
1971 4422 2119 4485 (Sap.
2150 4419 2240 4479 5.).
2284 4420 2446 4469 Tunc
2471 4419 2680 4481 quippe
2723 4418 3051 4479 iniquorum
3080 4430 3145 4467 os
3169 4419 3427 4467 obstruc-

1840 4498 1963 4543 tum
1990 4489 2359 4553 erlt,quando
2377 4491 2498 4552 jam
2531 4488 2668 4550 quid
2681 4488 2865 4538 dicere
2889 4486 3095 4539 valeat.
3114 4499 3229 4536 non
3254 4488 3430 4538 babe-

1839 4565 1938 4615 bit.
1962 4563 2309 4614 Studeamus
2347 4572 2481 4623 ergo
2506 4559 2575 4609 de
2599 4559 2725 4608 luce
2754 4557 2989 4621 vigilare
3021 4557 3094 4607 ad
3118 4559 3322 4621 Deum,
3345 4562 3433 4609 at—

153 4638 278 4697 quia
297 4653 411 4693 non
437 4655 641 4693 sumus
656 4642 842 4693 noctis
867 4628 932 4693 ac
945 4628 1327 4703 tenebrarum,
1356 4641 1458 4691 sed
1482 4640 1617 4690 Filii.
1638 4640 1737 4689 Dei
1763 4636 1817 4707 D
1842 4648 1953 4699 que
1976 4637 2035 4685 in
2068 4631 2358 4707 hocarido
2391 4629 2809 4707 desertositire
2839 4629 3053 4707 tentem
3080 4628 3240 4707 vitae.
3267 4630 3350 4678 Sit
3369 4629 3432 4707 in

153 4716 213 4756 ac
235 4708 374 4762 lucis
394 4713 460 4775 (1.
490 4713 661 4763 Thess.
688 4713 777 4776 5.).
805 4714 951 4764 Hinc
976 4726 1083 4763 nos
1109 4712 1422 4771 Apostolus
1445 4712 1736 4773 admonet,

155 4779 217 4827 ut
237 4779 292 4830 in
323 4781 411 4833 die
431 4784 675 4835 honeste
695 4783 1060 4834 ambulemus
1091 4784 1259 4846 (Rom.
1289 4781 1417 4843 13.).
1452 4785 1518 4832 Et
1543 4782 1741 4832 Domi-

154 4859 258 4918 nus
281 4852 335 4902 in
366 4855 703 4918 Evangelio;
731 4857 944 4906 Luceat
972 4854 1194 4917 (inquit)
1212 4854 1311 4903 lux
1333 4858 1525 4904 vestra
1549 4865 1740 4903 coram

156 4916 495 4989 hominibus,
522 4916 586 4977 ut
614 4926 881 4976 videntes
905 4937 1076 4988 opera
1100 4930 1294 4975 vestra
1334 4925 1502 4983 bona,
1528 4924 1741 4986 glorill-

156 4993 278 5059 cent
319 5001 538 5057 patrem
583 5000 838 5047 vestrum
876 4997 974 5059 qui
1010 4997 1068 5045 in
1106 4995 1264 5047 caelis
1285 4996 1601 5055 cst(Matlh.
1638 4992 1739 5054 5.).

157 5056 521 5118 Commendat
554 5072 748 5118 autem
776 5056 1015 5130 gratiam
1046 5068 1166 5128 Dei,
1191 5079 1322 5116 cum
1348 5064 1677 5127 subjungit:

216 5129 263 5182 8.
301 5134 437 5191 Quia
457 5139 613 5199 fuisti
640 5129 860 5201 adjutor
881 5152 1047 5188 meus.
1068 5137 1291 5187 Etenim
1324 5136 1434 5186 nisi
1462 5136 1743 5186 Dominus

160 5199 383 5263 adjuvet
423 5209 574 5259 bona
619 5199 789 5273 opera
833 5212 1050 5271 nostra,
1102 5206 1323 5271 impleri
1354 5219 1388 5257 a
1429 5207 1599 5257 nobis
1631 5218 1745 5256 non

160 5280 411 5329 possunt.
454 5281 596 5330 Ecce
620 5280 741 5343 jam
776 5279 1030 5330 ostendit
1066 5279 1317 5329 Ecclesia
1350 5290 1412 5327 se
1437 5290 1565 5328 esse
1590 5290 1746 5327 secu-

160 5350 272 5393 ram
299 5346 352 5397 in
386 5348 630 5411 deserto,
675 5363 775 5413 per
811 5350 1157 5413 adjutorium
1207 5348 1405 5410 gratim
1436 5349 1555 5398 Dei.
1584 5348 1745 5398 Unde

160 5414 417 5469 exultans
443 5421 608 5471 dicit:
628 5422 693 5469 Et
716 5423 771 5468 in
791 5422 1085 5469 velamento
1111 5419 1331 5468 alarum
1349 5426 1570 5466 tuarum
1590 5419 1743 5467 0.1311(-

163 5482 293 5537 taho.
318 5489 608 5543 Ililaresco
644 5494 704 5543 in
751 5492 919 5543 bonis
953 5492 1259 5555 operibus:
1297 5492 1433 5552 quia
1460 5503 1628 5552 supra
1652 5502 1744 5541 me

161 5559 242 5604 est
276 5559 536 5613 velamen
562 5563 780 5614 alarum
823 5569 1074 5623 tuarum,
1107 5562 1272 5617 idest,
1297 5561 1655 5624 refrigerium
1688 5565 1747 5611 et

162 5630 426 5683 protectio
471 5635 772 5684 virtutum.
807 5634 923 5684 Nec
950 5633 1137 5684 solum
1182 5632 1471 5693 exultabo,
1508 5630 1607 5680 sed
1626 5631 1747 5693 jam

164 5693 362 5750 all'ectu
383 5707 441 5753 et
470 5704 768 5755 desiderio.

221 5764 267 5838 Si.
292 5770 527 5824 Adhaesit
549 5776 744 5824 anima
760 5790 879 5823 mea
892 5780 1008 5837 post
1034 5779 1094 5823 te.
1114 5774 1242 5826 Non
1266 5774 1345 5825 ita
1358 5778 1426 5825 ut
1441 5770 1747 5838 praecedat,

162 5835 334 5890 veluti
351 5843 566 5907 Petrus,
585 5859 717 5898 cum
734 5846 878 5897 dixit
892 5835 1137 5897 Domino
1153 5861 1165 5896 :
1180 5835 1465 5910 Propitius
1485 5844 1588 5896 tibi
1605 5845 1749 5903 esto,

1845 4710 2042 4757 sancto
2073 4702 2352 4754 desiderio
2397 4714 2493 4751 cor
2518 4704 2797 4750 nostrum.
2843 4699 3098 4749 Laudent
3127 4703 3181 4749 et
3207 4699 3432 4749 benedi-

1840 4782 1973 4828 cant
1996 4779 2178 4825 Deum
2213 4772 2364 4824 labia
2394 4776 2609 4830 nostra,
2648 4771 2765 4822 vita
2797 4776 3009 4830 nostra,
3046 4783 3217 4834 opera
3238 4775 3435 4821 nostra

1841 4849 1923 4899 Sit
1948 4844 2237 4911 pinguedo
2264 4842 2519 4893 caritatis
2544 4842 2604 4891 in
2625 4842 2812 4903 corde,
2841 4842 3165 4893 hilaritasin
3190 4841 3431 4892 actione.

1841 4920 2123 4969 Memores
2158 4916 2343 4964 simus
2372 4913 2474 4963 Dei
2493 4926 2725 4975 vespere.
2746 4918 3003 4963 etmane.
3034 4914 3116 4963 Sit
3155 4912 3433 4975 gaudium

1840 4993 2104 5040 nostrum
2129 4987 2184 5036 in
2209 4986 2351 5048 ipso.
2371 4984 2678 5035 Adhmreat
2698 4983 2774 5034 illi
2798 4985 2989 5035 anima
3004 4988 3202 5034 nostra
3219 4986 3335 5034 toto
3349 4986 3436 5030 do-

1847 5058 2055 5110 siderio
2085 5072 2096 5106 :
2126 5068 2439 5108 caveamus
2476 5055 3152 5118 cxemplumpravorum,
3178 5054 3272 5114 qui
3314 5066 3441 5117 per-

1844 5136 1985 5183 eunt
2007 5132 2315 5192 :quatenus
2334 5140 2463 5177 cum
2481 5140 2611 5189 rege
2623 5131 2821 5178 nostro
2841 5126 3231 5176 Jesu-Christo
3252 5125 3308 5173 in
3335 5140 3434 5171 oze-

1843 5202 1973 5253 lesti
2004 5213 2182 5263 regno
2222 5199 2473 5263 gaudere
2498 5203 2553 5249 et
2574 5211 2810 5261 regnare
2834 5198 3144 5261 possimus.
3178 5196 3317 5245 Ilaec
3348 5199 3437 5245 est

1844 5272 2058 5324 utilitas
2090 5271 2316 5336 psalmi.

2120 5386 2487 5450 TITULUS
2546 5384 2867 5449 PSALMI
2910 5382 3152 5447 LXIII.

1908 5537 1952 5581 1.
1978 5532 2171 5578 Titulus
2196 5532 2373 5589 psalmi
2393 5529 2648 5588 sequentis
2686 5533 2756 5574 est
2774 5542 2785 5576 :
2804 5527 2865 5573 In
2883 5523 3320 5589 ﬁncm,psalmus
3339 5525 3441 5574 Da-

1847 5595 1956 5643 vid.
1984 5597 2073 5640 Iste
2099 5594 2323 5651 psalmus
2349 5592 2582 5639 convenit
2607 5592 2778 5645 David,
2804 5592 2853 5636 id
2879 5596 2968 5650 est,
2996 5592 3211 5645 Christo,
3238 5590 3326 5647 qui
3355 5591 3439 5634 hic

1848 5659 1880 5703 1(
1898 5658 2093 5715 quitur,
2119 5657 2345 5709 dirigens
2369 5656 2420 5700 in
2451 5656 2617 5699 tinem.
2639 5652 3377 5715 Cliristusestmaleria,passus
3394 5658 3440 5697 et

1849 5714 2173 5778 glorificatus.
2205 5718 2420 5764 Breviter
2443 5717 2578 5760 enim
2602 5716 2663 5778 de
2696 5715 2930 5778 passione
2952 5728 3042 5778 sua
3060 5715 3221 5778 tangit
3251 5719 3297 5758 et
3329 5714 3438 5770 glo-

1848 5774 2141 5828 riﬁcatione.
2169 5783 2221 5827 In
2248 5780 2409 5837 prima
2430 5783 2565 5835 parte
2595 5776 2830 5821 deseribit
2862 5776 3105 5837 malitiam
3129 5774 3435 5837 Judmorum.

1847 5846 2022 5890 etorat
2062 5835 2266 5888 liberari
2305 5840 2367 5887 ab
2392 5841 2481 5885 eis.
2515 5839 2569 5883 Et
2611 5838 2821 5883 aﬂlrmat
2845 5836 2978 5894 quod
3028 5835 3344 5883 liberabitur.
3382 5837 3434 5880 In
