3880 6222
409 262 514 315 895

409 375 786 446 secunda_(_quaa
815 370 1624 446 incipit,ASagitaeparvuloru‘7n)
1649 373 2010 446 ponitlirrisio-
2032 373 2088 446 Α

409 453 526 486 nem
553 438 781 485 stultitim
808 438 1237 483 eorum.0stendit
1256 437 1308 482 in
1335 437 1428 482 hoc
1452 437 1648 494 psalmo
1671 436 2008 481 constantiam

410 515 557 548 suam
591 502 643 546 in
670 501 934 558 passione:
986 512 1078 544 nos
1100 499 1332 544 videlicet
1369 511 1461 544 suo
1481 498 1711 554 exemplo
1738 498 2012 543 intendens

411 564 682 622 instruere,
720 564 935 620 qualiter
972 562 1100 606 inter
1124 560 1357 607 inimicos
1380 574 1471 605 nos
1497 562 1768 605 debeamus
1812 560 2012 619 habere,

408 632 453 670 et
475 626 694 683 qualiter
731 630 927 669 orantes
961 623 1198 668 debemus
1240 623 1295 669 in
1341 622 1752 667 tribulationibus
1778 634 2014 679 perseve-

409 682 518 733 rare
540 706 550 732 :
570 687 660 731 hoc
677 684 907 732 videlicet
921 686 1257 741 attendentes,
1277 686 1395 742 quia
1418 690 1606 742 quanto
1622 682 1770 729 fuerit
1789 683 2015 741 asperior

409 754 454 793 et
480 748 713 805 iniquior
739 747 991 793 tribulatio
1016 754 1200 807 nostra,
1224 751 1358 792 tanto
1383 747 1436 792 in
1462 746 1631 807 futuro
1656 746 1896 801 majorem
1923 746 2014 790 ha-

407 810 642 855 bebimus
668 810 961 866 profectum,
994 808 1071 853 illi
1098 806 1212 854 vero
1238 809 1473 864 majorem
1500 806 1763 854 defectum.
1784 808 1898 852 Orat
1923 820 2019 852 au-

410 879 505 917 tem
538 872 620 916 hic
643 872 891 928 Christus,
920 883 981 916 ne
1011 870 1149 916 cedat
1176 870 1399 916 inimicis
1426 870 1481 915 in
1503 870 1752 927 passione,
1783 869 2018 927 quamvis

410 932 692 979 certissime
726 946 779 979 se
812 934 958 978 sciret
983 945 1260 990 numquam
1298 932 1509 978 deﬁcere
1536 946 1546 977 :
1590 932 1673 977 sed
1700 932 1793 977 hoc
1817 931 1935 976 facit
1956 930 2018 976 ad

410 995 794 1041 instructionem
813 995 1057 1055 ﬁdelium,
1075 1003 1127 1039 ut
1152 995 1193 1040 si
1222 994 1329 1052 ipse
1352 995 1439 1052 qui
1465 994 1705 1052 praescius
1722 997 1824 1039 erat
1836 990 2021 1055 futuri,

409 1070 551 1104 orare
595 1057 775 1115 voluit,
820 1058 978 1103 multo
1002 1056 1163 1114 magis
1200 1058 1290 1114 qui
1327 1056 1502 1102 incerti
1534 1059 1673 1115 sunt,
1699 1054 1878 1102 sedule
1902 1055 2022 1101 dent

409 1132 614 1178 operam
638 1119 875 1167 orationi.
909 1118 990 1165 Sic
1014 1118 1183 1176 itaque
1206 1118 1384 1178 incipit
1414 1133 1424 1164 :

848 1237 1245 1302 PSALMUS
1310 1237 1551 1301 LXIII.

475 1370 530 1425 ‘2.
565 1373 811 1432 Exaudi,
859 1374 1015 1436 Deus,
1060 1373 1362 1422 orationem
1395 1388 1573 1421 meam
1593 1389 1717 1423 cum
1750 1374 2021 1439 deprecor.

416 1446 583 1495 Nunc
614 1449 687 1507 te,
714 1449 892 1509 pater,
939 1445 1228 1509 deprecor.
1257 1446 1420 1494 Nunc
1445 1444 1657 1495 exaudi
1703 1446 2021 1498 orationem

414 1527 620 1565 meam.
648 1517 808 1576 Quod
828 1522 1025 1566 autem
1044 1530 1103 1566 se
1115 1515 1375 1565 exaudiri
1402 1514 1664 1566 Christus
1684 1520 1915 1576 postulat,
1931 1521 2022 1566 hoc

418 1598 535 1636 non
554 1586 874 1636 secundum
894 1586 1483 1648 divinitatem,verum
1503 1586 1822 1637 secundum
1839 1591 2020 1635 huma-

417 1656 657 1706 nitatem
677 1656 917 1720 intelligi
943 1656 1129 1707 debet.
1156 1657 1234 1705 Ea
1257 1656 1409 1705 enim
1432 1668 1503 1706 ex
1526 1660 1683 1719 parte
1708 1668 1822 1719 qua
1845 1657 2019 1708 homo

1470 258 1736 310 RUFINO
1768 256 2228 309 PRESBYTERO
2262 256 2646 309 ASCRIPTUS
2696 306 2701 309 .

3669 258 3780 312 896

2114 371 2315 435 pidant
2324 371 2424 434 qui
2441 370 2623 434 judici
2642 369 3021 422 tradiderunt.
3058 371 3492 424 Contremiscit
3507 379 3678 433 potes
3686 369 3778 422 ω’

2114 446 2172 493 et
2206 454 2327 494 non
2360 442 2750 493 contremiscit
2768 443 3127 493 immanitas.
3142 443 3404 494 Vultille
3424 444 3660 495 lavare
3683 460 3783 493 me.

2110 518 2317 575 nus,et
2340 512 2421 563 illi
2446 513 2755 575 inquinant
2783 513 3014 577 linguas
3032 526 3190 563 suas.
3220 513 3337 564 Sed
3360 526 3565 576 quare
3592 518 3627 564 ?
3654 517 3776 566 Fir-

2113 585 2419 634 maverunt
2432 583 2539 633 sibi
2555 596 2872 634 sermonem
2886 596 3164 646 nequam,
3176 584 3775 648 Cruciﬁge,cruciﬁge

2114 655 2323 717 (Matth.
2350 652 2457 707 27:
2490 655 2615 703 Luc.
2664 653 2791 717 23.).
2840 656 2988 705 Vere
3032 657 3247 718 utique
3286 668 3576 718 nequam
3610 675 3623 704 :
3654 669 3770 719 quo

2113 728 2359 789 nequior
2379 724 2572 776 nullus
2597 738 2726 777 esse
2740 731 2952 789 potest.
2971 726 3264 790 Repetitio
3282 726 3691 778 conﬁrmatio
3705 738 3773 775 est

2119 796 2248 864 3||
2283 797 2564 848 sermonis
2607 797 2859 860 maligni.
2885 798 3304 849 Firmaverunt
3357 802 3587 848 autem
3635 797 3769 859 hoc,

2116 882 2233 921 non
2256 870 2520 927 Domino,
2535 867 2637 918 sed
2656 867 2784 931 sibi,
2807 867 2865 918 id
2881 872 2991 928 est,
3005 868 3080 919 ad
3098 867 3575 919 damnationem
3598 884 3767 920 suam.

2119 940 2415 1003 Quomodo
2439 938 2593 990 enim
2615 951 2733 990 non
2749 939 2873 995 sibi,
2900 951 3038 990 cum
3062 939 3264 990 dicant
3289 957 3301 987 :
3329 940 3616 1003 Sanguis
3642 941 3767 1002 ejus

2120 1024 2293 1075 super
2336 1024 2464 1072 nos,
2494 1015 2551 1062 et
2596 1022 2770 1074 super
2792 1009 2940 1061 ﬁlios
2974 1015 3209 1062 nostros
3234 1010 3470 1071 (Matth.
3501 1008 3628 1071 9.7.)
3658 1013 3767 1062 iEt

2120 1084 2254 1146 quia
2279 1082 2380 1146 qui
2401 1086 2599 1146 peccat
2620 1082 2680 1132 in
2705 1088 3011 1146 absconso,
3024 1081 3247 1146 appetit
3262 1093 3531 1146 peccare
3561 1093 3694 1133 non
3710 1083 3764 1133 in

2119 1153 2368 1219 publico,
2399 1158 2550 1204 recte
2568 1152 2836 1204 subditur
2860 1168 2873 1202 :

2183 1224 2234 1279 6.
2258 1225 2639 1274 Narraverunt
2665 1229 2725 1273 ut
2745 1222 3125 1274 absconderem
3148 1223 3402 1287 laqueos,
3420 1223 3488 1276 id
3502 1227 3625 1287 est,
3646 1241 3762 1287 qua-

2117 1296 2248 1347 liter
2261 1296 2541 1347 absconse
2565 1295 2854 1346 Christum
2872 1298 3144 1359 caperent
3165 1299 3224 1346 et
3248 1296 3638 1356 occiderent,
3657 1300 3763 1347 tra-

2122 1366 2316 1418 dendo
2341 1378 2474 1417 eum
2490 1378 2590 1430 per
2601 1365 2971 1429 discipulum,
2988 1365 3312 1428 judicando
3336 1379 3452 1430 per
3465 1368 3760 1426 principem

2122 1440 2467 1499 Romanum,
2485 1436 2876 1488 interﬁciendo
2892 1449 2992 1500 per
3005 1436 3221 1487 milites
3235 1439 3361 1496 ejus
3379 1436 3618 1498 (Matth.
3634 1436 3758 1490 9.6.3.

2123 1508 2277 1559 Talis
2296 1508 2715 1560 fuitabsconsio
2730 1507 3084 1570 laqueorum,
3104 1507 3176 1558 de
3192 1508 3424 1570 quibus
3437 1510 3648 1566 etiam,
3676 1509 3761 1556 Di-

2120 1580 2368 1628 xerunt?
2396 1579 2527 1637 Quis
2548 1578 2742 1627 videbit
2764 1593 2847 1627 eos
2858 1579 3087 1641 ?Neque
3117 1579 3278 1628 enim
3301 1578 3425 1629 hoc
3448 1580 3534 1629 ab
3562 1580 3755 1641 aliquo

2120 1649 2468 1712 deprehendi
2489 1661 2662 1713 posse
2684 1653 3051 1714 putaverunt,
3082 1648 3186 1699 sed
3208 1662 3338 1699 non
3364 1649 3605 1713 profuit

416 1725 469 1805 ξ
486 1725 504 1793 1
593 1732 713 1805 erat
736 1728 925 1778 inﬁrm
936 1740 1002 1805 us
1017 1732 1189 1805 atque
1201 1726 1462 1805 mortalis
1486 1731 1543 1777 et
1573 1726 1863 1805 passi‘bilis
1882 1733 2020 1805 erat.
2047 1732 2101 1805 B
2120 1721 2552 1805 Νξωξθειξιίειξιτ
2576 1735 2588 1771 ε

417 1800 536 1848 Iiac.
556 1797 733 1861 igitur
758 1810 830 1849 ex
856 1802 1016 1862 parte
1032 1797 1484 1848 misericordiam
1510 1799 1762 1860 petebat,
1780 1810 1895 1861 qua
1909 1799 2018 1848 mi-

421 1870 729 1920 sericordia
745 1869 1054 1931 indigebat.
1077 1870 1217 1929 Quae
1234 1873 1427 1919 autem
1449 1868 1562 1919 ista
1588 1869 1661 1919 sit
1685 1870 1863 1920 oratio
1879 1869 1938 1919 in
1957 1883 2018 1921 se

418 1940 729 2003 quentibus
767 1939 1111 1992 declaratur.
1144 1939 1239 1989 Ait
1276 1938 1429 1989 enim
1458 1953 1471 1987 :
1506 1940 1547 1987 Α
1578 1940 1768 1987 timore
1803 1940 2019 1989 inimici

418 2012 561 2074 eripe
578 2012 828 2059 animant
846 2026 1041 2058 meam.
1056 2012 1174 2059 Hoc
1188 2015 1313 2060 orat
1328 2010 1389 2059 in
1401 2008 1622 2072 psalmo
1642 2022 1867 2071 servus,
1883 2012 2019 2070 quod

420 2082 477 2132 in
496 2082 803 2144 Evangelio
823 2081 1081 2144 praecipit
1099 2080 1377 2131 Dominus
1398 2098 1407 2127 :
1430 2079 1848 2143 Nolite(inquit)
1874 2085 2022 2128 time-

420 2166 481 2204 re
498 2165 599 2203 eos
622 2152 721 2215 qui
745 2152 1016 2203 occidunt
1031 2163 1260 2214 corpus,
1278 2151 1528 2200 animam
1547 2156 1741 2201 autem
1753 2164 1871 2201 non
1886 2164 2022 2215 pos-

419 2228 558 2274 sunt
597 2222 853 2273 occidere
884 2222 1094 2285 (Matth.
1123 2220 1246 2284 10.).
1270 2221 1477 2271 Oretur
1499 2233 1653 2284 ergo,
1681 2226 1746 2272 ut
1782 2226 2021 2285 praestet

419 2292 574 2357 quod
600 2293 782 2356 jubet.
816 2294 932 2343 Nec
955 2296 1082 2343 orat
1103 2296 1170 2342 ut
1193 2303 1310 2342 non
1330 2291 1640 2353 occidatur,
1666 2292 1770 2342 sad
1794 2297 1861 2343 ut
1881 2293 2023 2344 occi-

420 2364 654 2414 dentem
688 2375 806 2413 non
832 2363 1046 2421 timeat,
1080 2374 1153 2412 ne
1188 2364 1329 2413 forte
1373 2361 1630 2413 timendo
1659 2364 2019 2415 succumbat.

421 2437 535 2485 Nec
558 2433 667 2485 hoc
689 2432 821 2484 ideo
846 2432 1101 2496 postulat
1123 2433 1407 2484 Dominus
1431 2434 1709 2495 Christus,
1737 2436 1801 2485 ut
1820 2435 2021 2487 timore

418 2504 609 2567 aliquo
624 2504 806 2567 frangi
832 2505 1039 2561 valeat,
1067 2504 1168 2555 sed
1199 2511 1263 2555 ut
1294 2504 1722 2556 inﬁrmantibue
1745 2506 2020 2557 membris

418 2575 618 2626 orandi
642 2574 885 2625 formam
910 2578 1086 2638 atque
1116 2576 1175 2625 in
1200 2576 1472 2639 passione
1505 2576 1893 2631 constantiam
1922 2577 2022 2627 tri-
2072 2622 2076 2627 .

420 2647 578 2697 buat.
601 2647 668 2697 Et
692 2646 845 2709 quod
868 2646 939 2697 de
959 2647 1331 2698 exauditione
1356 2659 1596 2698 securus
1623 2647 1715 2705 sit,
1738 2660 1810 2699 ex
1829 2648 2019 2700 verbis

419 2717 801 2780 sequentibus
824 2718 1078 2769 ostendit
1123 2717 1220 2768 Ait
1243 2716 1395 2767 enim
1420 2734 1429 2765 :

479 2786 529 2841 3.
558 2788 847 2836 Protexisti
866 2802 948 2836 mc
969 2805 1003 2836 a
1023 2795 1283 2837 conventu
1304 2787 1756 2851 malignantium,
1781 2787 1950 2848 idest,
1985 2801 2021 2839 ο,

418 2858 750 2909 collectione
765 2860 914 2909 male
939 2859 1010 2910 de
1027 2872 1117 2910 me
1135 2860 1528 2922 cogitantium,
1548 2864 1603 2909 et
1627 2860 1800 2909 etiam
1825 2876 1860 2907 a
1883 2859 2019 2907 mut-

419 2930 650 2977 titudine
673 2931 1019 2992 operantium
1038 2930 1403 2993 iniquitatem,
1428 2930 1577 2980 idest
1612 2942 1645 2981 a
1674 2929 1873 2981 multis
1922 2930 2018 2993 qui

420 2999 572 3049 illam
599 3000 946 3061 singularem
980 3001 1362 3063 iniquitatem,
1404 3000 1673 3051 videlicet
1695 3001 2019 3051 cruciﬁxio-

422 3083 556 3120 nem
580 3070 641 3120 in
668 3083 762 3121 me
809 3072 1025 3134 operati
1069 3075 1226 3122 sunt.
1284 3073 1582 3122 Protectus
1610 3076 1697 3121 est
1722 3074 1873 3122 enim
1911 3072 2019 3131 (Ex

2183 1791 2231 1844 7.
2260 1791 2497 1840 Scrutati
2540 1796 2664 1839 sunt
2694 1791 3007 1854 iniquitates
3033 1808 3045 1839 :
3080 1791 3300 1854 quibus
3334 1791 3659 1842 Christum
3691 1792 3747 1841 in

2119 1861 2481 1913 sermonibus
2495 1862 2835 1926 redarguere
2851 1867 3113 1926 possent,
3130 1862 3251 1912 sive
3269 1862 3423 1926 quia
3442 1862 3632 1912 falsos
3650 1869 3746 1909 tes-

2118 1934 2208 1983 tes
2236 1945 2411 1997 super
2434 1946 2565 1984 eum
2595 1935 3024 1984 constituerunt
3058 1933 3257 1995 (Ibid).
3287 1934 3409 1984 Sed
3441 1933 3745 1996 defecerunt

2118 2010 2414 2052 scrutantes
2432 2004 2716 2065 scrutinia,
2741 2004 2796 2054 id
2819 2009 2927 2063 est,
2943 2004 3006 2054 in
3026 2016 3097 2055 ea
3121 2004 3347 2063 subtili,
3374 2009 3442 2054 et
3456 2004 3744 2067 frequenti

2117 2073 2490 2137 inquisitione
2518 2075 2657 2126 nihil
2680 2076 2993 2138 potuerunt
3008 2074 3308 2138 prolicere.
3328 2076 3509 2137 Quod
3524 2084 3738 2136 patenter

2119 2146 2462 2209 ostenditur,
2487 2158 2619 2197 cum
2650 2145 3002 2196 subinfertur
3028 2161 3040 2195 :

2185 2217 2467 2270 8.Accedet
2496 2218 2621 2266 hom
2645 2217 2718 2265 ad
2739 2231 2831 2265 cor
2863 2216 3064 2266 altum:
3095 2221 3144 2267 et
3165 2216 3563 2266 exalatabitur
3594 2216 3739 2266 Deus.

2119 2290 2207 2340 Ad
2238 2303 2330 2338 cor
2362 2289 2551 2349 altum,
2574 2288 2631 2338 id
2651 2292 2760 2350 est,
2788 2288 2859 2339 ad
2884 2300 2981 2339 cor
2997 2290 3316 2351 secretum,
3352 2289 3437 2340 ad
3463 2301 3570 2340 cor
3592 2289 3741 2340 Divi-

2119 2373 2279 2424 num,
2324 2372 2440 2411 non
2478 2359 2791 2410 ostendens
2827 2358 2969 2422 quid
3002 2363 3227 2420 nosset,
3262 2372 3393 2410 non
3420 2360 3737 2411 ostendens

2121 2432 2259 2495 quid
2283 2430 2548 2482 esset.llli
2569 2435 2839 2493 putantes
2859 2430 2969 2481 hoc
2995 2434 3183 2481 totum
3200 2443 3360 2494 esse,
3387 2431 3561 2494 quod
3585 2431 3736 2481 vide-

2120 2504 2305 2565 batur,
2333 2502 2605 2554 occidunt
2623 2500 2911 2552 hominem
2933 2501 2996 2552 in
3012 2501 3185 2553 corde
3211 2500 3354 2553 alto.
3383 2502 3738 2552 Exaltabitur

2119 2575 2277 2635 Deus,
2295 2572 2356 2623 in
2380 2572 2549 2623 corde
2560 2571 2773 2623 divino.
2788 2571 2949 2624 Unde
2964 2572 3329 2635 humiliatur,
3355 2573 3503 2624 inde
3524 2575 3735 2633 amplius

2118 2645 2421 2696 exaltatur.
2442 2644 2702 2695 Mortuus
2726 2647 2818 2694 est
2851 2643 3007 2693 enim
3038 2644 3333 2705 Christus,
3351 2644 3683 2695 resurrexit
3704 2655 3734 2692 a

2117 2715 2377 2775 mortuis,
2395 2714 2725 2765 ascenditin
2740 2713 2965 2773 caelum,
2993 2714 3155 2765 misit
3176 2714 3730 2778 pradicatoreSsuos

2115 2786 2177 2836 in
2200 2785 2502 2836 mundum.
2518 2784 2779 2836 Creditus
2802 2787 2893 2836 est
2917 2786 3095 2836 Deus.
3117 2786 3543 2849 Magniﬁcatus
3569 2786 3732 2841 est,et

2115 2858 2424 2914 exaltatus,
2443 2868 2559 2906 non
2572 2855 2725 2919 quod
2738 2859 3021 2918 quantum
3043 2855 3117 2905 ad
3134 2856 3409 2920 seipsum
3432 2856 3624 2920 possit
3638 2868 3732 2905 uno

2117 2939 2291 2990 quam
2320 2927 2585 2978 exaltari:
2614 2926 2715 2976 sed
2751 2930 3034 2989 quantum
3058 2925 3132 2976 ad
3170 2938 3335 2985 eum,
3370 2927 3538 2991 apud
3572 2937 3729 2989 quem

2120 2998 2303 3061 major
2325 2998 2395 3048 de
2412 2999 2529 3047 Deo
2542 2996 2788 3061 cognitio
2807 2996 3067 3047 habetur.
3084 2995 3241 3047 Audi
3266 2996 3582 3060 quomodo
3603 2999 3728 3044 exal-

2118 3073 2276 3119 tatus
2295 3069 2369 3118 sit
2391 3070 2565 3132 Deus,
2591 3072 2648 3118 et
2669 3067 2729 3117 hi
2752 3067 2846 3129 qui
2870 3067 3404 3131 persequebantur,
3434 3067 3725 3118 humiliati.

420 3142 1142 3218 Augustino),__protegentc
1167 3155 1229 3218 se
1266 3144 1403 3199 Deo,
1427 3146 1759 3218 protegente
1785 3155 2016 3218 carnem
2043 3144 2092 3218 ρ
2123 3209 2150 3218 Α
2252 3138 3537 3218 δᾳρὶιιεξρανυιξιονιξπιίαειξςειιηῑριαῃωεονρτη
3556 3154 3567 3218 ς
3588 3138 3725 3218 [Χῖετξῖ

423 3212 724 3275 suamipso
753 3213 906 3264 Filio.
927 3213 1072 3275 Quid
1094 3214 1245 3263 enim
1269 3218 1583 3277 potuerunt
1608 3214 1790 3263 facere
1820 3213 2015 3264 inimi-

420 3283 509 3333 ci?
525 3282 873 3334 Occiderunt
889 3297 1117 3346 corpus,
1136 3284 1388 3334 animam
1412 3290 1605 3335 autem
1632 3283 1889 3334 occidere
1915 3300 2017 3332 non

423 3357 753 3416 potuerunt.
780 3355 983 3404 Parum
1009 3360 1130 3404 erat
1150 3355 1395 3405 Domino
1420 3360 1702 3416 martyres
1731 3368 1867 3405 suos
1887 3355 2018 3406 hor-

425 3425 527 3473 tari
552 3425 745 3483 verbo,
789 3425 901 3473 nisi
942 3424 1199 3474 ﬁrmaret
1233 3425 1516 3485 exemplo.
1544 3426 1786 3488 Exaudi,
1811 3426 2016 3489 inquit,

423 3498 480 3544 et
496 3506 734 3544 necesse
759 3498 867 3551 est,
892 3500 955 3543 ut
977 3495 1272 3544 exaudias.
1300 3498 1484 3555 Quare
1511 3498 1533 3542 ?

466 3563 534 3629 .4.
567 3564 707 3621 Quia
742 3570 1072 3611 emacuerunt
1097 3571 1152 3611 ut
1178 3564 1423 3626 gladium
1443 3565 1660 3627 linguas
1680 3581 1824 3629 suae,
1844 3568 2019 3616 inten-

422 3635 615 3682 derunt
651 3648 840 3681 arcum
864 3649 977 3681 rem
1014 3649 1304 3682 amaram:
1340 3641 1397 3683 ut
1433 3637 1682 3697 sagittent
1722 3638 1778 3684 in
1803 3638 2018 3687 occultis

422 3704 852 3752 immaculatum.
874 3705 1031 3755 Sicut
1054 3705 1280 3767 gladius
1302 3705 1543 3763 acuitur,
1569 3712 1632 3756 ut
1670 3709 1856 3770 magis
1880 3709 2016 3760 inci-

422 3774 519 3824 dat
552 3775 669 3824 :ita
692 3774 799 3837 ipsi
826 3774 1159 3824 acutissime
1197 3776 1601 3838 excogitabant
1645 3779 1780 3839 quid
1805 3779 1861 3828 in
1886 3792 2018 3830 eum

422 3846 585 3908 pejus
612 3845 795 3896 dicere
820 3847 1164 3908 potuissent.
1185 3848 1379 3909 Ipsum
1396 3847 1759 3899 fuitacumen
1781 3849 2016 3901 Judan-

423 3929 568 3969 rum.
599 3917 720 3966 Hoc
746 3930 843 3979 pro
870 3928 1078 3979 magno
1102 3919 1479 3979 quaesierunt,
1511 3922 1576 3969 ut
1601 3920 1648 3969 si
1673 3920 2015 3978 occiderent,

424 3991 487 4037 ut
510 3988 892 4038 interfectores
926 4000 1040 4038 non
1063 3992 1419 4052 apparerent.
1446 3990 1579 4041 Ideo
1605 4003 1805 4041 arcum
1830 3992 2020 4043 inten-

423 4056 650 4120 derunt,
672 4058 822 4109 idest
856 4059 1096 4110 insidias
1130 4065 1498 4122 paraverunt.
1528 4061 1705 4113 Simul
1731 4075 2020 4125 pugnave-

422 4134 575 4187 runt,
602 4132 659 4179 et
682 4128 873 4192 gladio
899 4133 954 4179 et
985 4141 1138 4179 arcu.
1187 4128 1385 4180 Gladio
1410 4129 1645 4194 lingua),
1689 4145 1827 4183 arcu
1862 4134 2019 4185 dece-

421 4200 652 4263 ptionis.
680 4199 876 4250 Gladio
914 4200 1177 4251 cominus
1229 4207 1539 4264 pugnatur.
1589 4204 1693 4262 Qui
1745 4204 2017 4267 sagittam

426 4269 617 4334 mittit,
644 4270 803 4333 fallit,
838 4275 902 4321 ut
948 4270 1130 4321 feriat.
1156 4273 1225 4321 Et
1268 4272 1415 4322 bene
1438 4271 1592 4322 hunc
1624 4285 1841 4338 arcum,
1868 4275 2017 4326 hanc

424 4341 681 4392 fraudem
696 4341 833 4392 dicit
856 4353 978 4392 rem
999 4354 1271 4393 amaram.
1287 4342 1433 4403 Quid
1452 4344 1605 4393 enim
1630 4349 1747 4395 tam
1767 4360 2012 4405 amarum,

425 4422 599 4473 quam
624 4411 880 4462 occidere
903 4411 1192 4463 Christum
1211 4417 1233 4460 ‘2
1267 4413 1355 4463 Ad
1379 4412 1489 4463 hoc
1524 4413 1742 4465 scilicet
1764 4414 2021 4466 intende-

424 4486 558 4531 runt
586 4486 651 4531 ut
690 4483 967 4545 sagittent
1002 4483 1459 4546 immaculatum,
1485 4484 1650 4546 idest,
1677 4484 2018 4537 interﬁciant

2121 3209 2194 3274 9.]
2216 3208 3152 3272 inﬁrmatmsuntcontraeoslinguz
3176 3223 3394 3258 comm.
3421 3207 3725 3274 Conturbati

2115 3272 2248 3330 sunt
2281 3295 2484 3343 omnes,
2530 3280 2627 3343 qui
2663 3278 2910 3327 videbant
2944 3282 3047 3327 ecs.
3079 3279 3268 3342 (Vere.
3307 3278 3428 3343 ‘10.]
3474 3279 3546 3327 Et
3564 3272 3725 3326 timuit

2116 3352 2295 3400 omnis
2318 3352 2497 3400 homo.
2544 3351 2627 3401 Illi
2653 3350 2752 3413 qui
2795 3350 3171 3412 sagittabant,
3198 3353 3256 3399 et
3281 3362 3413 3400 non
3445 3350 3724 3410 timebant,

2111 3423 2232 3485 jam
2260 3422 2487 3486 sagittis
2537 3420 2915 3486 parvulorum
2952 3419 3263 3481 feriuntur,
3291 3421 3729 3482 conturbatique

2115 3493 2546 3553 pertimescunt.
2595 3494 2664 3543 Et
2712 3491 2812 3555 qui
2857 3492 3239 3542 ﬁrmaverunt
3266 3492 3383 3541 sibi
3411 3503 3723 3542 sermonem

2116 3576 2385 3627 nequam,
2406 3564 2528 3628 jam
2565 3566 2764 3614 contra
2805 3574 2903 3612 eos
2928 3561 3145 3625 linguas
3179 3574 3392 3612 eorum
3434 3562 3723 3613 inﬁrmata:

2118 3640 2269 3687 sunt.
2293 3637 2682 3685 Cessaverunt
2699 3633 2893 3695 minaa,
2909 3638 3084 3695 atque
3094 3631 3514 3695 blasphemiae.
3534 3634 3724 3696 Cogno-

2118 3711 2329 3757 verunt
2345 3718 2449 3756 sua
2473 3705 2745 3755 scrutinia
2760 3716 2879 3754 non
2903 3704 3110 3767 valere,
3136 3708 3319 3767 atque
3344 3717 3381 3754 a
3417 3709 3580 3755 tanto
3612 3717 3720 3753 ver-

2116 3778 2321 3828 borum
2347 3776 2591 3839 strepitu
2623 3773 3093 3825 siluerunt.Talis
3122 3779 3213 3824 est
3248 3776 3511 3826 mutatio
3526 3779 3715 3823 dextera

2115 3847 2328 3897 excelsi
2386 3847 2552 3909 (I’sal.
2603 3844 2728 3908 76.).
2777 3847 2902 3896 Non
2965 3846 3123 3895 enim
3170 3846 3517 3907 potentibus
3561 3845 3714 3897 armis

2114 3918 2345 3970 fortium
2367 3921 2770 3980 pugnatorum,
2797 3915 2899 3966 sed
2917 3914 3239 3966 humilibus
3256 3916 3495 3979 sagittis
3522 3914 3717 3979 simpli-

2116 3992 2270 4042 cium
2309 4000 2634 4053 puerorum,
2686 3989 2896 4045 tantos,
2942 3990 3060 4036 tam
3092 3986 3317 4036 feroces
3355 3988 3710 4050 omnipotens

2115 4064 2268 4112 Deus
2293 4060 2605 4124 prostravit
2631 4059 2846 4109 hostes.
2868 4057 3107 4108 Inﬁrma
3133 4057 3291 4107 enim
3323 4058 3536 4108 mundi
3565 4059 3714 4121 elegit

2116 4135 2292 4195 Deus,
2320 4135 2383 4182 ut
2409 4130 2727 4181 confundat
2756 4127 3010 4190 fortia(i.
3039 4127 3162 4177 Cor.
3181 4126 3271 4187 1.).
3300 4127 3455 4177 Nam
3482 4131 3573 4191 qui
3595 4135 3713 4179 sunt

2112 4204 2210 4254 isti
2245 4202 2490 4267 parvuli,
2536 4202 2650 4252 nisi
2680 4200 2893 4263 quibus
2919 4200 3145 4250 dictum
3177 4202 3353 4251 estin
3379 4200 3709 4263 Evangelia:

2114 4275 2238 4325 Nisi
2267 4273 2530 4324 conversi
2560 4272 2779 4323 fueritis
2804 4308 2818 4333 ,
2841 4273 2899 4322 et
2931 4270 3261 4321 eiﬁciamini
3287 4272 3445 4322 sicut
3470 4270 3709 4334 parvulus

2115 4346 2244 4404 iste,
2270 4358 2389 4395 non
2412 4343 2698 4395 intrabitis
2734 4342 2794 4392 in
2818 4354 3063 4405 regnum
3085 4341 3368 4393 caelorum
3400 4343 3611 4403 (Matth.
3632 4341 3704 4393 18.

2117 4416 2285 4463 Marc.
2329 4415 2437 4475 10.)
2461 4417 2487 4463 ‘I
2514 4412 2829 4462 Conturbati
2864 4417 2993 4460 sunt
3034 4425 3172 4473 ergo
3210 4411 3283 4463 ad
3328 4412 3705 4476 pcenitentiam

2117 4500 2320 4545 omnes,
2363 4484 2419 4534 id
2463 4488 2571 4542 est,
2598 4497 2670 4533 ex
2694 4485 2853 4533 omni
2889 4495 3100 4547 genere
3131 4483 3526 4534 homines.Et
3549 4483 3706 4530 timuit

423 4551 805 4602 innocentem.
852 4555 919 4603 Et
941 4554 1050 4604 hoc
1074 4555 1135 4605 in
1166 4555 1426 4617 occultis,
1451 4555 1620 4612 idest,
1645 4555 1904 4607 latenter.
1931 4556 2019 4608 Ad
2046 4548 2300 4619 Dom-nis
2326 4555 2506 4617 homo,
2526 4554 2583 4604 id
2599 4558 2705 4616 est,
2737 4555 2927 4605 omnis
2961 4558 3129 4604 utens
3156 4554 3394 4604 ratione.
3422 4552 3499 4603 ad
3523 4551 3706 4602 intelli-

427 4621 535 4671 hoc
584 4625 941 4683 quaesierunt
980 4626 1269 4686 quomodo
1310 4640 1345 4677 a
1393 4626 1674 4689 discipulo
1700 4628 2020 4679 traderetur

426 4692 640 4753 (Matth.
658 4690 786 4755 26.),
812 4706 847 4744 a
861 4694 1055 4754 judice
1080 4697 1336 4747 Romano
1360 4697 1748 4760 damnaretur,
1774 4700 1846 4749 ab
1881 4699 2021 4763 ipsis

428 4763 699 4813 Romanis
733 4764 1160 4827 cruciﬁgeretur
1183 4768 1325 4827 (Luc.
1345 4765 1469 4827 “22.).
1500 4769 1622 4818 Hoc
1646 4767 1752 4819 fuit
1775 4781 2023 4819 acumen

426 4832 658 4895 linguae,
682 4832 789 4883 hoc
813 4846 1000 4896 arcus,
1028 4836 1135 4887 hoc
1159 4838 1404 4900 sagittas.
1443 4838 1530 4887 Sic
1555 4851 1657 4901 per
1679 4838 1821 4889 alios
1847 4839 2024 4903 sagit-

429 4906 697 4954 tavcrunt
731 4905 1043 4957 Christum.
1070 4908 1159 4957 Sic
1192 4908 1381 4971 gladio
1405 4910 1649 4973 propria:
1692 4908 1906 4973 lingute
1937 4923 2024 4960 oc-

426 4973 704 5025 ciderunt.
735 4977 896 5027 Unde
923 4982 980 5028 et
1006 4979 1272 5029 subditur
1298 4992 1310 5028 :

486 5042 537 5097 5.
565 5045 751 5095 Subito
774 5048 1107 5109 sagitlabunt
1132 5063 1272 5107 eum,
1297 5054 1341 5095 et
1366 5064 1475 5095 non
1497 5049 1758 5097 timebunt
1790 5068 1801 5099 :
1834 5053 2022 5112 ﬁrma—

426 5122 614 5164 verunt
636 5117 738 5165 sibi
760 5133 1057 5167 sermonem
1082 5132 1333 5181 nequam.
1363 5118 1550 5167 Subito
1577 5120 1732 5182 dicit,
1758 5122 1926 5183 quasi
1952 5133 2024 5171 ex

428 5185 761 5250 improviso.
790 5189 920 5238 Tria
943 5193 1137 5238 autem
1160 5201 1231 5238 ex
1276 5188 1385 5238 hoc
1412 5201 1585 5239 versu
1613 5192 2026 5242 commendan-

429 5260 522 5307 tur
563 5270 636 5309 ex
687 5260 1063 5321 perversitate
1108 5258 1464 5310 Judseorum.
1506 5261 1691 5312 Primo
1715 5263 2023 5314 crudelitas

425 5328 632 5391 operis,
658 5330 755 5379 ubi
790 5331 889 5392 ait,
927 5328 1271 5392 Sagi'tabunt
1314 5344 1458 5379 eum.
1496 5333 1755 5385 Secundo
1796 5347 2024 5397 perver-

427 5398 571 5448 sitas
597 5400 827 5463 mentis,
854 5402 954 5451 ubi
1000 5401 1178 5451 dicit:
1204 5401 1272 5449 Et
1309 5416 1423 5450 non
1470 5403 1788 5455 timuerunt.
1836 5406 2021 5457 Tertio

427 5469 737 5531 pertinacia
765 5472 981 5523 insanae
1006 5472 1331 5529 locutionis,
1362 5473 1459 5523 ubi
1492 5476 1722 5527 subdit:
1747 5477 2024 5526 Firmat‘c-

431 5545 562 5585 runt
583 5540 683 5588 sibi
711 5557 1005 5591 sermonem
1032 5559 1283 5607 nequam.
1310 5547 1451 5606 Quae
1482 5547 1649 5597 nobis
1682 5550 1856 5599 verba
1878 5548 2022 5599 insi—

425 5613 780 5687 nuant,quia
811 5614 869 5662 in
905 5615 1195 5687 omnibus,
1232 5616 1380 5667 idest
1410 5616 1471 5667 in
1497 5619 1688 5683 verbo,
1716 5632 1902 5684 opere,
1927 5632 2021 5670 co-

426 5682 698 5755 gitatione
710 5685 958 5755 corrupti
975 5691 1157 5737 erant.
1169 5687 1214 5736 Ο
1228 5699 1323 5737 cor
1334 5687 1545 5739 durum
1559 5694 1617 5739 et
1632 5682 2015 5754 imptenitenst

428 5746 694 5799 Traditus
720 5746 915 5803 estille
947 5756 1144 5817 judici.
1179 5758 1447 5821 Trepidat
1470 5760 1669 5824 judex,
1704 5746 1889 5813 etnon
1906 5765 2020 5813 tre-

2121 4626 2328 4688 genda,
2346 4636 2478 4687 qua:
2502 4624 2651 4675 facta
2676 4628 2857 4674 erant.
2875 4624 3071 4673 Timor
3095 4623 3325 4674 Domini
3346 4635 3411 4673 se
3437 4622 3702 4673 subdidit:

2122 4697 2163 4745 Α
2176 4711 2250 4743 nn
2261 4710 2327 4743 un
2337 4696 2581 4742 tia-veruti
2592 4699 2608 4742 t
2619 4709 2783 4758 opera
2794 4694 2906 4742 Dei.
2923 4693 3207 4744 Videlicet
3217 4693 3707 4755 nativitatem,pas-

2126 4767 2367 4823 sionem,
2391 4764 2889 4828 resurrectionem,
2914 4764 3359 4824 humanitatem,
3386 4767 3447 4813 et
3461 4762 3709 4813 divinita-

2124 4840 2259 4896 tem,
2278 4837 2640 4898 virtutesque
2657 4840 2713 4885 et
2744 4834 3032 4885 miracula.
3058 4835 3127 4883 Et
3150 4836 3296 4898 facta
3316 4834 3435 4897 ejus
3458 4833 3710 4881 intellexe-

2120 4914 2267 4957 runt.
2295 4910 2530 4958 Factam
2562 4906 2829 4958 videlicet
2857 4919 2988 4957 esse
3022 4909 3285 4957 nostram
3310 4918 3412 4969 per
3426 4908 3603 4957 Deum
3625 4917 3710 4957 re-

2123 4978 2469 5032 demtionem
2494 4982 2553 5028 et
2577 4977 2841 5029 salutem.
2870 4979 2938 5027 Et
2963 4977 3092 5028 ideo
3121 4978 3387 5041 sequitur
3413 4995 3425 5025 :

2188 5050 2272 5104 10.
2296 5048 2585 5099 Laatabitur
2597 5050 2797 5112 justus,
2818 5060 2929 5099 non
2944 5050 3003 5099 in
3028 5049 3239 5112 seipso,
3266 5062 3383 5099 non
3406 5050 3464 5099 in
3486 5049 3707 5111 mundo,

2125 5120 2223 5171 sed
2250 5121 2311 5168 in
2337 5119 2587 5169 Domino.
2612 5124 2655 5168 et
2683 5118 2915 5183 sperabit
2950 5119 3009 5165 in
3033 5134 3110 5179 eo,
3134 5119 3311 5169 vitam
3333 5124 3617 5170 aeternam.
3648 5119 3708 5167 Et

2126 5190 2501 5240 laudabuntur
2523 5205 2708 5239 omnes
2731 5190 2857 5238 recti
2879 5189 3053 5239 corde.
3078 5189 3141 5239 Id
3166 5193 3274 5251 est,
3297 5189 3706 5253 laudabilesap-

2124 5262 2404 5326 parebunt
2426 5272 2649 5320 omnes,
2683 5260 2783 5323 qui
2821 5264 2975 5311 recte
2997 5259 3264 5323 credunt,
3301 5259 3455 5327 312
3483 5265 3537 5311 et
3569 5260 3700 5311 bene

2122 5333 2345 5384 vivunt.
2380 5330 2465 5381 Illi
2503 5332 2643 5382 recti
2667 5336 2804 5382 sunt
2826 5330 3017 5392 corde,
3057 5331 3413 5395 qui'propria
3436 5331 3705 5381 voluntate

2124 5404 2318 5454 relicta
2342 5400 2625 5452 voluntati
2650 5402 2881 5465 penitus
2909 5414 2971 5451 se
2996 5401 3323 5464 subjiciunt
3345 5401 3571 5452 divinae.
3602 5402 3701 5451 Nos

2123 5488 2258 5539 ergo
2281 5478 2463 5526 Deum
2504 5486 2754 5529 oremus.
2800 5475 2865 5524 ut
2886 5473 2985 5524 det
3031 5471 3200 5523 nobis
3236 5472 3699 5529 constantiam,ne

2122 5550 2472 5597 conventum
2487 5545 2929 5609 malignantium
2947 5544 3283 5603 timeamus,
3300 5556 3420 5594 non
3442 5546 3697 5603 linguarum

2120 5617 2362 5681 gladios,
2410 5629 2527 5667 non
2563 5616 2967 5679 deceptionum
3022 5626 3211 5665 arcus.
3266 5612 3693 5666 Accedamusad

2119 5692 2304 5742 Deum
2332 5689 2392 5739 in
2408 5689 2577 5738 corde
2601 5687 2825 5750 humili,
2850 5691 2910 5738 et
2933 5686 3061 5738 ideo
3086 5685 3204 5737 alto
3235 5692 3304 5738 ut
3327 5687 3391 5738 in
3416 5687 3529 5751 ipso
3553 5685 3691 5736 exul-

2116 5762 2224 5814 tari
2234 5772 2577 5813 mereamur.
2597 5761 2924 5812 Timeamus
2941 5771 3073 5813 eum
3085 5752 3290 5810 timore
3312 5763 3487 5821 casto,
3498 5770 3692 5809 annun-
