3880 6222
112 316 227 370 897

1133 318 1209 368 IN
1243 316 1568 370 PSALMOS
1604 318 1811 369 LXXV
1844 316 2429 373 COMMENTARIUS.

3320 322 3425 376 898

114 430 354 507 tiemus
378 442 549 495 opera
572 431 718 507 eius,
744 434 1034 507 quatenus
1058 441 1157 493 per
1180 442 1314 507 eum
1334 430 1648 507 justitlcati,
1673 430 1733 507 in
1762 434 1819 507 Α
1835 431 3065 507 perfectionemjustitiaidesideramus.ideo
3077 434 3293 485 dictum
3306 439 3421 486 cst:

115 501 564 624 irislqtajemper
609 501 792 553 lmtari
839 501 1157 552 valeamus.
1203 503 1342 552 ΙΙωο
1387 506 1477 553 est
1527 500 1735 566 psalmi

115 584 157 622 u
189 585 205 622 ι
361 612 375 623 .

113 584 375 623 utilitas.

420 661 676 724 TITUL
688 661 786 725 US
844 661 1163 725 PSALMI
1215 658 1450 725 LXIV.

184 791 235 836 1.
256 786 755 850 Titulussequentis
772 788 955 847 psalmi
981 788 1063 835 hic
1078 793 1186 850 est:
1224 787 1289 835 In
1310 788 1474 850 ﬁnem
1494 784 1736 850 psalmus

117 846 308 912 David
324 848 613 912 Canticum
621 849 864 898 Jeremiaz
875 854 920 896 et
933 851 972 898 A
982 850 1113 912 ggaei
1125 848 1186 897 de
1198 846 1346 897 verbo
1358 846 1739 911 peregrinatio-

119 910 213 958 nis
233 913 470 975 quando
496 910 1057 975 incipiuntpro/icisei
1086 912 1293 975 (Jerem.
1331 910 1509 968 570.527;
1533 911 1731 975 1499.}.

119 926 213 958 ms
274 926 470 959 uanae
496 926 770 975 mczpmnt
792 926 1057 974 proliczscz
1086 926 1293 968 (aerem.
1331 926 1509 968 30.02;
1533 926 1668 973 agg.
1694 926 1731 956 ι.

118 978 169 1020 et
192 926 287 1034 23.
318 974 614 1033 Captivatus
637 980 708 1021 est
733 974 840 1035 (Ea:
868 973 1192 1036 Augustino)
1225 975 1443 1033 populus
1464 975 1612 1020 Israel
1636 986 1648 1020 :
1668 974 1735 1018 Ex

119 1036 334 1083 civitate
384 1037 657 1084 Jerusalem
689 1038 870 1084 ductus
914 1044 985 1083 est
1029 1037 1080 1083 in
1115 1038 1401 1083 servitutem
1428 1036 1733 1093 Babylonia}.

122 1098 453 1157 Prophetavit
497 1104 663 1145 autem
704 1105 906 1146 sanctus
925 1100 1162 1146 Jeremias
1185 1101 1295 1156 post
1315 1097 1630 1155 septuaginta
1652 1106 1742 1142 ειη-ι

123 1172 220 1207 nos
261 1161 549 1208 rediturum
582 1162 828 1221 populum
867 1162 928 1207 de
961 1162 1245 1218 captivitate
1274 1164 1321 1205 et
1341 1161 1735 1205 instauraturum

122 1222 388 1269 civitatem
427 1224 589 1281 ipsam
632 1224 925 1282 Jerusalem,
967 1236 1119 1281 quam
1144 1222 1390 1268 devictam
1414 1223 1477 1267 ab
1510 1221 1738 1282 hostibus

126 1284 423 1343 planxerat.
448 1289 663 1343 Aggteus
686 1299 805 1332 vero
828 1281 927 1331 non
954 1284 1267 1343 prophetavit
1282 1284 1635 1341 captivitatem,
1653 1281 1737 1328 sed

124 1347 381 1392 successit
413 1348 663 1406 Jeremias,
686 1348 777 1407 qui
807 1352 1036 1392 mortuus
1059 1346 1156 1393 fuit
1176 1347 1296 1390 dum
1321 1350 1485 1391 essent
1507 1344 1737 1407 Judzeiin

126 1409 446 1466 captivitate.
494 1410 549 1456 Et
584 1405 945 1468 ipse‘Aggaeus
969 1407 1281 1467 prophetavit
1302 1407 1536 1464 reditum,
1574 1410 1622 1451 et
1646 1405 1738 1450 fuit

128 1470 183 1516 in
210 1470 420 1517 reditu:
461 1469 581 1530 quia
624 1477 819 1517 mortuo
859 1471 1313 1516 Nabuchodonosor
1344 1468 1583 1515 successit
1605 1467 1738 1512 alius

130 1545 238 1588 rex,
256 1533 349 1590 qui
378 1534 562 1579 timens
583 1534 739 1579 Deum
763 1533 957 1579 dimisit
978 1531 1223 1590 populum
1248 1532 1351 1576 Dei.
1387 1530 1475 1575 Sed
1497 1530 1738 1587 quoniam

130 1592 277 1655 (dicit
310 1594 600 1655 Apostolus)
626 1596 731 1641 haec
763 1596 817 1641 in
838 1596 997 1651 ﬁgura
1028 1593 1382 1655 contingebant
1406 1591 1530 1647 illis,
1557 1591 1741 1655 scripta

133 1652 303 1702 autem
336 1652 462 1702 sunt
494 1652 701 1715 propter
725 1670 838 1716 nos,
868 1657 923 1701 in
949 1668 1075 1712 quos
1101 1656 1219 1700 ﬁnis
1239 1654 1521 1700 seculorum
1539 1652 1741 1699 obvenit

133 1716 200 1777 (1.
231 1716 357 1766 Cor.
388 1717 523 1777 10.):
550 1719 793 1765 debemus
816 1722 863 1764 et
886 1730 977 1763 nos
989 1730 1136 1764 nosse
1152 1716 1740 1777 priuscaptivitatemno-

134 1776 310 1839 stram,
328 1776 520 1826 deinde
532 1781 879 1827 liberationem
897 1784 1134 1825 nostram.
1158 1778 1403 1824 Debemus
1417 1790 1565 1822 nosse
1577 1776 1741 1839 Baby-

138 1836 329 1887 loniam
356 1843 413 1887 in
440 1854 541 1901 qua
562 1841 745 1901 captivi
767 1854 963 1896 sumus,
980 1845 1025 1886 et
1045 1840 1318 1886 Jerusalem
1336 1839 1397 1884 ad
1418 1839 1577 1901 cujus
1603 1836 1739 1883 redi—

141 1907 244 1949 tum
271 1900 770 1963 suspiramustuas
792 1904 915 1949 istas
938 1903 1162 1949 civitates
1186 1902 1376 1947 fatiunt
1400 1900 1498 1946 duo
1529 1910 1738 1963 amores.

136 1960 419 2012 Jerusalem
468 1967 584 2014 facit
606 1979 745 2012 amor
768 1965 859 2012 Dei
882 1978 892 2009 :
920 1963 1242 2023 Babyloniam
1260 1962 1377 2008 facit
1399 1975 1537 2008 amor
1561 1960 1739 2023 seculi.

140 2027 415 2074 interroget
439 2041 558 2088 ergo
583 2029 952 2086 unusquisque,
969 2026 1089 2085 quid
1120 2029 1265 2088 amet,
1283 2028 1331 2069 et
1360 2023 1583 2088 inveniet
1606 2022 1743 2088 unde

142 2091 206 2134 sit
230 2089 379 2137 civis.
412 2090 465 2135 Si
491 2085 543 2137 se
567 2085 821 2136 invenerit
842 2085 1003 2135 civem
1018 2086 1309 2145 Babylonia:
1321 2086 1532 2143 extirpet
1548 2085 1745 2143 cupidi-

142 2155 306 2205 tatem,
333 2152 529 2209 plantet
550 2153 826 2199 caritatem.
852 2152 902 2197 Si
927 2163 979 2196 se
1001 2150 1250 2195 invenerit
1270 2149 1433 2194 civem
1448 2148 1741 2205 Jerusalem,

144 2213 315 2260 toleret
336 2208 1195 2273 captivitatem,speretlibertatem.
1234 2210 1457 2273 Quidam
1475 2208 1607 2273 tituli
1638 2208 1743 2273 loco

144 2270 535 2335 Aggaeipohunt
561 2270 905 2333 Esec'hiel,qui
931 2275 1027 2319 fuit
1049 2275 1101 2335 in
1126 2272 1423 2335 captivitate
1440 2270 1741 2335 Babylonia).

147 2333 294 2406 iit—ubi
312 2333 395 2384 hic
414 2338 605 2406 dicitur
615 2336 677 2384 de
694 2334 843 2406 uerbo
854 2333 1326 2406 peregrinationis,
1341 2333 1747 2406 quidam,dicunt

146 2397 231 2445 Eat:
253 2398 461 2460 populo
487 2394 1006 2460 transmigrationis.
1026 2397 1115 2442 Ubi
1150 2398 1239 2443 etsi
1262 2395 1412 2441 verba
1439 2394 1743 2460 discrepant,

152 2456 392 2508 sententia
427 2476 527 2508 non
553 2456 1027 2517 discordat.Sedjam
1041 2459 1404 2517 expositionem
1427 2456 1746 2502 titulividea-

152 2536 279 2571 mus.
294 2524 530 2570 Psalmus
542 2525 636 2570 iste
647 2523 883 2569 convenit
903 2522 1052 2568 David
1072 2522 1323 2579 propheta:
1337 2523 1384 2564 et
1399 2518 1515 2563 aliis
1530 2518 1746 2579 redeun-

152 2585 299 2632 tibus.
336 2586 439 2639 Qui
465 2586 692 2643 psalmus
714 2590 787 2631 est
809 2585 1056 2631 canticum
1081 2582 1313 2631 Jeremia:
1336 2586 1384 2625 et
1406 2581 1591 2637 Aggaai.
1620 2578 1748 2633 Quia

152 2648 354 2705 exponit
405 2647 558 2694 nobis
602 2647 750 2705 illud,
785 2647 921 2693 unde
944 2644 1553 2691 exultaveruntJeremias
1576 2646 1624 2686 et
1647 2644 1747 2705 Ag-

154 2703 306 2767 gteus,
335 2710 447 2756 sive
471 2703 750 2763 Zacharias,
776 2709 883 2755 sive
905 2706 1144 2753 Ezechiel.
1163 2705 1253 2764 qui
1270 2706 1470 2767 fuerunt
1486 2717 1544 2767 ex_
1560 2703 1746 2761 populo

156 2762 630 2831 transmigrationis.
661 2770 940 2829 Canticum,
965 2769 1093 2825 dico,
1114 2762 1340 2831 habitum
1363 2764 1424 2811 de
1439 2762 1588 2831 veroo
1600 2778 1748 2831 pere-

156 2827 509 2893 grinationis,
534 2833 680 2895 idest,
704 2833 767 2879 de
790 2827 1110 2895 revelatione,
1145 2842 1261 2895 qua}
1280 2827 1570 2895 factaesteis
1592 2839 1620 2895 a
1648 2828 1746 2872 Deo

156 2888 243 2952 pro
274 2888 585 2954 captivorum
623 2888 1053 2954 peregrinatione:
1079 2890 1283 2954 quando
1308 2888 1617 2954 incipiebant
1639 2900 1749 2945 pro-

158 2950 348 3011 ficisci;
374 2958 427 3004 id
452 2961 528 3003 est
550 2950 819 3003 reverti—de
847 2954 1117 3014 Babylonia
1148 2953 1201 2998 in
1225 2950 1517 3014 Jerusalem.
1563 2950 1746 3014 Horum

158 3018 390 3065 exultatio
413 3017 756 3079 prmﬂguravit
781 3011 1019 3077 nostram,
1042 3028 1191 3079 quam
1217 3013 1476 3079 habemus,
1499 3024 1612 3079 eum
1640 3011 1743 3079 sp_i_-‘

156 3073 692 3140 ritualiter-proﬁcisci
729 3082 791 3127 de
828 3081 921 3125 hac
944 3073 1346 3137 peregrinatione
1368 3074 1659 3140 incipimus.
1686 3073 1742 3117 Et

158 3142 271 3188 huic
286 3135 579 3201 Babyloniae
596 3157 695 3190 non
709 3135 1042 3199 intendentes,
1062 3142 1214 3185 Deum
1226 3150 1391 3201 amare
1404 3135 1733 3201 intendimus.

156 3203 237 3249 Est
279 3195 413 3251 enim
448 3205 707 3263 conceptio
729 3204 914 3250 amoris
940 3195 1143 3248 initium
1168 3198 1528 3263 proficiscendi.
1556 3195 1735 3263 Incipit

158 3267 305 3327 exire,
341 3269 432 3325 qui
480 3258 659 3324 incipit
684 3278 868 3312 amare.
914 3264 1218 3327 Exeuntium
1255 3261 1402 3327 pedes
1435 3264 1552 3327 sunt
1582 3258 1747 3327 cordis

156 3320 372 3375 etractus:
398 3329 503 3375 Etsi
530 3320 733 3386 corpore
758 3327 924 3374 adhuc
948 3325 1182 3386 permixti
1207 3326 1448 3386 suntcum
1462 3321 1582 3386 ﬁliis
1594 3320 1744 3379 Baby-

161 3387 325 3451 loniae,
342 3391 597 3437 desiderio
615 3383 787 3436 tamen
812 3383 983 3435 sancto
997 3389 1376 3451 discernuntur.
1411 3383 1745 3451 Materiasunt

158 3449 249 3507 ipsi
274 3446 594 3511 revertentes,
618 3452 707 3511 qui
735 3452 818 3498 hic
841 3451 1135 3510 loquuntur.
1162 3449 1217 3511 In
1241 3448 1403 3511 prima
1428 3450 1561 3504 parte
1591 3446 1741 3511 Deum

160 3511 297 3559 laude
340 3516 554 3575 dignum
584 3507 881 3574 praedicant.
906 3507 1087 3570 "Orant,
1114 3515 1168 3556 ut
1194 3508 1519 3575 deceptivate
1544 3507 1747 3575 redeant

159 3568 574 3624 miseriamvsuam
591 3568 925 3636 'denuntiant,
957 3568 1111 3620 Deum
1140 3571 1412 3636 propitium
1426 3568 1741 3636 esse,etbeag

161 3639 276 3696 tum,
300 3652 449 3697 quem
497 3638 723 3697 elegerit,
768 3631 993 3684 narrant.
1018 3636 1225 3683 Domum
1248 3637 1293 3678 et
1323 3631 1676 3678 habitationem
1700 3633 1747 3675 et

160 3705 282 3754 bona
309 3710 474 3769 ipsius
496 3710 862 3756 commendant.
874 3710 930 3754 In
953 3709 1176 3753 secunda
1196 3700 1248 3768 3
1265 3700 1284 3767 |
1299 3699 1351 3767 3
1382 3708 1518 3762 parte
1548 3700 1654 3759 (ubi
1671 3700 1745 3746 di-

162 3775 283 3825 citur
309 3795 319 3825 :
356 3784 479 3840 Spes
502 3779 726 3827 omnium
752 3778 930 3825 tinium
963 3774 1311 3840 terraﬁagitur
1333 3774 1621 3840 deputentis
1644 3771 1747 3840 Sal-

162 3842 353 3899 vatoris,
393 3835 463 3889 'dc
505 3842 688 3888 virtute
718 3846 764 3887 et
794 3841 953 3898 gratia
977 3835 1382 3897 praedicatorum,
1413 3835 1473 3881 de
1505 3836 1680 3899 timore
1698 3838 1746 3899 et

162 3894 426 3951 mutatione
451 3894 824 3959 conversorum',
843 3902 904 3947 de
916 3894 1049 3946 dono
1071 3901 1231 3945 sancti
1255 3899 1488 3957 Spiritus,
1507 3898 1565 3959 tle
1578 3894 1746 3959 multi-

163 3963 422 4022 plicatione
449 3966 697 4019 fidelium,
735 3966 795 4011 de
814 3956 985 4010 fructu
1011 3963 1252 4020 ipsorum.
1282 3962 1334 4006 In
1363 3956 1507 4022 tertia
1531 3956 1746 4022 (ubidie

162 4020 284 4072 citur
307 4040 319 4075 :
340 4029 605 4075 Benedices
629 4040 823 4073 corona:
839 4023 981 4084 anni)
1012 4023 1387 4069 commendatur
1403 4020 1683 4084 benedictio
1702 4021 1748 4084 et

163 4084 422 4149 beatitudo,
449 4103 603 4148 quam
628 4089 811 4135 sanctis
834 4081 973 4140 suis,
996 4085 1276 4149 unicuique
1306 4083 1581 4149 secundum
1603 4081 1748 4149 meri-

166 4151 208 4212 ta
230 4164 333 4205 sua,
360 4142 488 4199 Deus
520 4165 608 4212 per
635 4151 843 4210 gratiam
867 4160 1009 4212 suam
1035 4148 1241 4212 daturus
1264 4150 1334 4190 est
1360 4143 1413 4189 in
1435 4143 1622 4212 iuturo.
1656 4142 1748 4187 Pro

164 4209 240 4275 his
262 4215 496 4260 omnibus
520 4206 569 4261 in
600 4206 718 4275 line,
744 4212 875 4275 sicut
896 4211 948 4275 in
972 4210 1150 4275 capite,
1164 4209 1411 4275 hymnum
1435 4206 1534 4251 Deo
1558 4215 1747 4250 canen-

165 4271 278 4320 dum
312 4276 591 4323 denuntiat.
615 4270 719 4321 Vos
747 4271 980 4321 Ecclesiae
1002 4271 1064 4316 ad
1090 4270 1347 4316 Christum
1372 4278 1385 4313 :

602 4375 1009 4443 PSALMUS
1057 4371 1291 4437 LXIV.

223 4481 273 4537 2.
306 4486 366 4535 Te
393 4487 531 4537 decet
549 4486 788 4551 hymnus
804 4484 942 4534 Deus
962 4483 1022 4530 in
1040 4481 1193 4531 Sion.
1208 4479 1253 4531 Ο
1270 4480 1427 4551 Deus
1442 4476 1542 4551 qui
1558 4477 1756 4528 noster

169 4555 465 4609 Redemtor
488 4570 569 4609 es.
596 4550 663 4605 ’Te
679 4557 814 4605 decet
833 4555 1073 4618 hymnus
1094 4565 1212 4602 non
1235 4550 1294 4601 in
1308 4550 1616 4613 Babylone,
1634 4559 1754 4618 non

168 4623 224 4674 in
250 4628 579 4679 confusione
597 4616 1017 4692 (peccatorum:
1064 4622 1165 4674 sed
1199 4622 1261 4670 in
1302 4620 1453 4692 Sion,
1479 4618 1535 4669 id
1561 4622 1668 4692 est,
1694 4616 1755 4692 in

170 4698 550 4759 speculatione
575 4690 873 4750 virtutum.
887 4698 1012 4747 Non
1028 4699 1119 4746 est
1134 4692 1286 4745 enim
1300 4691 1559 4755 speciosa
1575 4690 1686 4737 laus
1699 4690 1752 4735 in

171 4777 260 4818 Ore
298 4771 610 4832 peccatoris
654 4769 835 4832 (Eccli.
881 4765 1007 4830 15.),
1034 4765 1136 4817 sed
1160 4769 1347 4816 rectos
1370 4762 1533 4813 decet
1553 4759 1753 4832 lauda-

170 4836 237 4885 ίίο
266 4830 464 4905 (ἔδεαι).
492 4840 577 4896 3‘2.
632 4830 775 4892 Cum
824 4838 1036 4902 ceperit
1085 4836 1331 4898 quisque
1370 4830 1655 4905 innovari,
1698 4831 1755 4905 et

172 4915 356 4963 mente
390 4902 462 4964 ad
512 4912 765 4965 cmlestia
809 4910 989 4973 erigi;
1028 4913 1169 4959 tunc
1201 4906 1453 4971 primum
1476 4902 1657 4963 decet,
1692 4904 1756 4951 ut

174 4977 349 5032 Deum
398 4982 609 5035 laudet.
647 4985 717 5035 Et
738 4981 875 5045 quia
898 4979 979 5030 sic
998 4980 1180 5029 Deum
1205 4975 1437 5027 laudare
1460 4973 1754 5031 debemus,

175 5053 349 5102 utnos
368 5053 524 5118 ipsos
559 5055 611 5105 ei
634 5045 1512 5113 voveamus,incipienteshocin
1540 5045 1757 5091 novitate

176 5119 300 5172 νίίεθ
324 5124 493 5185 (Rom.
511 5125 601 5187 6.),
627 5124 729 5176 sed
755 5122 1109 5186 complentes
1130 5120 1189 5169 in
1210 5121 1424 5169 interna
1439 5120 1756 5187 pace:_rccto

179 5192 434 5247 subditur
461 5210 474 5245 :
499 5197 545 5246 Ε
549 5185 681 5245 [tibi
705 5185 956 5243 reddetur
972 5197 1151 5241 votum
1166 5190 1228 5238 in
1242 5187 1558 5248 Jerusalem,
1576 5185 1633 5236 id
1651 5186 1756 5247 est,

177 5258 234 5311 in
255 5264 467 5332 visione
488 5268 663 5332 pacis.
701 5266 807 5332 llic
838 5265 895 5315 in
918 5265 1031 5314 ista
1054 5263 1204 5332 Sion,
1230 5261 1329 5332 ubi
1363 5258 1625 5332 videmus
1649 5268 1760 5332 1931‘

181 5318 467 5385 8Peculum
483 5318 541 5382 ἐι.
550 5318 613 5381 in
625 5324 1216 5393 aenigmatemondum
1229 5325 1422 5372 autem
1441 5319 1582 5370 facie
1596 5318 1669 5369 ad
1686 5318 1759 5393 ta:

180 5396 316 5448 ciem
341 5399 409 5461 (1.
442 5401 563 5453 Cor.
590 5399 716 5463 13.),
742 5388 942 5452 votum
962 5398 1083 5447 Deo
1102 5392 1409 5457 incipimus
1432 5402 1633 5463 agere;
1657 5388 1759 5463 sed

181 5463 314 5518 illud
335 5459 447 5523 non
471 5459 783 5537 possumus
820 5482 893 5521 ex
916 5471 1035 5518 toto
1058 5464 1386 5537 adimplere,
1405 5459 1758 5537 quandiuin

182 5539 340 5589 nobis
369 5532 656 5607 esu-quod
689 5540 991 5606 Apostolus
1011 5537 1163 5588 dicit.
1180 5533 1580 5607 velIeAadjacet
1599 5532 1760 5607 mihi,

184 5610 437 5668 Perfice-re
459 5603 649 5666 autem
674 5603 889 5664 bonum
914 5622 1030 5660 non
1052 5606 1282 5659 invenio
1312 5605 1483 5666 (Rom.
1503 5603 1593 5667 7.).
1611 5603 1763 5653 Bona

185 5680 383 5746 (lnippe
427 5698 594 5750 opera
631 5688 830 5736 nostra
871 5686 1008 5731 tunc
1030 5677 1413 5743 perficiantur,
1438 5672 1765 5750 quandoita

187 5745 401 5813 8Diritui
412 5745 541 5809 caro
554 5753 934 5809 consenserit,
952 5756 1017 5802 ut
1032 5749 1309 5801 adversus
1326 5759 1459 5798 eum
1477 5745 1571 5797 illa
1586 5759 1765 5793 concu-

188 5821 396 5884 Piscere
418 5841 533 5883 non
557 5828 740 5893 possit
761 5823 955 5889 (Gatat.
970 5820 1062 5884 5.).
1090 5823 1209 5874 Iloc
1222 5818 1487 5873 volumus
1498 5816 1765 5881 quotiens

1765 1798 1820 1873 B

1766 3155 1812 3229 C

1784 4566 1840 4639 D

1835 500 1993 552 Velle
2017 500 2242 564 adjacet
2278 501 2417 551 mihi
2478 503 2584 552 Sed
2617 506 2751 565 quia
2786 503 2897 554 hoc
2930 503 3042 554 ista
3066 505 3427 568 corruptione

1835 570 2166 622 nullatenus
2178 572 2537 635 adimpletur,
2551 580 2847 637 propterea
2862 587 2997 624 mox
3010 574 3301 625 subditur:
3320 579 3431 623 l’er-

1836 643 2005 694 ficere
2027 647 2219 693 autem
2246 643 2461 692 bonum
2485 656 2599 692 non
2624 644 2862 695 invenio.
2889 647 2991 695 Est
3013 645 3167 695 enim
3203 645 3424 708 perfec-

1838 713 1915 764 tio
1940 714 2095 773 boni,
2113 714 2211 764 ubi
2227 713 2381 764 nulla
2398 716 3296 777 estconcupiscentiamaii.Tunc
3308 730 3425 775 ergo

1836 787 2106 837 reddetur
2152 786 2213 836 in
2257 785 2352 836 illa
2373 785 2591 836 caelesti
2615 797 2771 849 pace,
2796 788 3025 848 quando
3043 790 3164 852 jam
3200 786 3426 838 nullum

1836 860 2053 910 malum
2079 858 2204 919 erit,
2227 857 2327 909 sed
2349 869 2644 907 summum
2663 857 2895 907 bonum.
2910 859 3217 908 Ibierimus
3243 866 3418 917 totum,

1834 929 2003 992 idest,
2019 929 2244 993 integri,
2268 941 2385 979 non
2408 927 2596 978 solum
2623 927 2830 985 anima,
2851 928 2952 978 sed
2969 940 3097 979 caro
3114 929 3236 992 ipsa
3255 928 3315 978 in
3333 939 3426 978 re-

1838 1001 2190 1051 surrectione
2209 1000 2520 1063 justorum.
2533 999 2739 1049 Vincet
2757 1011 2889 1062 pax,
2906 999 3202 1049 etiinietur
3216 1001 3425 1046 bellum:

1838 1070 2162 1121 destruetur
2174 1082 2328 1120 mors
2344 1074 2401 1120 et
2425 1070 2548 1120 vita
2560 1069 2663 1119 erit
2678 1068 2736 1119 in
2747 1073 3108 1132 perpetuum.
3125 1070 3287 1118 Tunc
3308 1082 3429 1115 nos-

1838 1144 1993 1191 trum
2005 1141 2353 1192 desiderium
2367 1140 2782 1203 adimplebitur.
2804 1140 2963 1189 Tunc
2978 1138 3093 1198 fiet,
3108 1138 3262 1200 quod
3287 1138 3431 1185 modo

1836 1211 2209 1275 prophetatur
2237 1214 2293 1261 et
2337 1211 2438 1261 tibi
2464 1210 2734 1262 reddetur
2769 1213 2968 1261 votum
3003 1210 3063 1259 in
3086 1206 3424 1260 Jerusalem.

1836 1282 2329 1395 gicéelgcsuspirat
2350 1281 2601 1333 Ecclesia
2630 1297 2642 1331 :
2670 1281 2825 1332 unde
2848 1286 2905 1332 et
2932 1279 3264 1345 suppliciter
3283 1282 3426 1340 orat,

1901 1414 1953 1469 3.
1978 1415 2202 1464 Exaudi
2215 1415 2354 1465 Deus
2369 1416 2670 1465 orationem
2692 1430 2887 1466 meam.
2913 1416 2988 1467 Ut
3010 1415 3070 1464 in
3099 1412 3188 1464 illa
3216 1410 3435 1466 caelesti

1835 1486 2154 1537 Jerusalem
2181 1491 2382 1537 votum
2405 1499 2598 1539 meum
2612 1486 2952 1550 persolvam.
2973 1485 3099 1536 Scio
3113 1485 3285 1548 enim,
3298 1484 3434 1547 quia

1836 1570 1955 1608 non
2000 1557 2187 1608 solum
2210 1557 2434 1615 animm.
2462 1556 2562 1608 sed
2591 1558 2664 1605 ad
2689 1562 2732 1605 te
2755 1556 2933 1605 omnis
2956 1570 3082 1604 caro
3112 1556 3295 1604 veniet.
3332 1553 3435 1604 Hic

1836 1631 2028 1692 aperte
2071 1627 2345 1692 propheta
2389 1627 2861 1680 resurrectionem
2905 1627 3229 1677 annuntiat.
3273 1624 3436 1676 Unde

1841 1698 2187 1762 Apostolus:
2239 1697 2454 1749 Omnes
2504 1698 2726 1761 (inquit)
2762 1698 2883 1748 sive
2925 1697 3076 1759 boni,
3113 1696 3237 1747 sive
3276 1694 3432 1756 mali,

1840 1769 2195 1820 adstabimus
2220 1774 2354 1820 ante
2380 1769 2625 1819 tribunal
2641 1768 2847 1819 Christi
2863 1766 3166 1830 (Rom.14.).
3185 1767 3252 1816 Et
3266 1764 3431 1815 alibi:

1844 1840 1987 1890 Vivo
2017 1851 2142 1903 ego,
2167 1838 2304 1889 dicit
2328 1839 2625 1902 Dominus,
2662 1839 2936 1901 quoniam
2952 1836 3437 1887 mihicurvabitur

1840 1923 2010 1963 omne
2033 1923 2204 1975 genu,
2250 1915 2308 1961 et
2349 1910 2712 1963 confitebitur
2760 1909 2949 1961 omnis
2972 1908 3168 1969 lingua
3189 1906 3353 1970 (Phil.
3379 1904 3432 1958 2.

1841 1983 1968 2033 Isai.
1992 1980 2118 2046 45.).
2147 1982 2215 2032 Et
2237 1981 2434 2032 subdit
2457 1994 2742 2041 caussam,
2769 1992 2944 2044 quare
2977 1990 3214 2031 necesse
3236 1981 3348 2039 est,
3368 1980 3434 2027 ut

1841 2052 2201 2115 exaudiatur,
2232 2066 2362 2103 cum
2387 2052 2468 2104 ait
2493 2070 2503 2101 :

1906 2124 1955 2177 4.
2000 2122 2165 2171 Verba
2190 2124 2532 2187 iniquorum,
2550 2122 2610 2174 id
2631 2124 2738 2186 est,
2762 2120 2970 2174 diaboli
2987 2125 3044 2172 et
3059 2123 3193 2172 va
3210 2118 3431 2183 quipcr-

1844 2195 2154 2246 suaserunt
2169 2194 2310 2245 Adae
2332 2194 2731 2257 praevaluerunt
2753 2209 2914 2257 super
2936 2207 3054 2242 nos.
3082 2192 3225 2254 Quia
3247 2201 3355 2241 nos
3376 2188 3434 2238 in

1843 2267 2142 2330 peccatum
2166 2264 2581 2316 demerserunt.
2608 2266 2675 2313 Et
2697 2268 2891 2317 tamen
2906 2269 2964 2311 tu
2987 2262 3228 2313 Domine
3249 2260 3438 2325 propi-

1846 2336 2063 2385 tiabcris
2109 2334 2472 2400 impietatibus
2513 2335 2727 2385 nostris.
2766 2332 3152 2385 Condonando
3177 2343 3295 2383 eas.
3321 2330 3439 2380 Pri-

1844 2420 2005 2458 mum
2029 2412 2324 2472 peccatum
2352 2419 2453 2470 per
2477 2408 2718 2458 verbum
2742 2405 2959 2455 factum
2982 2406 3092 2455 est:
3112 2408 3171 2454 et
3196 2414 3293 2465 per
3307 2412 3436 2452 ver-

1845 2478 1987 2528 bum
2013 2478 2163 2529 mala
2176 2476 2361 2528 multa
2377 2477 2805 2540 quotidietlunt.
2822 2476 2968 2525 Hinc
2980 2473 3300 2539 apostolus,
3327 2486 3437 2518 ma-

1844 2548 1965 2599 lum
1974 2549 2190 2612 linguae
2202 2548 2535 2599 describens
2550 2548 2654 2598 ait:
2676 2548 2897 2611 Lingua
2914 2546 3237 2609 inquietum
3251 2545 3438 2590 malum

1844 2620 2014 2684 plena
2056 2632 2281 2671 veneno
2324 2618 2480 2685 3|4
2528 2618 2817 2669 mortifero
2853 2617 3055 2681 (Jacob.
3090 2615 3180 2677 3.).
3218 2617 3286 2665 Et
3307 2613 3440 2685 alibi

1846 2682 2053 2741 dicitur
2078 2707 2088 2738 :
2112 2692 2179 2741 In
2201 2682 2471 2741 manibus
2496 2689 2711 2752 linguas
2726 2690 2909 2739 vitaet
2930 2699 3087 2738 mors
3106 2686 3284 2749 (Prov.
3309 2682 3435 2746 29.).

1844 2761 2177 2812 Cavendum
2200 2765 2290 2813 est
2319 2760 2495 2825 igitur
2522 2760 2738 2810 malum
2761 2759 2996 2822 linguae,
3021 2769 3096 2807 ne
3116 2756 3436 2819 loquamur,

1846 2832 2000 2894 quod
2040 2838 2264 2895 noceat,
2302 2844 2409 2883 nec
2441 2843 2476 2882 a
2498 2831 2692 2882 verbis
2716 2830 3024 2894 impiorum
3043 2828 3436 2890 depravemur.

1845 2903 1915 2953 Et
1952 2902 2000 2953 si
2036 2902 2094 2952 in
2118 2903 2228 2953 hoc
2251 2901 2660 2965 delinquimus,
2686 2900 3053 2965 corrigamur.
3083 2896 3438 2949 Advocatum

1845 2974 2001 3025 enim
2013 2973 2294 3026 habemus
2305 2973 2457 3037 apud
2477 2975 2546 3023 Pa
2556 2978 2702 3024 trem
2712 2974 2742 3024 J
2748 2984 2915 3024 esum
2927 2969 3217 3020 Christum
3225 2970 3435 3037 justum.

1845 3046 1914 3095 Et
1970 3045 2093 3109 ipse
2145 3050 2237 3097 est
2286 3035 2611 3109 prbpitiatio
2670 3056 2771 3107 pro
2818 3041 3066 3107 peccatis
3111 3037 3322 3090 nostris
3366 3035 3432 3099 (1.

1838 3116 1999 3165 Joan.
2017 3113 2111 3179 2.).
2148 3116 2324 3180 Cujus
2347 3113 2744 3179 propitiatione
2761 3112 3056 3164 hominem
3081 3109 3344 3168 electum,
3379 3110 3437 3157 et

1841 3187 2127 3238 salvatum
2152 3186 2537 3243 commendat,
2570 3198 2701 3235 cum
2733 3183 3071 3246 subjungit:

1907 3256 1958 3310 5.
1986 3259 2176 3307 Beatus
2212 3272 2370 3322 quem
2394 3257 2610 3319 elegisti,
2652 3255 2709 3306 id
2742 3259 2850 3316 est,
2878 3254 2948 3305 de
2972 3264 3165 3305 massa
3186 3249 3437 3315 perdito-

1842 3341 1972 3380 rum
2017 3329 2351 3393 segregasti,
2387 3326 2778 3379 convertendo
2803 3325 2875 3376 ad
2902 3324 3094 3386 ﬁdem,
3120 3322 3188 3393 Et
3216 3333 3437 3393 assum-

1842 3400 1997 3464 psisli
2040 3389 2113 3451 ad
2137 3389 2494 3463 dignitatem.
2531 3397 2662 3448 Ideo
2689 3398 2912 3448 beatus.
2938 3395 3070 3458 quia
3096 3389 3356 3464 habitabit
3378 3389 3436 3464 in

1842 3460 2002 3519 atriis
2048 3472 2171 3533 tuis,
2200 3460 2268 3521 id
2294 3475 2401 3533 est,
2424 3470 2482 3520 in
2509 3466 3080 3525 cmiestiJerusalem,
3105 3474 3279 3527 quam
3303 3460 3441 3533 dicit

1842 3541 1988 3592 atria
2012 3547 2240 3605 propter
2263 3539 2722 3604 amplitudinem.
2752 3539 2817 3588 In
2835 3550 2896 3587 se
2912 3535 3172 3586 Christus
3185 3532 3440 3605 assumsit,

1843 3603 2133 3676 quendam
2153 3603 2409 3672 beatum,
2448 3615 2506 3663 et
2530 3622 2664 3661 cum
2681 3608 2895 3659 multos
2910 3606 3255 3665 assumpserit,
3270 3617 3367 3651 non
3382 3603 3443 3676 de

1843 3672 2104 3748 pluribus
2132 3684 2358 3745 dicitur,
2385 3682 2487 3733 sed
2512 3682 2582 3732 de
2606 3693 2737 3730 uno.
2756 3677 3130 3730 Commendat
3153 3686 3287 3748 ergo
3313 3672 3445 3748 uni-

1848 3744 2040 3816 tatem,
2074 3767 2249 3819 quam
2274 3744 2568 3805 asSumsit.
2598 3753 2741 3802 Nam
2764 3750 3020 3802 haereses
3047 3751 3105 3798 et
3127 3744 3447 3819 schismata

1843 3813 2185 3891 reprobavit.
2203 3826 2307 3887 Qui
2323 3830 2516 3876 autem
2537 3826 2777 3874 manent
2791 3821 2850 3871 in
2862 3831 3136 3891 compage
3148 3813 3373 3891 Christi,
3390 3813 3443 3864 et

1846 3886 2105 3948 membra
2120 3886 2257 3947 sunt
2274 3898 2320 3960 ej
2330 3894 2583 3947 us.Facit
2594 3891 3020 3957 quodammodo
3032 3886 3215 3940 unum
3232 3886 3419 3960 virum
3430 3920 3443 3945 ,

1846 3968 1916 4019 de
1937 3981 2051 4031 quo
2071 3967 2210 4019 dicit
2231 3956 2575 4030 Apostolus:
2607 3956 2798 4015 Donec
2818 3972 3189 4031 occurramus
3202 3971 3375 4005 omnes
3390 3956 3443 4002 in

1846 4029 2199 4103 agnitionem
2210 4029 2332 4088 Filii
2359 4036 2459 4087 Dei
2488 4037 2547 4086 in
2569 4035 2753 4085 virum
2774 4029 3188 4103 perfectum,in
3211 4039 3448 4103 mensu-

1845 4099 1969 4162 ram
1995 4109 2184 4160 mtatis
2220 4106 2591 4171 plenitudinis
2616 4105 2825 4156 Christi
2860 4105 3068 4168 (Ep/tes.
3094 4102 3183 4165 4.).
3220 4103 3289 4151 Et
3313 4099 3447 4171 quia

1846 4179 1959 4230 iste
1978 4191 2132 4230 unus
2158 4168 2421 4229 consistit
2457 4189 2528 4226 ex
2552 4176 2831 4239 pluribus,
2854 4186 3057 4224 rursus
3079 4172 3150 4222 de
3174 4168 3449 4234 singulari

1846 4262 2089 4301 numero
2111 4248 2184 4300 ad
2209 4246 2486 4311 pluralem
2504 4246 2668 4305 redit,
2684 4256 3067 4306 caussamque
3085 4242 3258 4292 aliam
3271 4239 3449 4311 beati-

1850 4319 2068 4371 tudinis
2091 4310 2361 4380 ostendit,
2379 4317 2578 4368 dicens
2610 4331 2624 4364 :
2650 4315 2985 4380 Replebimur
3004 4314 3061 4361 in
3081 4311 3232 4359 bonis
3257 4310 3451 4380 domus

1852 4396 1971 4442 tute.
1999 4393 2139 4451 Quae
2167 4391 2302 4439 sunt
2324 4390 2474 4439 bona
2499 4387 2707 4437 domus
2726 4379 2855 4436 Dei!
2883 4385 3020 4434 Mira
3040 4386 3097 4433 et
3115 4379 3445 4431 inetfabilia.

1853 4463 1996 4513 Nam
2022 4460 2175 4524 quod
2208 4458 2409 4511 oculus
2438 4470 2556 4509 non
2579 4456 2736 4517 vidit,
2763 4467 2869 4507 nec
2892 4454 3049 4505 auris
3072 4451 3319 4524 audivit,
3346 4462 3451 4524 nec

1856 4532 1916 4583 in
1940 4519 2309 4583 cor'hominis
2333 4527 2612 4589 ascendit,
2628 4524 2971 4591 praeparavit
2988 4526 3146 4574 Deus
3162 4519 3450 4584 diligenti-

1859 4605 1967 4654 bus
2004 4615 2064 4653 se
2088 4602 2232 4664 (Isai.
2262 4600 2356 4657 64;
2384 4599 2433 4653 1.
2464 4599 2584 4649 Cor.
2606 4595 2697 4660 “2.).
2738 4598 2975 4660 ()portet
2996 4594 3172 4657 igitur
3192 4603 3262 4664 ea
3294 4604 3450 4664 nunc

1854 4662 2172 4733 esurire,vet
2195 4672 2370 4733 sitire,
2397 4675 2463 4721 ut
2488 4669 2660 4720 tantis
2684 4665 3053 4731 postmodum
3071 4662 3237 4715 bonis
3252 4662 3450 4727 repleri

1853 4756 2189 4797 mereamur.
2238 4744 2381 4793 Ecce
2419 4751 2629 4804 magna
2657 4742 2795 4789 sunt
2820 4739 2973 4788 bona
3002 4735 3212 4787 domus
3246 4734 3363 4796 Dei,
3390 4736 3453 4795 et

1854 4818 2087 4867 beatum
2118 4819 2206 4866 est
2241 4813 2411 4864 bonis
2439 4811 2593 4862 illius
2629 4809 2945 4874 adimpleri.
2973 4810 3103 4859 Jam
3124 4806 3451 4866 audiamus,

1856 4900 1990 4951 qum
2016 4887 2090 4937 sit
2113 4886 2239 4937 haec
2264 4884 2488 4936 domus.

1917 4958 1950 5011 6
1976 4958 2239 5007 Sanctum
2281 4959 2370 5016 est,
2405 4952 2608 5017 inquit,
2650 4950 2908 5016 templum
2934 4955 3091 4999 tuum
3126 4948 3372 4998 mirabile
3396 4946 3455 4995 in

1855 5030 2117 5093 aequitate.
2145 5029 2353 5078 Sancta
2389 5025 2697 5078 electorum
2722 5022 2975 5075 Ecclesia
2999 5021 3208 5073 domus
3231 5019 3455 5093 dicitur,

1857 5092 1954 5165 qui
1978 5112 2012 5151 a
2035 5102 2151 5150 Deo
2180 5098 2547 5149 inhabitatur.
2578 5095 2879 5159 Templum
2909 5094 3045 5165 quia
3071 5092 3458 5165 sanctificatur

1857 5161 1959 5236 per
1987 5174 2188 5222 Deum.
2215 5170 2362 5220 Hinc
2388 5168 2698 5233 Apostolus
2714 5168 2792 5218 ait
2810 5180 2821 5215 :
2838 5164 3149 5236 Templum
3165 5161 3265 5236 Dei
3292 5172 3457 5209 sanc-

1861 5234 1983 5294 tum
2013 5246 2122 5305 est,
2152 5241 2305 5304 quod
2336 5241 2476 5292 estis
2500 5253 2602 5292 vos
2628 5238 2697 5301 (1.
2728 5238 2847 5287 Cor.
2874 5236 2923 5290 3.
2951 5240 2995 5284 et
3019 5235 3110 5305 6.).
3134 5234 3259 5305 Hoc
3284 5242 3453 5305 sanc-

1862 5317 1985 5364 tum
2011 5300 2120 5364 Dei
2137 5300 2416 5376 templum
2438 5300 2933 5368 diciturmirabile,
2952 5304 3137 5357 nonin
3154 5300 3453 5376 columnis,

1860 5397 1974 5435 non
2003 5384 2061 5434 in
2086 5370 2489 5444 marmoribus,
2514 5394 2631 5432 non
2652 5380 2712 5430 in
2730 5378 2894 5431 tectis
2918 5373 3228 5432 deauratis,
3264 5370 3366 5444 sed
3397 5370 3457 5444 in

1861 5456 2150 5518 aequitate.
2178 5457 2317 5515 Quae
2339 5457 2430 5504 est
2454 5441 2699 5515 aequitas
2718 5453 2745 5499 ‘3
2766 5447 2927 5510 Quod
2954 5446 3054 5518 tibi
3076 5457 3196 5518 non
3219 5443 3307 5518 vis
3337 5441 3458 5518 fieri

1859 5512 1954 5576 alii
1975 5538 2047 5576 ne
2072 5512 2293 5576 feceris.
2322 5526 2390 5574 Et
2412 5512 2543 5586 quis
2567 5520 2762 5582 vultis,
2787 5524 2853 5570 ut
2871 5516 3079 5568 faciant
3102 5512 3460 5567 vobishomi-

1861 5609 1985 5658 nes,
2011 5602 2069 5648 et
2096 5608 2204 5647 vos
2233 5595 2394 5646 tacite
2432 5592 2543 5643 illis
2570 5593 2711 5653 (Luc.
2739 5591 2830 5653 6.).
2856 5591 2919 5639 In
2947 5588 3036 5638 his
3057 5586 3290 5658 duobus
3311 5596 3462 5658 prae-

1863 5656 2045 5732 ceptis
2062 5672 2152 5718 est
2168 5666 2410 5729 mquitas
2426 5669 2600 5725 atque
2613 5661 2856 5725 justitia.
2876 5657 3112 5732 Quando
3129 5656 3255 5732 haec
3271 5656 3461 5732 obser-

1864 5726 2005 5791 vant
2022 5738 2165 5802 justi
2190 5726 2317 5799 vi—ri,
2343 5736 2440 5799 qui
2466 5737 2604 5785 sunt
2620 5733 2830 5783 domus
2854 5734 2911 5782 et
2928 5728 3205 5802 templum
3219 5727 3340 5802 Dei,
3356 5726 3459 5802 mi-

1864 5799 2072 5863 rabiles
2094 5811 2371 5875 apparent
2393 5808 2454 5857 in
2468 5803 2761 5867 aequitate,
2778 5803 2838 5853 in
2849 5803 2868 5866 j
2878 5800 3091 5861 ustitia,
3110 5799 3168 5850 in
3182 5799 3460 5858 sanctitate,
