3880 6222
490 309 595 363 899

482 425 544 475 in
575 422 853 498 moribus,
878 421 953 498 in_
982 419 1323 498 actionibus,
1352 418 1412 469 in
1444 419 1772 498 virtutibus.
1804 420 1895 472 Ad
1926 421 2075 498 hanc
2094 426 2155 498 Α

481 508 613 557 ergo
637 491 1055 556 impetrandam
1085 490 1419 552 aequitatem
1442 490 1733 543 humiliter
1760 498 1961 544 exorat
1982 493 2072 543 di-

482 578 618 616 cens
646 578 657 614 :
701 563 928 612 Exaudi
978 576 1074 609 nos
1112 562 1251 609 Deus
1272 561 1528 610 salutaris
1549 568 1739 611 noster.
1767 566 1909 614 Cum
1932 564 2078 615 dixit

479 636 637 696 Deus,
663 634 935 685 continuo
969 631 1251 693 adjunxit,
1292 631 1579 693 Satutaris,
1607 639 1671 685 ut
1696 647 1867 697 quem
1894 636 2073 685 Deum

480 706 707 769 diceret,
735 704 987 768 apertius
1011 701 1340 754 declararet.
1373 703 1649 755 Salutaris
1669 706 1822 756 enim
1850 707 2073 770 proprie

478 777 686 827 dicitur
706 778 735 826 J
743 788 877 826 esus
894 773 1174 838 Christus,
1197 787 1294 837 per
1319 787 1388 825 cu
1390 775 1958 837 jusincarnationem
1972 778 2075 829 sal-

478 849 591 900 vati
616 860 838 898 sumus.
864 849 992 909 Ipse
1008 845 1286 896 mediator
1307 846 1794 898 Deiethominum
1810 848 2075 911 interpel-

477 920 557 971 lat
594 932 692 983 pro
732 918 898 969 nobis
923 916 988 981 (1.
1022 917 1153 965 Tim.
1181 915 1273 981 2.),
1304 922 1370 967 ut
1392 917 1583 981 homo,
1608 923 1667 969 et
1689 919 1924 971 exaudit
1942 932 2068 983 nos,

476 996 544 1043 ut
567 994 738 1043 Deus.
764 992 830 1041 In
851 991 969 1039 Deo
986 992 1077 1039 est
1100 988 1257 1038 salus
1280 993 1546 1040 nostraet
1562 1002 1694 1053 spes
1710 996 1926 1042 nostra.
1943 993 2069 1042 Non

476 1064 652 1114 unius
674 1060 872 1125 anguli
901 1072 1018 1110 non
1051 1059 1237 1109 solum
1258 1058 1498 1123 Judteaz,
1532 1072 1648 1111 non
1670 1060 1916 1112 Orientis
1940 1068 2068 1113 tan-

478 1134 795 1193 tummodo,
820 1136 920 1183 aut
942 1130 1297 1182 Occidentis:
1323 1131 1423 1182 sed
1450 1131 1579 1194 Spes
1594 1133 1845 1180 omnium
1867 1134 2068 1193 ﬁnium

476 1213 642 1256 terrae.
691 1207 755 1256 In
777 1204 871 1254 illo
894 1204 1047 1254 enim
1072 1206 1304 1265 sperant
1325 1203 1497 1254 etiam
1520 1202 1615 1263 illi,
1643 1203 1740 1266 qui
1764 1204 1823 1253 in
1850 1203 2068 1254 ultimis

476 1283 643 1330 terrae
678 1275 936 1340 partibus
972 1274 1249 1325 habitant.
1282 1276 1395 1325 Nec
1420 1279 1643 1326 tantum
1668 1274 1728 1324 hi
1753 1279 1984 1338 sperant
2006 1274 2067 1325 in

474 1363 561 1410 eo,
578 1348 676 1410 qui
698 1359 816 1397 non
842 1344 1023 1396 solida
1043 1349 1191 1395 terra
1214 1350 1371 1407 sunt,
1397 1345 1494 1395 sed
1521 1347 1578 1395 et
1614 1344 1711 1406 illi,
1751 1344 1850 1408 qui
1895 1345 1955 1396 in
1987 1358 2069 1397 re-

471 1418 812 1471 motissimis
836 1415 1041 1467 insulis
1058 1415 1398 1465 consistunt.
1414 1416 1536 1465 Hoc
1552 1419 1658 1475 est,
1673 1415 1825 1477 quod
1842 1416 2061 1467 subdit:

473 1491 542 1540 Et
565 1491 627 1538 in
651 1489 797 1538 mari
820 1488 987 1550 longe.
1015 1486 1311 1547 Quomodo
1334 1491 1526 1537 autem
1551 1490 1670 1537 tam
1690 1487 1857 1549 longe
1875 1486 2068 1538 sitfac-

474 1566 587 1622 tus,
614 1574 747 1624 spes
765 1558 1105 1621 ostenditur,
1130 1570 1265 1608 cum
1293 1557 1641 1608 subinfertur
1668 1574 1678 1605 :

535 1632 584 1685 7.
630 1633 959 1695 Prteparans
995 1634 1195 1677 montes
1229 1630 1289 1677 in
1324 1630 1516 1678 virtute
1539 1634 1650 1678 tua.
1678 1629 1902 1679 Montes
1928 1628 2066 1680 dicit

470 1703 784 1766 Apostolus
803 1706 860 1753 et
876 1700 1279 1765 praedicatores
1292 1699 1593 1751 altitudine
1619 1697 1671 1766 3
1688 1697 1706 1764 |
1723 1697 1774 1764 5
1794 1700 1930 1751 vitae
1957 1703 2060 1749 ter-

1541 307 1809 359 RUFINO
1843 307 2302 360 PRESBYTERO
2336 310 2722 363 ASCRIPTUS

3717 318 3816 372 900

2178 422 2479 484 fraguntur
2513 425 2787 478 adversis.
2827 427 3047 478 Cuncta
3070 426 3216 478 forte
3252 431 3465 478 mente
3502 429 3813 491 pertrans-

2177 499 2334 557 eunt,
2378 496 2497 548 laeti
2540 502 2597 548 et
2636 497 2851 549 alacres
2874 498 2947 549 ad
2980 498 3161 549 ﬁnem
3186 497 3469 549 tendunt.
3501 498 3677 550 Talis
3702 506 3815 551 erat

2175 565 2406 631 Paulus,
2447 579 2579 617 cum
2625 568 2837 620 diceret
2867 583 2879 615 :
2921 570 3102 633 Cupio
3129 568 3384 619 dissolvi
3410 572 3478 619 et
3509 581 3659 621 esse
3680 584 3807 621 cum

2175 638 2398 689 Christo
2443 638 2667 703 (Philip.
2710 638 2799 702 1.).
2826 640 3125 691 Notaudus
3152 645 3245 692 est
3262 645 3475 691 autem
3509 641 3664 692 ordo
3693 655 3810 692 ver-

2171 706 2372 759 borum
2396 712 2422 758 ?
2456 710 2620 761 Prius
2660 711 2884 774 ponitur
2912 712 3268 775 perturbatio
3294 710 3571 772 timoris,
3598 711 3805 763 deinde

2172 777 2471 831 delectatio
2494 783 2723 832 amoris.
2743 783 2934 834 Timor
2950 782 3211 834 excludit
3228 781 3405 833 vitia:
3428 782 3662 833 caritas
3674 796 3803 833 eon-

2172 850 2375 901 temnit
2424 855 2663 903 terrena.
2715 852 3016 916 Magnifice
3048 865 3186 913 ergo
3216 852 3452 915 posuit,
3481 851 3805 903 Delectabit

2169 920 2378 971 exitus.
2413 922 2469 972 Si
2513 923 2667 973 enim
2704 921 2859 991 3|6
2882 936 2997 975 non
3025 922 3276 976 delectat
3302 927 3385 984 te,
3415 934 3552 973 non
3578 922 3801 974 laboras

2168 991 2342 1043 exire.
2368 992 2661 1045 Delectare
2685 994 2745 1045 in
2768 996 3032 1059 Domino,
3057 997 3116 1047 et
3132 993 3376 1046 fastidio
3391 994 3516 1044 erit
3529 994 3641 1044 tibi
3656 1010 3803 1043 mun-

2167 1061 2295 1113 dus.
2311 1063 2398 1114 Ad
2420 1064 2527 1115 hoc
2550 1070 2747 1117 autem
2766 1066 2921 1130 quod
2942 1065 3323 1129 prtemissum
3353 1068 3476 1130 est,
3505 1068 3799 1126 Praeparatis

2166 1138 2393 1185 montes
2418 1134 2478 1186 in
2501 1136 2713 1188 virtute
2740 1141 2853 1196 tua,
2878 1138 3162 1202 respicere
3187 1136 3437 1190 videtur
3460 1148 3683 1189 versus
3698 1137 3795 1188 iste

2167 1205 2264 1267 qui
2290 1206 2666 1271 subjungitur
2702 1223 2715 1258 :

2229 1273 2315 1329 10.
2351 1277 2584 1326 Visitasti
2610 1284 2810 1327 terram
2832 1280 2878 1326 el
2900 1277 3185 1328 inebriasti
3204 1293 3331 1327 eam
3348 1296 3365 1327 :
3404 1276 3789 1340 multiplicati

2165 1345 2485 1411 locupletare
2502 1364 2639 1400 eam.
2666 1350 2870 1402 Misisti
2892 1350 3080 1401 nubes
3097 1355 3250 1413 tuas,
3267 1354 3341 1400 ut
3358 1349 3649 1413 pluerent
3660 1362 3792 1411 prae-

2164 1418 2509 1472 dicationem
2540 1422 2810 1473 veritatis.
2846 1421 3135 1473 Inebriata
3170 1425 3264 1472 est
3287 1424 3477 1483 terra,
3508 1419 3687 1482 idest,
3713 1433 3787 1471 re-

2164 1489 2316 1554 pleta
2333 1497 2471 1543 sunt
2492 1492 2665 1544 corda
2674 1498 2901 1545 terrena
2921 1491 3140 1544 caelesti
3158 1491 3349 1542 imbre
3362 1490 3707 1555 sapientia,
3721 1490 3783 1540 ad

2162 1562 2567 1624 proferendum
2582 1564 2969 1628 multipliciter
2985 1562 3241 1614 fructum
3258 1562 3427 1614 vitae.
3455 1565 3783 1623 Omnipotens

2161 1632 2318 1683 Deus
2342 1638 2551 1686 terram
2576 1634 2788 1694 visitat,
2812 1634 3082 1697 quotiens
3104 1638 3490 1697 peccatorem
3512 1644 3619 1697 per
3630 1644 3779 1682 suam

2160 1704 2403 1765 gratiam
2427 1705 2657 1769 aspirat.
2677 1705 2921 1756 Inebriat
2940 1715 3089 1755 vero.
3111 1716 3250 1754 cum
3266 1706 3443 1754 tanto
3465 1704 3606 1765 ejus
3628 1717 3779 1750 amore

469 1788 607 1826 rem
623 1774 815 1856 omnia
828 1771 1318 1859 ῑῐεωεϐθιιᾶθῐξῐθε-
1346 1773 1499 1859 0098
1517 1770 2056 1859 ᾨϐιιξηοωηξροῐθηε
2082 1786 2137 1859 Β
2166 1775 2436 1859 repletur,
2462 1780 2528 1827 ut
2555 1776 2675 1827 vita
2689 1781 2746 1827 et
2767 1775 3024 1826 moribus
3047 1774 3122 1826 ad
3144 1774 3395 1826 meliora
3414 1775 3775 1825 immutetur.

468 1846 829 1911 praeparavit,
855 1849 913 1896 et
933 1847 1218 1908 praeparat
1235 1841 1512 1904 vocando,
1533 1841 1921 1906 justiﬂcando,
1938 1852 2058 1905 gra-

466 1917 563 1979 tia,
590 1914 853 1969 doctrina
872 1920 929 1966 et
957 1914 1210 1965 moribus
1234 1913 1615 1967 informando.
1641 1916 1710 1965 Et
1733 1914 1877 1965 bene
1900 1916 2061 1975 potes

469 2001 568 2039 eos
594 2000 928 2053 praeparare,
947 1986 1081 2049 quia
1105 1990 1168 2036 tu
1191 1998 1252 2036 es
1265 1986 1556 2037 accinctus
1580 1986 1851 2049 potentia.
1872 1984 2064 2035 Domi-

465 2072 579 2111 nus
614 2073 680 2112 ac
718 2059 1025 2111 Redemtor
1060 2060 1259 2108 noster
1280 2057 1598 2109 secundum
1622 2056 2056 2107 humanitatem.

465 2132 746 2180 Accinctus
766 2129 1005 2195 potentia
1029 2129 1217 2179 dictus
1236 2132 1342 2178 est.
1360 2127 1519 2180 Unde
1534 2126 1611 2176 illi
1626 2126 1925 2177 Psalmista
1936 2128 2059 2173 alibi

466 2203 579 2253 ait:
612 2201 918 2263 Accingere
934 2199 1123 2262 gladio
1149 2203 1247 2249 tuo
1273 2210 1443 2260 super
1459 2198 1641 2247 femur
1656 2199 1840 2255 tuum,
1864 2200 2060 2259 poten-

464 2273 685 2323 tissime
713 2272 869 2334 (Psat.
899 2270 1029 2331 44.).
1057 2271 1124 2319 Et
1148 2269 1379 2319 iterum:
1400 2268 1642 2319 Indutus
1665 2272 1753 2319 est
1777 2268 2059 2318 Dominus

466 2342 855 2393 fortitudinem
886 2346 943 2391 et
989 2339 1294 2403 praecinxit
1330 2351 1391 2389 se
1435 2338 1591 2402 (Psal.
1620 2336 1745 2400 92.).
1773 2342 1835 2390 In
1859 2350 1926 2389 eo
1956 2350 2059 2388 au-

466 2418 581 2463 tem
613 2414 767 2475 quod
790 2413 1043 2463 Verbum
1059 2416 1149 2461 est
1170 2409 1320 2473 apud
1339 2411 1579 2470 Patrem,
1598 2423 1784 2473 neque
1801 2410 2058 2461 induitur

462 2483 1015 2546 fortitudine,neque
1035 2481 1351 2544 accingitur
1375 2481 1653 2544 potentia.
1683 2483 1804 2532 Imo
1828 2482 1947 2546 ipse
1969 2485 2058 2533 est

460 2554 733 2605 fortitudo
758 2558 815 2605 et
836 2555 1019 2605 virtus
1042 2558 1099 2604 et
1122 2552 1401 2615 sapientia
1424 2551 1486 2614 (1.
1519 2553 1638 2603 Cor.
1671 2551 1754 2613 1.).
1791 2553 2058 2603 Incarna-

463 2630 557 2676 tus
582 2638 716 2689 ergo
741 2624 1021 2676 Dominus
1050 2623 1186 2687 quia
1204 2623 1500 2675 divinitate
1526 2636 1631 2674 sua
1655 2623 1912 2686 undique
1946 2625 2056 2674 cir-

460 2698 782 2755 cumdatur,
808 2695 1065 2758 undique
1082 2694 1356 2756 munitur,
1371 2706 1484 2745 non
1500 2694 1789 2745 immerito
1801 2698 2053 2743 accinctus

459 2768 713 2831 potentia
734 2766 1077 2831 perhibetur.
1106 2764 1410 2816 Accinctus
1434 2769 1646 2825 autem,
1672 2767 1946 2828 tanquam
1963 2779 2054 2828 pn-

458 2842 619 2890 ratus
665 2838 737 2890 ad
780 2848 1031 2902 pugnam
1074 2841 1274 2887 contra
1319 2835 1608 2887 diabolum
1657 2840 1714 2887 et
1746 2837 2050 2888 mundum.

458 2910 621 2962 Unde
645 2909 906 2973 protinus
928 2908 1118 2959 addit:

518 2982 566 3033 8.
606 2981 710 3039 Qui
727 2980 1013 3030 conturbas
1025 2977 1367 3044 profundum
1380 2978 1551 3026 maris
1573 2993 1767 3027 sonum
1785 2978 2048 3041 ﬂuctuum

454 3050 586 3113 ejus.
611 3051 851 3102 Fundus
870 3051 1047 3102 maris
1072 3050 1177 3114 (Ex
1200 3049 1548 3113 Augustino),
1569 3052 2046 3110 estcorimpiorum

456 3123 612 3174 Sicut
634 3123 789 3174 enim
812 3136 844 3172 a
870 3121 1047 3172 fundo
1078 3121 1474 3172 vehementius
1497 3121 1690 3170 omnia
1716 3123 2040 3183 moventur,

455 3198 512 3244 et
550 3194 757 3245 fondus
787 3193 1042 3245 continet
1083 3191 1305 3243 omnia:
1354 3192 1435 3241 sic
1468 3190 1748 3254 quidquid
1767 3192 2044 3255 processit

452 3278 550 3328 per
578 3264 859 3328 linguam,
876 3277 975 3327 per
991 3276 1198 3314 manus
1214 3262 1284 3312 ad
1302 3262 1757 3326 persecutionem
1777 3261 2047 3313 Ecclesiae

451 3335 522 3387 de
540 3336 822 3399 profundo
848 3335 1141 3398 processit.
1171 3334 1226 3385 Si
1250 3334 1402 3383 enim
1426 3346 1543 3384 non
1578 3338 1730 3383 esset
1754 3333 1916 3384 radix
1938 3334 2042 3384 ini-

452 3407 686 3469 quitatis
709 3407 768 3458 in
794 3406 981 3467 corde,
1004 3418 1121 3455 non
1144 3404 1239 3455 illa
1262 3406 1455 3455 omnia
1477 3405 1845 3466 procederent
1867 3407 2041 3453 adver-

453 3491 554 3527 sus
574 3478 882 3528 Christum.
898 3478 1165 3527 Fundum
1184 3475 1568 3537 conturbavit,
1592 3475 1732 3526 forte
1749 3481 1811 3526 ut
1828 3478 2041 3525 fundum

450 3548 808 3599 exhauriret:
837 3559 969 3596 nam
989 3548 1049 3596 in
1063 3545 1229 3596 malis
1242 3544 1590 3606 quibusdam
1607 3546 1871 3596 exhausit
1888 3560 2041 3598 mare

448 3630 484 3668 a
506 3618 701 3679 fundo,
720 3624 777 3669 et
792 3618 986 3680 posuit
1007 3628 1160 3666 mare
1178 3616 1233 3665 in
1250 3615 1560 3665 desertum.
1582 3616 1728 3667 Dicit
1752 3617 1889 3667 illud
1910 3620 2041 3665 alius

448 3688 733 3751 psalmus:
776 3688 882 3749 Qui
906 3686 1184 3737 convertit
1212 3698 1369 3735 mare
1392 3685 1453 3735 in
1485 3686 1701 3736 aridam
1727 3687 1887 3747 (Psat.
1909 3687 2037 3751 65.).

448 3762 663 3810 Omnes
684 3759 841 3823 impii
872 3762 936 3809 ut
967 3756 1169 3821 pagani
1188 3756 1286 3818 qui
1311 3755 1854 3819 crediderunl,mare
1873 3768 2035 3805 erant:

448 3834 596 3881 terra
642 3831 772 3882 facti
816 3833 952 3879 sunt
979 3847 987 3877 :
1019 3838 1035 3856 ι
1083 3827 1252 3879 salsis
1284 3827 1559 3878 fructibus
1589 3828 1770 3890 primo
1796 3830 2036 3893 steriles,

445 3906 647 3967 postea
689 3901 929 3964 justitiai
972 3900 1159 3950 fructu
1206 3898 1446 3949 fecundi.
1473 3899 1785 3950 Conturbat
1829 3913 2034 3952 sonum

444 3974 743 4035 ﬂuctuum,
770 3970 998 4035 quando
1028 3971 1216 4021 minas
1249 3969 1493 4033 dissipat
1514 3971 1909 4033 superborum.
1938 3970 2039 4022 Vel

447 4056 654 4095 sonum
666 4045 948 4095 ﬂuctuum
964 4042 1286 4102 conturbat,
1307 4040 1537 4103 quando
1552 4042 1836 4092 tumultus
1848 4044 1954 4101 cogi
1965 4052 2038 4089 ta-

446 4114 666 4167 tionum
687 4115 748 4166 in
771 4114 1039 4166 cordibus
1062 4113 1368 4176 impiorum
1384 4113 1539 4163 Deus
1561 4112 1792 4163 excitat.
1818 4116 2037 4165 Ascen-

442 4186 589 4237 dunt
615 4186 672 4237 in
695 4185 863 4238 corde
884 4184 1277 4249 cogitationes,
1304 4183 1533 4245 quando
1562 4196 1699 4234 suas
1721 4183 1793 4234 ad
1817 4196 2037 4236 memo-

438 4256 579 4308 riam
592 4257 688 4308 red
697 4256 1602 4320 ucuntpravitates.Conturbatur
1613 4257 1908 4317 mare,quia
1922 4271 2036 4304 con-

440 4330 717 4382 tremiscit
732 4328 1053 4381 amaritudo
1068 4325 1454 4389 ptenitentiaa:
1481 4329 1535 4375 et
1552 4324 1704 4387 quod
1722 4324 1781 4375 in
1797 4325 1911 4376 imo
1940 4332 2029 4387 est,

438 4403 508 4453 ad
535 4415 829 4453 summum
854 4399 1159 4460 reducitur,
1178 4396 1408 4461 quando
1419 4396 1635 4447 malum
1649 4395 1869 4459 quodin
1886 4401 2030 4445 corde

433 4472 680 4536 jacebat,
719 4486 813 4524 ore
862 4469 1236 4523 confessionis
1270 4467 1535 4532 aperitur.
1570 4468 1676 4528 Qui
1700 4466 1807 4518 hoc
1830 4467 1948 4530 agit
1970 4468 2030 4518 in

2165 1843 2320 1896 Solet
2338 1848 2487 1897 enim
2512 1858 2610 1911 per
2631 1847 2968 1898 ebrietatem
2996 1858 3210 1897 sensus
3223 1845 3570 1897 bibentium
3586 1846 3773 1892 mutari.

2161 1914 2308 1967 Hinc
2338 1921 2429 1968 est
2451 1917 2604 1981 quod
2633 1917 2703 1969 de
2725 1916 2920 1969 electis
2945 1915 3082 1967 alibi
3107 1917 3359 1968 dicitur:
3382 1917 3772 1964 Inebriabuntur

2161 1987 2235 2037 ab
2257 1988 2513 2040 ubertate
2537 1988 2745 2039 domus
2774 1994 2892 2040 tuae
2914 1988 3084 2050 (Psat.
3118 1987 3229 2051 35.)
3255 2007 3267 2035 :
3291 1987 3441 2050 quia
3476 1991 3643 2056 tanta
3664 1998 3772 2036 om-

2160 2058 2474 2121 nipotentis
2498 2059 2597 2110 Dei
2620 2071 2813 2111 amore
2824 2060 3026 2123 repleti
3051 2062 3212 2121 sunt,
3232 2063 3298 2109 ut
3324 2064 3541 2109 mente
3566 2061 3769 2107 mutata

2161 2129 2532 2193 sibimetipsis
2543 2131 2804 2182 extranei
2820 2144 2949 2182 esse
2963 2130 3294 2182 videantur.
3313 2128 3614 2190 Quaedam
3631 2128 3767 2178 enim

2160 2200 2323 2262 quasi
2345 2201 2592 2253 ebrietas
2617 2201 2860 2262 videtur,
2879 2201 3173 2253 contentis
3197 2200 3400 2250 divitis
3433 2205 3766 2260 paupertatem

2158 2283 2370 2334 amare,
2401 2272 2653 2333 seipsum
2677 2272 2992 2324 contemtui
3026 2271 3265 2333 habere,
3292 2269 3765 2322 tribulationibus

2157 2341 2427 2406 gaudere,
2452 2348 2696 2395 mortem
2721 2343 2907 2407 magis
2932 2355 3109 2405 quam
3136 2342 3320 2393 vitam
3346 2339 3764 2405 diligere,adea

2158 2424 2289 2474 quae
2322 2426 2441 2465 non
2469 2418 2763 2478 apparent,
2809 2413 2947 2465 totis
2992 2412 3296 2463 desideriis
3330 2411 3634 2462 anhelare.
3658 2410 3766 2459 Hoc

2156 2485 2327 2535 modo
2352 2485 2630 2537 inebriata
2652 2490 2802 2537 terra
2830 2497 2946 2535 non
2970 2488 3163 2548 potest
3188 2482 3406 2535 sterilis
3434 2495 3593 2533 esse.
3630 2480 3761 2532 Mul-

2156 2555 2420 2618 tipliclter
2463 2556 2847 2621 Iocupletatur
2889 2569 2924 2607 ει
2970 2558 3091 2608 Deo
3136 2554 3547 2618 spiritualibus
3572 2553 3758 2605 donis:

2153 2626 2300 2677 Hinc
2342 2626 2554 2679 Paulus
2590 2628 2708 2678 ait:
2747 2626 2845 2677 alii
2885 2625 3061 2677 datur
3092 2638 3285 2677 sermo
3318 2625 3634 2688 sapientiae
3676 2622 3761 2673 alii

2153 2708 2341 2748 sermo
2366 2698 2638 2758 scicntia,
2678 2697 2771 2748 alii
2817 2708 3026 2758 genera
3063 2695 3427 2759 linguarum,
3468 2695 3567 2746 alii
3588 2693 3761 2758 gratia

2152 2768 2532 2819 curationum.
2559 2770 2627 2819 Et
2649 2768 2997 2831 quibusdam
3020 2766 3149 2817 aliis
3174 2767 3545 2818 enumeratis
3578 2781 3592 2815 :
3628 2766 3757 2816 Haec

2150 2837 2371 2901 (inquit)
2388 2839 2583 2891 omnia
2598 2843 2855 2903 operatar
2876 2851 3032 2889 unus
3057 2843 3232 2902 atque
3254 2838 3413 2890 idem
3430 2837 3759 2901 spiritusdi—

2149 2908 2353 2960 vldens
2387 2909 2628 2974 singulis
2653 2914 2824 2975 prout
2856 2910 2981 2961 vult
3006 2909 3076 2973 (1.
3108 2910 3230 2960 Cor.
3258 2908 3391 2972 ω).
3422 2910 3497 2961 Et
3522 2909 3661 2972 quia
3680 2920 3755 2957 Sic

2149 2979 2291 3031 ditat
2312 2983 2468 3032 Deus
2492 2986 2701 3033 terram
2718 2993 2886 3032 suam
2915 2980 3143 3032 dicatur
3166 2985 3353 3032 recte:
3383 2978 3757 3044 Multiplitusti

2147 3050 2463 3115 locupletare
2479 3068 2615 3102 eam.
2635 3053 3005 3104 Huncautem
3024 3052 3401 3103 multiformis
3427 3051 3639 3115 gratiis
3656 3052 3757 3109 spi-

2069 3144 2118 3219 c
2144 3122 2637 3219 ξίιξηξηβθοιεδταξ
2660 3123 3442 3219 assuetus-iuges:
3471 3121 3752 3219 esse

2147 3199 2263 3242 tum
2287 3200 2359 3242 est
2382 3196 2558 3259 aquis.
2594 3194 2739 3255 Quid
2764 3208 2861 3258 per
2877 3195 2979 3245 Dei
3014 3195 3235 3251 ﬂumen
3257 3193 3512 3257 intelligi
3535 3194 3747 3243 debeat.

2145 3265 2267 3330 ipse
2296 3268 2579 3317 Dominus
2604 3266 2769 3317 nobis
2793 3265 3068 3327 insinuat,
3090 3265 3187 3316 ubi
3210 3265 3324 3316 ait:
3355 3264 3471 3326 Qui
3502 3264 3676 3315 credit
3694 3263 3749 3312 in

2144 3350 2254 3398 me,
2301 3338 2452 3388 sicut
2496 3337 2635 3388 dicit
2680 3336 2980 3401 Scriptura,
3014 3336 3259 3387 ﬂumina
3295 3335 3370 3386 de
3394 3338 3601 3386 ventre
3632 3335 3748 3397 ejus

2144 3407 2327 3458 ﬂuent
2366 3420 2534 3470 aquae
2592 3407 2742 3458 vivae
2784 3407 2961 3470 (Joan.
2998 3405 3089 3468 7.).
3120 3407 3239 3455 Hoc
3258 3407 3475 3468 (inquit
3507 3406 3750 3466 Evange-

2142 3476 2295 3539 lista)
2320 3477 2466 3529 dixit
2488 3478 2558 3529 de
2576 3477 2780 3541 spiritu
2796 3490 2966 3541 quem
2990 3476 3285 3540 accepturi
3317 3479 3494 3527 erant
3527 3475 3748 3526 creden-

2144 3552 2231 3600 tes
2260 3549 2321 3599 in
2354 3562 2489 3601 eum
2515 3549 2704 3611 (Ibid.).
2750 3551 2818 3599 Et
2842 3549 2992 3598 sicut
3026 3548 3089 3598 in
3132 3560 3245 3598 uno
3286 3547 3536 3598 ﬂumine
3558 3546 3746 3597 multae

2140 3632 2309 3682 aqua:
2323 3620 2698 3672 conveniunt:
2719 3620 2799 3670 ita
2813 3618 2872 3669 in
2889 3632 3003 3670 uno
3023 3618 3229 3681 spiritu
3246 3618 3459 3669 multas
3481 3621 3745 3679 gratiarum

2141 3689 2453 3742 divisiones
2476 3691 2819 3742 consistunt.
2846 3689 2979 3740 Ideo
3003 3688 3211 3740 dicitur
3236 3689 3491 3752 Spiritus
3517 3694 3744 3739 sanctus

2138 3761 2372 3824 flumen,
2427 3764 2562 3825 quia
2603 3775 2736 3812 cum
2772 3760 2987 3823 impetu
3013 3761 3191 3817 venit.
3215 3762 3400 3823 atque
3423 3773 3460 3810 a
3485 3761 3743 3811 sordibus

2136 3837 2501 3895 peccatorum
2535 3832 2779 3883 mundat
2820 3835 3076 3882 mentem
3114 3843 3292 3894 quam
3314 3830 3599 3883 infundit.
3620 3830 3739 3881 Ideo

2135 3914 2305 3967 aqua,
2331 3904 2464 3966 quia
2486 3908 2744 3955 mentem
2769 3906 2945 3966 potat,
2971 3914 3219 3965 eamque
3243 3903 3316 3952 ab
3339 3905 3504 3953 aestu
3528 3901 3738 3953 deside-

2136 3973 2351 4025 riorum
2374 3974 2689 4025 carnalium
2706 3972 3017 4036 refrigerat.
3039 3971 3151 4023 Sed
3173 3972 3310 4035 quia
3333 3972 3409 4023 de
3433 3976 3582 4035 potu
3599 3972 3738 4019 audi-

2137 4044 2351 4106 vimus,
2377 4057 2531 4095 nunc
2556 4044 2625 4095 de
2650 4045 2776 4095 cibo
2799 4043 3007 4094 animae
3029 4042 3170 4105 quid
3194 4042 3526 4106 subjungat
3559 4042 3739 4094 audia-

2134 4127 2267 4166 mus
2295 4132 2305 4163 :
2335 4115 2550 4165 Parasti
2587 4114 2763 4164 cibum
2788 4114 3003 4163 illorum
3038 4113 3311 4176 quoniam
3332 4114 3415 4161 ita
3439 4118 3517 4162 est
3540 4127 3738 4177 pra-pa-

2133 4186 2274 4235 ratio
2300 4186 2431 4249 ejus.
2470 4188 2650 4247 Quem
2697 4185 2926 4241 cibum?
2956 4184 3166 4245 Utique
3207 4183 3279 4234 de
3312 4196 3436 4246 quo
3478 4184 3602 4246 ipse
3622 4183 3732 4234 ait:

2134 4258 2251 4319 Ego
2279 4269 2409 4306 sum
2430 4257 2596 4320 panis
2614 4255 2915 4319 vivus,qui
2934 4254 3006 4306 de
3030 4254 3174 4306 caelo
3199 4254 3510 4306 descendi.
3539 4256 3597 4306 Si
3615 4253 3733 4316 quis

2131 4326 2566 4379 manducaverit
2616 4340 2689 4379 ex
2749 4328 2857 4378 hoc
2899 4338 3078 4389 pane,
3134 4325 3296 4377 vivet
3344 4326 3409 4376 in
3456 4332 3729 4377 aeternum

2132 4397 2310 4457 (Joan.
2359 4397 2449 4461 6.).
2488 4397 2784 4459 Quomodo
2827 4396 2983 4447 hunc
3035 4396 3232 4447 cibum
3278 4397 3518 4459 paravit
3539 4395 3730 4447 nobis?

2130 4470 2272 4530 Quia
2296 4470 2534 4520 verbum
2560 4481 2690 4520 caro
2716 4468 2927 4519 factum
2952 4470 3058 4527 est,
3088 4472 3147 4518 et
3169 4466 3469 4518 habitavit
3490 4468 3557 4518 in
3578 4465 3728 4517 nobis

437 4543 604 4594 corde
624 4541 975 4627 peccatoris,
1011 4540 1123 4591 nisi
1148 4540 1239 4604 pia
1264 4538 1517 4603 potentia
1540 4537 1912 4589 Redemtoris.
1938 4538 2021 4588 De
2048 4554 2105 4627 D
2131 4540 2309 4627 ({oaju.
2352 4539 2632 4627 1.)..‘Ben‘e
2655 4537 3100 4627 aut‘em‘di‘citur,
3124 4537 3371 4627 Parasiti,
3398 4540 3542 4627 quia
3557 4537 3728 4627 inulto

436 4626 550 4676 qua
572 4613 761 4665 adhuc
785 4612 1049 4664 subditur
1073 4630 1084 4658 :

496 4683 545 4736 9.
581 4683 964 4732 Turbabuntur
984 4687 1174 4745 gentes,
1199 4685 1245 4730 et
1274 4680 1531 4729 timebunt
1556 4679 2025 4742 quihabitantler-

434 4755 631 4812 minos,
648 4770 684 4802 a
709 4755 881 4817 signis
902 4754 1023 4802 tuis.
1052 4753 1179 4803 Ideo
1202 4753 1350 4803 enim
1374 4752 1655 4803 Dominus
1678 4757 1734 4802 et
1756 4750 2027 4815 Discipuli

434 4826 561 4888 ejus
592 4829 751 4876 tanta
775 4825 941 4888 signa
980 4828 1037 4875 et
1079 4823 1337 4887 prodigia
1360 4824 1640 4875 faciebant
1670 4824 1852 4886 (Marc.
1885 4822 2024 4885 16.),

433 4899 499 4945 ut
541 4908 674 4944 cum
708 4894 966 4944 viderent
987 4898 1187 4957 gentes
1211 4906 1343 4957 quae
1368 4893 1539 4944 fidem
1576 4906 1693 4943 non
1716 4893 2022 4956 habebant,

433 4966 801 5017 turbarentur
830 4978 928 5029 pro
950 4965 1217 5029 peccatis,
1241 4968 1297 5015 et
1322 4965 1583 5015 timerent
1606 4966 1806 5027 Deum,
1824 4968 1879 5015 et
1910 4979 2023 5012 cre-

431 5037 634 5088 dentes
680 5035 821 5089 salvi
864 5036 1081 5089 ﬂerent.
1108 5038 1178 5087 Et
1219 5036 1353 5098 quia
1375 5036 1436 5085 in
1460 5035 1552 5086 via
1573 5035 1673 5085 Dei
1695 5035 1966 5098 incipitur
1989 5048 2024 5085 a

432 5108 631 5161 timore
655 5109 830 5168 (Prov.
860 5108 909 5162 1.
936 5113 993 5160 et
1007 5107 1102 5167 9.),
1126 5106 1226 5159 sed
1244 5108 1302 5157 in
1318 5108 1549 5157 caritate
1564 5111 2019 5171 consummatur,

426 5185 578 5231 recte
606 5179 795 5231 adhuc
824 5178 1220 5243 subiungitur:
1242 5178 1439 5225 Exitus
1468 5177 1724 5224 matutini
1753 5181 1797 5225 et
1820 5177 2021 5241 vesperi

427 5250 717 5302 (lclcclabis.
730 5253 823 5302 Ma
832 5254 1081 5302 tutinum
1095 5248 1201 5310 (Ea:
1216 5249 1462 5310 August.)
1480 5247 1767 5309 signiﬁcat
1778 5250 2023 5307 prosperi-

428 5325 621 5383 tatem,
642 5334 948 5387 vesperum
960 5319 1409 5372 tribulationem:
1431 5318 1565 5381 quia
1578 5320 1927 5369 manelmtum
1944 5326 2019 5366 est

426 5395 715 5443 transacta
747 5390 902 5444 velut
932 5391 1164 5442 tristitia
1187 5390 1391 5440 noctis.
1426 5388 1639 5439 Tristes
1656 5392 1850 5440 autem
1884 5392 2021 5440 sunt

424 5464 695 5527 tenebris,
744 5476 981 5526 vespere
1037 5461 1311 5513 veniente.
1350 5458 1607 5511 Delectat
1657 5473 1792 5523 ergo
1842 5461 2014 5523 Deus,

420 5531 588 5594 idest,
614 5546 813 5585 servos
839 5546 979 5586 suos
1003 5532 1284 5584 delectare
1308 5532 1460 5593 facit,
1490 5532 1666 5580 exitus
1694 5530 2017 5579 malutinicl

420 5605 638 5666 vesperi,
665 5604 832 5668 idest,
869 5610 934 5656 ut
958 5617 1161 5656 exeam
1185 5605 1255 5656 de
1283 5605 1656 5669 prosperitate
1680 5609 1736 5654 et
1759 5602 2011 5654 adversi-

420 5677 534 5723 tate
577 5674 704 5736 ejus
751 5675 965 5728 saeculi.
1008 5677 1135 5728 Non
1177 5674 1530 5727 extolluntur
1556 5674 1863 5739 prosperis,
1896 5685 2014 5725 non

483 5820 499 5839 ·
531 5811 747 5865 Vitiose
778 5816 931 5878 apud
961 5816 1355 5880 Augustinum
1382 5815 1553 5879 falsis.

2131 4610 2325 4662 studio
2367 4611 2501 4674 egit,
2548 4614 2605 4662 et
2648 4608 2833 4660 multo
2861 4607 3076 4671 labore,
3100 4611 3399 4670 quatenus
3428 4610 3724 4660 electorum

2125 4684 2351 4732 mentes
2372 4680 2443 4732 de
2456 4681 2534 4731 sei
2544 4693 2647 4744 pso
2666 4683 2862 4745 posset
2874 4679 3120 4730 reﬂcere.
3143 4677 3307 4730 Unde
3319 4680 3726 4732 convenienter

2125 4751 2206 4802 ait
2231 4767 2242 4801 :
2284 4747 2557 4810 Quoniam
2604 4752 2699 4812 ita,
2742 4750 2911 4810 idest,
2936 4762 3036 4813 per
3062 4754 3116 4801 te
3145 4754 3216 4798 est
3234 4752 3581 4814 praeparatio
3604 4764 3724 4814 ejus.

2126 4824 2323 4886 Neque
2346 4822 2500 4873 enim
2526 4824 2752 4873 tantum
2768 4822 2962 4872 cibum
2983 4832 3309 4884 praeparare
3331 4823 3729 4885 potuissetaut

2125 4892 2454 4957 Apostolus,
2491 4897 2591 4944 aut
2626 4893 2918 4957 propheta,
2953 4895 3054 4941 aut
3081 4890 3351 4955 angelus,
3373 4894 3492 4943 nisi
3520 4894 3729 4944 solum-

2124 4963 2294 5015 modo
2315 4965 2598 5015 mediator
2610 4964 2708 5015 Dei
2732 4968 2789 5014 et
2810 4962 3132 5019 hominum,
3159 4961 3338 5013 homo
3361 4964 3628 5015 Christus
3640 4965 3730 5014 Je-

2124 5047 2225 5085 sus
2251 5034 2320 5098 (1.
2352 5035 2485 5085 Tim.
2511 5033 2601 5096 2.).
2638 5036 2737 5085 Est
2761 5034 2932 5085 etiam
2949 5033 3244 5096 Scriptura
3267 5045 3437 5084 sacra
3451 5035 3725 5086 cibusno-

2121 5106 2211 5156 bis
2234 5109 2464 5168 paratus
2498 5118 2532 5156 a
2555 5105 2821 5168 Domino,
2875 5116 2990 5166 quo
3037 5103 3297 5166 quotidie
3318 5104 3632 5165 reficimus,
3656 5117 3723 5155 ne

2120 5177 2459 5235 deﬁciamus
2484 5177 2544 5227 in
2565 5176 2748 5240 hujus
2772 5174 3253 5239 peregrinationis
3279 5174 3533 5226 deserto.
3569 5174 3720 5227 Unde

2121 5249 2394 5311 scriptum
2418 5252 2507 5298 est
2531 5265 2542 5296 :
2594 5249 2722 5298 Non
2744 5247 2803 5298 in
2825 5244 2944 5297 solo
2968 5257 3117 5308 pane
3146 5244 3291 5297 vivit
3320 5245 3518 5307 homo,
3546 5248 3642 5297 sed
3665 5246 3721 5296 in

2120 5319 2277 5370 omni
2329 5320 2506 5369 verbo
2551 5321 2705 5381 quod
2742 5315 2996 5381 procedit
3040 5328 3114 5366 ex
3139 5328 3237 5366 ore
3262 5315 3372 5367 Dei
3396 5317 3607 5378 (Matth.
3629 5316 3714 5376 4.).

2118 5389 2263 5439 Ecce
2287 5394 2519 5451 paratus
2542 5392 2632 5439 est
2663 5387 2846 5449 cibus,
2873 5385 2925 5453 3
2943 5385 2961 5452 Ι
2978 5383 3028 5452 7
3049 5398 3184 5438 ecce
3205 5391 3483 5449 paratum
3506 5393 3595 5439 est
3612 5388 3715 5437 ﬂu-

2116 5472 2287 5510 men:
2318 5459 2418 5509 sed
2461 5458 2588 5527 haec
2612 5457 2826 5521 fragilis
2870 5458 3042 5508 homo
3071 5470 3193 5508 non
3224 5456 3388 5510 valet
3411 5459 3712 5521 suscipere.

2115 5531 2230 5582 nisi
2253 5542 2499 5594 superna
2524 5529 2751 5580 bonitas
2775 5527 3356 5593 digneturadjuvare.
3376 5529 3517 5582 Ideo
3529 5532 3710 5581 exorat

2116 5601 2315 5652 dicens
2342 5616 2354 5650 :

2177 5672 2261 5726 11.
2294 5672 2452 5722 Rivos
2475 5670 2588 5736 ejus
2614 5670 2912 5731 inebrians,
2948 5670 3256 5737 multiplica
3279 5671 3566 5737 genimiuu
3588 5669 3702 5733 ejus.
