3880 6222
85 327 198 382 901
1122 326 1195 375 ΙΝ
1232 323 1557 376 PSALMOS
1591 323 1799 375 LXXV
1833 321 2416 375 COMMENTARIUS.
3306 324 3411 381 902

85 438 290 491 Rivos
318 440 372 502 ej
385 452 455 510 us
491 435 750 488 ﬂuminis
780 435 1073 510 apostolos
1105 440 1171 510 et
1184 436 1447 510 doctores
1467 435 1620 510 dicit,
1636 450 1722 510 per
1744 437 1800 510 Α
1819 446 1969 510 num
1986 432 2286 510 gaudium,
2320 431 2578 510 undique
2605 432 3115 510 circumdanseos,
3161 438 3419 500 undique

86 521 256 572 quos
282 501 540 573 spiritus
566 511 802 559 sanctus
825 508 899 558 ad
923 507 1280 558 audientium
1298 506 1470 559 corda
1484 509 1718 555 decurrit.
1744 501 1800 510 ““
1820 504 2139 563 continens,
2155 501 2937 565 inseparabiliteradhaarens.
2955 507 3414 568 HiDCquibusdam

85 580 272 630 Unde
309 580 599 643 scriptum
624 583 713 629 est
737 592 749 628 :
787 580 914 629 Non
938 579 1090 629 enim
1125 592 1227 630 vos
1249 579 1387 629 estis
1412 578 1509 641 qui
1534 577 1722 641 loqui-
1820 575 2104 624 Dominus
2128 576 2207 623 ait
2239 587 2251 621 :
2297 574 2515 643 Iterum
2561 574 2765 626 videbo
2792 590 2916 634 vos,
2940 581 2999 628 et
3023 579 3298 640 gaudebit
3323 591 3420 629 cor

88 650 272 714 mini,
331 642 455 702 sedi
483 650 728 713 Spiritus
763 655 1000 701 sanctus
1044 650 1143 712 qui
1186 649 1437 712 loquitur
1482 649 1539 699 in
1566 649 1724 699 vobis
1819 651 2097 704 vestrum,
2125 646 2182 695 et
2215 642 2490 705 gaudium
2517 650 2773 695 vestrum
2818 661 2988 698 nemo
3013 648 3172 699 tollet
3193 660 3227 698 a
3252 650 3416 700 vobis

92 722 334 784 (Matth.
374 722 499 782 10.).
519 723 1016 784 HuncSpirituma
1032 724 1193 772 Patre
1208 722 1279 772 de
1313 722 1452 773 caelo
1477 721 1722 770 missum
1822 716 2003 777 (Joan.
2038 715 2157 776 ιω.
2186 716 2347 763 Tunc
2370 726 2611 784 quoque,
2634 716 3007 779 accingentur
3042 719 3413 782 exultatione,

94 792 356 855 quando
384 792 644 856 Apostoli
667 798 1022 856 receperunt,
1039 798 1200 843 tanta
1223 795 1347 855 ejus
1371 793 1723 856 plenitudine
1821 786 2050 848 quando
2067 783 2405 856 circumdati
2421 787 2479 833 et
2502 783 2703 847 repleti
2730 785 3078 851 fuerintipsa
3099 789 3412 840 divinitate.

94 863 327 913 imbuti
360 865 518 924 sunt,
543 868 611 914 ut
635 877 766 914 cum
789 855 1203 928 linguisvariis
1220 865 1322 915 Dei
1346 855 1725 927 magnalialo-
1824 860 1986 909 Tunc
2011 868 2241 919 quoque
2264 855 2467 928 induet
2488 855 2772 928 Dominus
2795 859 2939 908 stola
2962 860 3335 921 jocunditatis
3357 863 3417 912 et

92 940 453 997 querentur,
486 948 521 986 a
555 925 900 998 quibusdam
933 935 1073 986 ebrii
1096 925 1590 998 putarentur(Act.
1629 932 1719 996 2.).
1823 925 2662 998 vesteimmortalitatisarietes
2683 926 2897 998 ovium,
2915 928 3087 986 idest,
3107 930 3282 981 duces
3297 933 3414 979 ani-

95 996 169 1057 Et
196 1018 258 1057 re
288 996 619 1058 veraerant
647 1007 805 1069 ebrii,
846 1006 948 1057 sed
971 996 1357 1069 spiritualiter,
1383 996 1500 1055 non
1526 1018 1726 1056 (ιω-υθέ
1824 1011 2074 1049 marum.
2098 996 2583 1048 Velindutierunt
2596 997 2966 1060 exultatione,
2985 1000 3281 1062 quiasimul
3299 1017 3413 1050 cum

97 1075 259 1129 liter.
290 1077 411 1129 Sed
427 1078 581 1128 unde
604 1078 981 1142 praedicantes
1006 1079 1159 1127 Deus
1175 1077 1434 1137 inebriat,
1452 1076 1725 1127 indende-

100 1146 192 1199 les
242 1148 619 1213 multiplicat.
662 1148 965 1211 Multiplica
1013 1147 1232 1212 (inquit)
1281 1148 1561 1211 genimina
1592 1148 1721 1211 ejus.

100 1219 432 1270 Genimina
455 1221 726 1271 dicuntur
754 1220 833 1281 hi,
861 1220 960 1283 qui
987 1232 1059 1270 ex
1075 1232 1227 1281 aqua
1252 1223 1309 1270 et
1327 1219 1536 1283 Spiritu
1554 1228 1724 1267 sancto

103 1295 561 1353 regenerantur.
618 1294 681 1343 Et
724 1303 841 1342 non
887 1290 1024 1341 dicit
1047 1291 1347 1341 Genimina
1382 1303 1598 1348 eorum,
1624 1290 1723 1341 sed

102 1360 225 1424 ejus
253 1374 268 1408 :
296 1362 444 1425 quia
468 1364 619 1413 sicut
641 1361 876 1426 quidam
898 1362 1216 1413 inebriatus
1240 1362 1401 1411 rivus
1431 1361 1539 1412 ait:
1557 1365 1724 1422 Neque

105 1432 210 1494 qui
229 1432 470 1496 plantat
491 1438 581 1484 est
604 1433 837 1496 aliquid,
855 1446 1044 1497 neque
1067 1433 1165 1497 qui
1192 1433 1364 1497 rigat:
1393 1432 1494 1483 sed
1519 1432 1615 1495 qui
1636 1431 1726 1482 in-

106 1508 492 1556 crementum
534 1504 633 1556 dat
690 1507 843 1556 Deus
890 1504 958 1569 (1.
1008 1506 1128 1555 Cor.
1176 1503 1345 1568 3.).Et
1394 1504 1528 1567 quia
1576 1503 1727 1555 intra

108 1576 717 1627 sanctamEcclesiam
735 1576 1045 1627 fructiﬁcat
1055 1577 1171 1628 Deo
1182 1588 1297 1626 non
1314 1576 1499 1627 solum
1514 1576 1725 1626 exube-

111 1657 255 1697 rans
280 1647 597 1712 sapientia,
623 1648 725 1698 sed
750 1648 876 1711 ipsa
894 1647 1066 1698 etiam
1091 1646 1284 1698 tenuis
1306 1651 1364 1698 et
1396 1658 1568 1711 parva
1591 1646 1728 1697 doc-

114 1716 290 1776 trina,
334 1724 494 1770 recte
526 1719 834 1770 subditur:
882 1721 945 1769 In
987 1718 1274 1768 stillicidiis
1319 1721 1433 1782 ejus
1471 1717 1733 1767 ltelabitur

1825 1083 1997 1133 grege
2021 1082 2125 1119 suo
2169 1069 2507 1132 gaudebunt
2528 1069 2589 1118 in
2610 1072 2827 1119 aeterna
2849 1082 3004 1131 pace.
3033 1072 3205 1131 Quasi
3231 1073 3418 1133 quod-

1823 1143 1958 1192 dam
1982 1140 2390 1191 indumentum
2436 1139 2546 1190 illis
2575 1139 2852 1190 exultatio
2897 1140 3022 1198 erit,
3049 1141 3419 1205 quandojam

1824 1211 1983 1263 nulla
2006 1224 2138 1275 pars
2161 1210 2441 1261 molestias
2468 1222 2660 1273 neque
2691 1211 2752 1260 in
2775 1210 2985 1273 anima,
3015 1223 3202 1274 neque
3222 1212 3282 1263 in
3305 1224 3423 1263 cor-

1824 1295 1961 1346 pore
1985 1282 2318 1333 remanebit.
2358 1282 2670 1339 Absterget
2699 1281 2854 1332 enim
2880 1282 3165 1334 Dominus
3191 1297 3421 1335 omnem

1823 1352 2139 1416 lacrymam
2170 1354 2243 1404 ab
2282 1352 2461 1403 oeulis
2495 1356 2825 1403 sanctorum
2856 1367 2868 1401 :
2894 1357 2952 1404 et
2976 1366 3131 1405 mors
3162 1368 3281 1406 non
3316 1356 3423 1408 erit

1823 1424 2092 1487 amplius,
2119 1436 2307 1486 neque
2330 1423 2541 1485 luctus,
2567 1436 2757 1486 neque
2781 1423 3011 1483 clamor,
3028 1425 3128 1476 sed
3143 1438 3252 1477 nec
3268 1425 3421 1477 ullus

1826 1494 2014 1546 dolor:
2057 1495 2330 1558 quoniam
2378 1495 2563 1557 priora
2598 1496 2949 1545 transierunt
2971 1496 3158 1560 (Apoc.
3203 1496 3328 1559 21.).
3356 1497 3423 1546 Et

1825 1565 1985 1614 valles
2001 1565 2356 1615 abundabunt
2378 1566 2670 1627 frumsnto,
2692 1566 2829 1628 quia
2856 1566 3210 1629 obedientes,
3236 1572 3295 1619 et
3313 1569 3423 1620 hu—

1825 1635 1993 1687 miles
2022 1637 2234 1689 animaa
2261 1636 2475 1687 caelesti
2499 1636 2826 1687 reﬁcientur
2845 1636 3134 1689 alimento.
3162 1640 3288 1703 Ipse
3309 1641 3423 1691 Do-

1831 1707 2025 1758 minus
2049 1708 2156 1759 erit
2177 1707 2531 1759 frumentum
2555 1718 2773 1758 eorum.
2798 1709 2927 1771 Ipse
2959 1713 3049 1759 est
3072 1708 3223 1759 enim
3247 1721 3422 1761 verus

114 1789 470 1871 germinans.
496 1790 755 1871 Parvulis
784 1790 888 1854 (Ea:
913 1790 1249 1871 flugustino)
1273 1776 1547 1870 et:adhuc
1568 1788 1728 1840 intir—
1754 1798 1806 1871 Β
1833 1779 1997 1871 gibus
2017 1779 2340 1830 animarum
2350 1778 2548 1871 (:1an
2689 1784 2741 1871 et
2765 1778 2853 1871 6;).
2881 1780 2947 1829 Et
2968 1779 3052 1871 ti‘bi
3084 1792 3286 1871 omnes
3320 1795 3420 1871 ppu

118 1858 234 1909 mis
261 1859 563 1912 stillantur
585 1861 851 1925 quaedam
898 1861 969 1913 de
1009 1860 1401 1924 sacramentis,
1441 1860 1577 1923 quia
1610 1873 1729 1911 non

119 1943 345 1993 possun
354 1936 377 1982 t
389 1945 595 1997 capere
608 1932 1023 1997 plenitudinem
1037 1932 1305 1983 veritatis.
1317 1931 1467 1982 Audi
1477 1935 1727 1993 quomodo

119 2001 302 2053 stillat
318 2003 537 2054 Paulus
551 2004 901 2067 quibusdam
917 2005 1111 2055 minus
1127 2003 1432 2067 capacibus
1446 2016 1458 2052 :
1471 2007 1575 2051 Non
1589 2006 1725 2064 potui

122 2074 358 2137 (inquit)
383 2076 554 2126 vobis
587 2075 745 2139 loqui
782 2076 951 2139 quasi
988 2074 1395 2138 spiritualibus,
1434 2073 1727 2136 sedquasi

121 2146 480 2207 carnalibus,
512 2150 791 2211 tanquam
814 2146 1071 2211 parvulis
1092 2146 1155 2197 in
1179 2146 1402 2197 Christo
1420 2144 1570 2204 (Ibid.
1601 2147 1634 2206 ).
1662 2147 1727 2195 In

123 2217 437 2268 stillicidiis
453 2231 589 2282 ergo
613 2219 945 2282 germinans
967 2217 1216 2281 laetatur,
1241 2217 1534 2281 quandois
1546 2217 1647 2279 qui
1669 2216 1727 2266 in

122 2286 232 2339 ﬁde
257 2289 489 2341 noviter
499 2289 841 2341 exhortatus
852 2294 959 2353 est,
979 2302 1187 2353 magna
1209 2289 1400 2340 adhuc
1410 2301 1609 2352 capere
1625 2302 1727 2335 non

123 2365 343 2422 potest:
375 2360 479 2411 sed
508 2365 702 2412 tamen
725 2373 911 2425 pauca
933 2373 1065 2424 quas
1088 2360 1269 2423 audit,
1283 2364 1573 2423 gratenter
1597 2372 1728 2409 sus-

124 2438 284 2502 cipit:
314 2442 495 2502 atque
513 2452 611 2491 eos
636 2452 781 2503 quos
795 2440 1089 2504 praevalet,
1112 2440 1334 2491 fructus
1347 2443 1592 2488 bonorum
1608 2455 1729 2500 ope-

123 2522 249 2560 rum
296 2516 357 2562 et
399 2512 684 2563 virtutum
716 2512 964 2575 proferre
997 2506 1207 2562 studetl
1236 2513 1300 2561 In
1323 2510 1431 2562 hoc
1455 2510 1727 2574 pmsenti

122 2579 251 2632 haec
275 2582 562 2633 beneﬁcia
576 2595 708 2646 quae
725 2583 879 2635 dicta
901 2586 1057 2647 sunt,
1070 2581 1259 2635 dabis:
1280 2581 1341 2632 in
1354 2582 1544 2633 futuro
1566 2583 1689 2643 quid
1703 2584 1728 2632 ‘2

127 2652 390 2715 sequitur
421 2658 480 2705 et
503 2653 643 2706 dicit
673 2672 686 2705 :

186 2720 270 2775 1‘2.
317 2723 603 2773 Benedices
631 2739 838 2773 coronae
866 2725 1007 2773 anni
1040 2723 1385 2787 benignitatis
1409 2727 1527 2772 tum.
1552 2721 1725 2782 Idest,

131 2797 360 2845 sanctos
387 2798 524 2845 tuos
538 2795 952 2859 remunerabis,
979 2795 1079 2857 qui
1100 2800 1166 2846 ut
1188 2805 1398 2845 corona
1412 2792 1620 2856 palmae
1643 2796 1729 2842 at-

130 2864 519 2925 quevictoriae
542 2865 692 2918 circa
713 2872 770 2918 te
795 2868 1052 2930 stabunt,
1070 2865 1241 2917 ettibi
1258 2864 1512 2916 victoriae
1524 2867 1728 2921 signum

131 2939 315 2987 erunt.
330 2936 441 2987 Vel
470 2936 634 2987 aliter
660 2950 673 2986 :
708 2939 988 2989 Coronam
1013 2937 1112 2988 ubi
1132 2936 1319 2997 audis,
1347 2935 1526 2999 gloria
1548 2934 1730 2985 victo-

134 3005 231 3057 ria;
249 3006 610 3071 designatur.
623 3009 799 3059 Vince
819 3007 1133 3072 diabolum,
1152 3006 1456 3059 etbabebis
1473 3020 1725 3054 coronam.

133 3080 335 3130 Annus
372 3091 512 3131 vero
550 3080 685 3143 quia
715 3080 1029 3144 perfectum
1067 3084 1296 3145 tempus
1341 3084 1451 3142 est,
1480 3077 1729 3142 spatium

133 3148 269 3200 vita:
287 3150 580 3213 signiﬁcat
604 3156 856 3204 mternaa.
871 3153 1087 3203 Corona
1110 3164 1247 3215 ergo
1259 3151 1397 3203 anni
1411 3154 1500 3201 est
1519 3151 1731 3211 perfecta

1835 1854 1951 1901 tam
1978 1862 2323 1912 voce,quam
2346 1852 2699 1899 menteznon
2723 1853 2840 1899 tam
2864 1850 3171 1900 verborum
3191 1854 3420 1911 strepitu,

1827 1933 2001 1983 quam
2025 1920 2214 1971 cordis
2238 1921 2466 1973 affectu.
2493 1920 2554 1970 in
2576 1919 3052 1981 laetitiainetrabili,
3080 1921 3417 1971 Clamabunt.

1826 1993 1896 2042 Et
1918 2005 2119 2043 eorum
2141 1991 2354 2043 clamor
2375 2004 2493 2041 non
2518 1991 2632 2041 nisi
2656 1989 2786 2042 laus
2802 1993 2905 2043 Dei
2920 1993 3043 2042 erit.
3061 1992 3195 2043 Ideo
3218 1995 3419 2043 subdit:

1828 2063 2044 2111 Etenim
2078 2064 2349 2126 hymnum
2393 2062 2585 2111 dicent.
2628 2062 2789 2113 Unde
2807 2061 2941 2113 alibi
2964 2062 3218 2113 dicitur:
3268 2063 3424 2115 Beati

1826 2133 1927 2194 qui
1956 2133 2219 2183 habitant
2252 2131 2311 2182 in
2339 2132 2510 2183 domo
2534 2136 2650 2195 tua,
2676 2132 2933 2192 Domine,
2960 2133 3019 2182 in
3046 2132 3237 2184 secula
3260 2146 3421 2185 secu-

1825 2202 2016 2254 lorum
2041 2202 2361 2254 laudabunt
2388 2206 2443 2253 te
2467 2201 2626 2261 (Psal.
2654 2201 2781 2264 83.).
2809 2204 2956 2266 Ergo
2978 2202 3320 2266 incipiamus
3340 2207 3422 2253 hic

1826 2274 2113 2338 hymnum
2136 2273 2324 2324 dicere
2349 2272 2588 2323 Domino
2611 2277 2829 2333 nostro,
2857 2277 3143 2335 quatenus
3180 2274 3422 2337 perfecte

1824 2344 1985 2395 illum
2008 2343 2238 2395 laudare
2265 2348 2589 2394 mereantur
2611 2343 2672 2393 in
2698 2343 2911 2394 futuro.
2938 2344 3044 2403 Qui
3073 2345 3228 2395 enim
3250 2344 3422 2397 modo

1826 2428 1947 2467 non
1968 2415 2187 2479 incipit,
2221 2427 2327 2466 nec
2348 2410 2719 2478 postmodum
2750 2413 3023 2465 laudabit.

2147 2501 2512 2565 TITULUS
2546 2502 2865 2565 PSALMI
2897 2503 3099 2567 LXV.

1896 2605 1936 2650 1.
1962 2603 2062 2648 Hoc
2075 2603 2220 2648 modo
2239 2601 2481 2663 psalmus,
2496 2604 2584 2659 qui
2598 2602 3140 2663 sequitur,intitulatur
3155 2615 3167 2651 :
3183 2602 3242 2649 In
3256 2602 3422 2663 ﬁnem

1830 2667 1943 2713 Can
1955 2663 2116 2710 ticum
2127 2661 2327 2725 psalmi
2346 2662 2767 2711 resurrectiOnis.
2785 2666 2834 2709 In
2850 2665 2940 2710 hoc
2964 2666 3159 2721 psalmo
3174 2661 3423 2723 proponi-

1828 2732 1907 2772 tur
1920 2727 2068 2773 nobis
2084 2726 2352 2784 canticum,
2367 2725 2427 2770 ad
2455 2726 2785 2771 exultandum
2802 2726 2860 2771 de
2874 2732 3039 2771 nostra
3055 2728 3423 2774 resurrectione

1827 2801 1979 2856 quam
2007 2789 2136 2856 Deus
2150 2788 2386 2856 omnibus
2409 2786 2461 2831 in
2472 2789 2669 2856 ﬁnem,-
2683 2787 2733 2856 id
2747 2793 2837 2856 est,
2864 2787 2915 2832 in
2930 2788 3423 2856 Christum_tenden-

1827 2851 1961 2896 tibus
1973 2850 2261 2908 cperabitur
2277 2848 2449 2908 (Rom.
2468 2851 2523 2905 8;
2541 2847 2685 2896 Phil.
2702 2848 2788 2907 3.).
2804 2849 2909 2901 Que
2942 2850 3238 2896 resurrectio
3262 2856 3423 2897 mate-

1830 2913 1905 2958 ria
1929 2912 2084 2969 hujus
2103 2912 2280 2969 psalmi
2298 2915 2386 2956 est.
2404 2911 2460 2955 In
2493 2911 2656 2969 prima
2689 2915 2826 2969 parte
2846 2911 3076 2957 admonet
3102 2925 3274 2959 omnes
3300 2926 3425 2971 gen-

1829 2980 1918 3032 tes,
1958 2980 2014 3019 ut
2057 2974 2220 3022 corde.
2250 2985 2366 3019 voce
2409 2979 2457 3018 et
2501 2987 2647 3031 opere
2694 2974 2845 3019 Deum
2877 2973 3145 3020 terribilem
3192 2974 3417 3031 laudent,

1827 3036 2118 3099 praedicent,
2153 3036 2429 3099 glorificent
2457 3039 2503 3099 et
2536 3035 2781 3099 adorent,
2804 3036 2859 3081 In
2892 3036 3111 3099 secunda
3132 3043 3269 3095 parte
3293 3036 3422 3099 (quae

1830 3094 2026 3156 incipit,
2053 3096 2230 3145 Venite
2259 3094 2501 3157 etvidete)
2523 3098 2837 3143 commendat
2866 3098 2947 3143 Dei
2964 3108 3115 3154 Opera
3136 3094 3244 3144 esse
3269 3094 3418 3144 terri-

1833 3161 1985 3207 bilia:
2021 3160 2107 3205 ubi
2145 3160 2450 3205 vocationem
2468 3160 2712 3220 gentium,
2741 3159 3195 3217 etreprobationem
3220 3161 3422 3206 Judieo-

137 3219 327 3282 gloria,
338 3204 645 3286 pertinens
667 3223 739 3274 ad
762 3228 1039 3275 aeternam
1063 3204 1261 3287 vitain,
1284 3234 1458 3285 quam
1488 3204 1730 3271 daturus
1758 3204 1807 3279 C
1832 3204 1945 3287 rura
1971 3204 3424 3287 designatlntertiaparté(quaeingipit,Benediiléﬁén-

142 3295 229 3340 est
252 3293 409 3343 Deus
460 3294 677 3344 sanctis
715 3295 837 3345 suis
861 3299 994 3359 post
1014 3294 1194 3357 hujus
1218 3294 1353 3346 vitae
1378 3291 1691 3343 certamina
1715 3304 1728 3339 :

140 3373 254 3413 non
275 3375 348 3414 ex
373 3364 600 3415 meritis
625 3378 840 3430 eorum,
856 3366 959 3418 sed
984 3380 1055 3417 ex
1078 3366 1475 3418 benedictione
1499 3369 1556 3416 et
1575 3368 1734 3425 gratia

144 3435 442 3486 sua.Unde
464 3440 521 3487 et
543 3436 803 3488 dicturus
838 3443 953 3489 est:
994 3439 1218 3497 Venite,
1244 3436 1527 3488 benedicti
1550 3436 1733 3487 Patris

140 3505 267 3564 mei,
292 3506 569 3570 percipite
589 3520 829 3571 regnum
853 3509 1008 3572 quod
1040 3509 1207 3560 vobis
1247 3512 1512 3573 paratum
1546 3510 1633 3557 est
1660 3507 1733 3557 ab

145 3576 353 3637 origine
377 3578 586 3629 mundi
624 3579 833 3641 (Matth.
860 3577 985 3641 25.).
1022 3583 1091 3631 Et
1112 3580 1241 3631 ideo
1269 3580 1460 3643 posuit
1484 3577 1735 3641 benigni-

149 3647 281 3709 talis,
311 3654 378 3700 ut
414 3648 599 3713 gratia
620 3651 722 3700 Dei
755 3652 1209 3713 commendetur,
1235 3655 1302 3701 ut
1324 3662 1493 3700 nemo
1521 3648 1591 3699 de
1616 3648 1735 3697 suis

149 3718 361 3771 meritis
395 3720 690 3784 glorietur.
714 3722 873 3771 Hanc
891 3726 1084 3773 autem
1102 3722 1555 3774 benediclionem
1580 3734 1737 3771 coro-

148 3798 250 3848 nae,
279 3803 455 3853 quam
474 3792 773 3856 praemisit,
788 3793 1093 3855 exequitur
1116 3806 1213 3857 per
1226 3798 1438 3858 partes,
1457 3806 1586 3845 cum
1601 3792 1735 3843 sub-

149 3858 331 3923 jungit
357 3877 369 3913 :
398 3862 468 3912 Et
494 3862 675 3926 campi
691 3866 767 3912 tut
790 3863 1135 3927 replebu-ntur
1155 3864 1408 3914 ubertate.

209 3928 290 3983 13.
314 3933 671 3996 Pinguescenl
698 3933 931 3997 speciosa
962 3934 1173 3984 deserti:
1213 3940 1258 3982 et
1283 3933 1611 3983 eacultalione
1633 3931 1739 3981 col-

153 3998 594 4067 lesaccingenlur.
626 4002 808 4067 [Vers.
837 4003 945 4067 14.]
966 4005 1153 4053 Induti
1175 4010 1302 4054 sunt
1326 4006 1513 4054 arietes
1535 4004 1735 4063 ovium,

152 4076 195 4119 et
215 4073 367 4123 valles
392 4074 748 4123 abundabunt
758 4076 1049 4138 frumento.
1066 4075 1213 4137 Quid
1232 4089 1333 4139 per
1356 4088 1607 4139 campos,
1624 4075 1739 4125 nisi

154 4140 560 4197 fructiﬁcantes
571 4145 761 4208 justos
772 4148 800 4197 ?
812 4145 959 4208 Quid
972 4158 1073 4210 per
1088 4146 1400 4206 desertum,
1417 4146 1530 4197 nisi
1542 4147 1739 4194 steriles

154 4220 475 4274 peccatores
499 4216 679 4268 voluit
702 4216 1006 4280 designare
1029 4219 1054 4266 ?
1077 4216 1368 4278 Quosdam
1387 4218 1581 4279 justos
1604 4214 1739 4264 insi-

154 4288 307 4347 nuat,
319 4286 489 4349 quasi
511 4300 744 4351 campos
761 4300 892 4339 esse
908 4287 1138 4348 Paulus,
1154 4288 1252 4338 ubi
1265 4288 1367 4340 ait:
1387 4289 1491 4339 Dei
1518 4290 1742 4343 agricul-

155 4356 278 4405 tura
293 4358 433 4408 estis
467 4357 541 4419 (1.
578 4358 696 4409 Cor.
722 4358 812 4421 3.).
840 4359 1092 4410 Attende
1115 4363 1331 4421 quanta
1358 4363 1497 4410 sunt
1519 4357 1742 4410 viscera

161 4422 364 4479 divina
379 4428 800 4482 misericordiae.
818 4432 1053 4494 Propter
1076 4442 1309 4494 campos
1332 4430 1485 4480 enim
1507 4442 1625 4480 non
1648 4429 1740 4480 de—

159 4496 286 4548 serit
308 4498 620 4552 desertum.
648 4503 880 4565 Propter
896 4503 1090 4564 justos
1105 4513 1223 4552 non
1242 4501 1462 4565 respuit
1486 4504 1745 4565 peccato-

157 4576 262 4639 res.
287 4568 419 4621 Illos
442 4570 681 4635 replebit
704 4572 984 4633 ubertate,
1016 4572 1069 4623 id
1089 4577 1195 4639 est,
1219 4577 1435 4624 aeterna
1450 4574 1735 4633 refectione,

158 4636 299 4710 {itaut
324 4642 823 4710 jamprwmissum
842 4646 955 4695 est:
976 4636 1417 4695 Inebriabuntur
1435 4644 1506 4694 ab
1522 4647 1738 4693 ubertate

160 4704 306 4779 3I8
348 4704 558 4764 domus
582 4715 715 4766 tuae.
740 4717 892 4766 Istos
936 4714 1312 4779 pinguescere
1357 4715 1524 4766 faciet
1545 4715 1742 4767 dulce-

160 4777 283 4851 dine
305 4784 504 4843 gratias
526 4798 668 4847 suae,
685 4791 749 4836 ut
768 4786 863 4837 ubi
875 4777 1192 4837 abundavit
1206 4792 1526 4849 peccatum,
1552 4799 1746 4851 super-

161 4848 406 4929 gbundet
416 4856 599 4929 gratia
618 4857 783 4919 (Rom.
803 4855 894 4920 5.).
914 4859 983 4929 Et
1005 4848 1343 4929 notandum,
1362 4848 1743 4922 quodnonuii,

164 4918 499 4986 Pinguescet
521 4918 833 4992 desertum,
855 4918 955 4980 sed
980 4929 1213 4992 speciosa
1236 4918 1426 4977 deserti
1438 4944 1449 4979 :
1469 4929 1604 4992 quia
1627 4918 1745 4980 non

163 4993 325 5062 lotam
346 5009 597 5049 massam
639 4999 1011 5062 peccatricem
1051 5000 1295 5051 salvabit
1317 5002 1492 5062 Deus,
1519 5000 1621 5051 sed
1646 5013 1745 5051 eos

161 5061 375 5134 tantum
400 5068 499 5130 qui
523 5079 557 5118 a
583 5068 849 5119 sordibus
872 5075 1089 5121 exeunt
1104 5070 1403 5129 vitiorum;
1430 5076 1485 5121 et
1510 5071 1744 5134 spetiosi

161 5128 298 5203 [lunt
318 5128 447 5198 fide,
478 5151 709 5191 morum
740 5140 1064 5203 honestate,
1106 5146 1163 5192 et
1205 5141 1408 5193 decore
1446 5128 1741 5193 virtutum.

161 5199 257 5276 Yel
266 5217 365 5268 per
387 5210 646 5273 speciosa
670 5211 880 5264 deserti
904 5199 1175 5264 Ecclesia:
1209 5213 1469 5275 gentium
1500 5217 1744 5276 possunt

167 5269 562 5347 ﬁguram—quas
587 5285 729 5333 tunc
751 5282 960 5347 pingue
971 5287 1151 5346 scent,
1169 5269 1399 5346 quando
1420 5269 1612 5334 omnia
1627 5295 1747 5345 per-

171 5339 303 5395 fecte
316 5339 630 5403 habebunt.
656 5339 776 5404 Erit
791 5339 943 5404 enim
976 5339 1357 5405 Deus'o-mnta
1387 5353 1445 5403 in
1472 5339 1744 5404 omnibus

165 5411 363 5489 (P'Phes.
403 5421 491 5486 4.),
538 5435 647 5474 nec
682 5425 867 5476 sancti
906 5425 1152 5489 Spiritus
1198 5424 1348 5475 dona
1390 5423 1739 5475 dividentur.

163 5480 258 5533 Per
279 5480 663 5545 colles'autem
675 5495 855 5559 accipi
877 5480 1123 5559 possunt
1146 5495 1327 5546 sancti
1341 5499 1743 5559 martyres,qui

164 5558 388 5633 genitus,
414 5562 471 5613 id
488 5567 596 5628 est,
618 5558 1019 5627 justisvirtute
1034 5565 1415 5630 pmeminent
1438 5558 1741 5629 passionis.

256 5620 406 5691 sunt,
427 5635 524 5697 qui
542 5620 826 5687 venerunt
837 5649 907 5687 ex
920 5620 1132 5701 magna
1146 5620 1522 5697 tribulationem
1532 5636 1718 5700 poc.7.)
1732 5675 1744 5688 .

166 5692 287 5771 ideo
309 5692 508 5756 merito
522 5706 913 5771 accingentur,
938 5708 995 5758 id
1018 5692 1130 5771 ast,
1143 5720 1215 5759 ex
1240 5708 1395 5757 omni
1421 5692 1596 5771 parte,
1626 5692 1745 5759 tam

162 5774 218 5842 lt!
244 5772 447 5838 anima,
473 5777 722 5839 quamin
744 5790 978 5842 corpore
997 5778 1745 5830 circumdabanturaxulta—

164 5835 321 5894 tione.
345 5835 516 5906 Quasi
540 5835 1165 5915 quoddam-cingulum
1198 5849 1304 5903 erit
1334 5849 1417 5902 eis
1443 5850 1742 5915 sempiter-

1835 3283 1918 3343 les)
1944 3283 2195 3343 admouet,
2232 3289 2287 3328 ut
2310 3284 2603 3329 benedicant
2624 3286 2791 3342 gentes
2818 3285 2967 3329 Deum
3001 3296 3150 3329 suum
3184 3296 3273 3342 pro
3300 3288 3427 3330 totet

1837 3346 1986 3391 tantis
2002 3345 2099 3391 sibi
2121 3345 2315 3392 collatis
2340 3346 2598 3391 beneficiis
2623 3359 2634 3393 :
2666 3351 2768 3391 tum
2782 3346 2905 3404 quia
2924 3347 3119 3392 animas
3141 3359 3170 3391 a
3191 3351 3345 3392 morte
3366 3345 3425 3391 li-

1835 3408 1990 3462 berat,
2019 3412 2172 3465 atque
2211 3409 2262 3452 in
2308 3408 2439 3452 bono
2477 3420 2796 3465 perseverare
2834 3408 2986 3453 facit:
3033 3415 3135 3453 tum
3174 3409 3297 3466 quia
3321 3410 3430 3465 post

1836 3470 2148 3528 tentationes,
2184 3474 2230 3514 et
2261 3468 2575 3526 probationes
2622 3470 2825 3529 multas,
2861 3470 2913 3514 in
2946 3474 3187 3515 internum
3226 3470 3427 3527 refrige-

1832 3540 1968 3586 rium
1990 3540 2235 3599 perducit,
2262 3539 2349 3584 ubi
2380 3552 2576 3596 semper
2599 3540 2876 3597 gaudeant:
2916 3545 2963 3584 et
2984 3544 3098 3585 vota
3123 3552 3233 3593 sua,

1836 3624 1948 3669 qua)
1970 3610 2053 3656 hic
2070 3610 2384 3669 inceperunt,
2413 3611 2506 3655 Deo
2518 3623 2610 3655 suo
2634 3610 2701 3655 ibi
2720 3609 2933 3667 perfer-te
2957 3610 3169 3658 solvant.
3186 3607 3238 3657 1n
3259 3616 3433 3669 quarta

1836 3676 1974 3731 parte
2012 3671 2122 3727 (ubi
2162 3672 2361 3732 dicitur,
2410 3670 2609 3731 Venite,
2641 3670 2844 3731 audite)
2871 3673 3102 3729 proponit
3125 3673 3345 3729 seipsum
3376 3673 3430 3717 in

1835 3734 2136 3791 exemplum.
2174 3734 2454 3790 praedicans
2476 3733 2626 3789 bona,
2650 3748 2763 3792 quae
2796 3734 2977 3779 anima:
2995 3749 3099 3780 sua:
3125 3733 3235 3779 fecit
3262 3735 3426 3780 Domi-

1837 3810 1950 3844 nus.
1970 3797 2025 3841 Et
2050 3795 2169 3854 quia
2190 3796 2253 3841 ad
2278 3796 2423 3840 illum
2450 3808 2533 3841 ore
2558 3796 3124 3842 etcordeclamavitsine
3146 3796 3427 3854 iniquitate.

1826 3863 2099 3917 .propterea
2115 3858 2372 3903 exaudivit
2396 3858 2542 3906 Deus.
2567 3860 2621 3904 In
2649 3871 2749 3916 quo
2786 3871 2879 3904 nos
2909 3859 3149 3915 hortatur,
3174 3864 3227 3904 ut
3245 3858 3433 3904 simili-

1840 3926 1912 3966 ter
1938 3920 2179 3965 faciamus
2207 3932 2217 3963 :
2245 3924 2495 3978 quatenus
2512 3921 2574 3964 ab
2600 3920 2710 3976 ipso
2726 3920 3119 3979 exaudiriatque
3141 3921 3254 3978 ejus
3281 3921 3435 3966 mise-

1837 3982 2059 4029 cordiam
2097 3982 2337 4039 consequi
2368 3994 2666 4029 mereamur.
2694 3983 2808 4027 Haec
2830 3988 2901 4027 est
2935 3983 3145 4029 intentio
3170 3987 3215 4027 et
3241 3983 3434 4029 utilitas

1840 4044 2239 4106 hujuspsalmi.
2283 4042 2419 4087 Unde
2446 4044 2703 4106 sub__voce
2738 4044 3010 4101 primitivaa
3052 4044 3303 4106 Ecclesiw,
3327 4046 3433 4091 sive

1839 4105 2106 4163 cujuslibet
2130 4104 2332 4163 perfecti
2364 4116 2499 4149 nunc
2536 4103 2720 4149 dicitur
2747 4118 2756 4147 :

2304 4187 2709 4251 PSALMUS
2756 4189 2962 4253 LXV.

1902 4286 1955 4340 ΕΖ.
1977 4286 2210 4336 Jubilate
2242 4287 2347 4336 Deo
2385 4286 2561 4334 omnis
2587 4291 2747 4334 terra.
2784 4286 2845 4336 Id
2869 4288 2976 4349 est,
3009 4286 3082 4337 de
3105 4287 3261 4338 omni
3286 4292 3435 4341 terra

1839 4360 2042 4421 gentes
2066 4368 2377 4418 conversae,
2402 4355 2653 4407 Jubilate
2676 4358 2796 4407 Deo
2822 4357 3034 4407 mentis
3058 4358 3430 4420 exultatione,

1840 4428 2060 4490 Videte,
2097 4426 2585 4491 quemadmodum
2620 4428 3059 4478 commendetur
3083 4428 3433 4480 universitas

1838 4499 2108 4550 Ecclesiae
2126 4504 2246 4551 toto
2262 4500 2397 4550 orbe
2412 4498 2656 4557 diti‘usze,
2687 4511 2819 4548 cum
2844 4500 3029 4546 dicitur
3057 4499 3244 4548 Omnis
3268 4505 3431 4549 terra.

1846 4571 1953 4622 Sed
1998 4571 2104 4634 (Ea:
2147 4569 2467 4633 Augustino)
2510 4569 2645 4631 quid
2693 4573 2799 4631 est,
2847 4567 3115 4621 Jubilate?
3170 4573 3237 4621 In
3292 4582 3434 4622 voce

1758 4614 1815 4687 D
1845 4614 2126 4704 erumpite
2150 4614 2491 4705 gaudiorum
2515 4614 2567 4689 si
2593 4651 2710 4689 non
2726 4614 2966 4702 potestis
2990 4614 3316 4692 verborum:
3330 4644 3434 4689 Non

1842 4713 1994 4764 enim
2018 4713 2261 4762 verbum
2273 4710 2569 4773 jubilatur.
2597 4709 2697 4761 sed
2712 4710 2871 4762 solus
2890 4711 3265 4774 gaudentium
3283 4712 3439 4763 soni-

1846 4789 1941 4835 tus
1964 4781 2235 4841 redditur,
2262 4781 2428 4842 quasi
2461 4780 2836 4844 parturientis
2864 4787 2921 4833 et
2943 4783 3215 4845 parientis
3231 4795 3315 4834 cor
3329 4782 3437 4835 dis.

1844 4853 2096 4912 Jubilate,
2146 4852 2350 4915 inquit,
2386 4850 2445 4902 id
2482 4856 2587 4914 est,
2627 4852 2687 4902 in
2722 4864 2862 4904 voce
2887 4853 3225 4905 reilaetitiam
3249 4855 3438 4906 conci-

1844 4925 1979 4989 pite,
1994 4936 2127 4986 quas
2151 4923 2344 4975 verbis
2357 4923 2626 4987 explicari
2650 4936 2768 4975 non
2788 4927 2963 4984 possit.
2985 4924 3268 4975 Psalmum
3282 4926 3439 4975 dicite

1844 4996 2062 5045 nomini
2085 4995 2199 5059 ejus
2224 5009 2236 5044 :
2265 4995 2385 5043 date
2410 4994 2646 5057 gloriam
2696 4994 2852 5043 laudi
2895 4995 3023 5059 ejus.
3072 4998 3316 5049 Psallere
3349 5002 3439 5049 est

1845 5078 2125 5131 organum
2148 5066 2320 5117 etiam
2343 5078 2659 5129 assumere,
2685 5066 2840 5129 quod
2865 5066 3196 5130 psalterium
3213 5069 3435 5130 dicitur,

1844 5141 1900 5188 et
1928 5138 2097 5201 pulsu
2121 5141 2296 5200 atque
2321 5150 2489 5201 opere
2513 5149 2796 5189 manuum
2811 5138 3049 5191 vocibus
3073 5140 3435 5191 concordare.

1845 5209 1901 5260 Si
1930 5222 2066 5273 ergo
2086 5208 2366 5272 jubilatis,
2414 5208 2569 5271 quod
2592 5211 2751 5260 Deus
2778 5210 2989 5269 audiat,
3019 5210 3241 5273 psallite
3264 5210 3435 5260 etiam

1844 5280 1998 5343 quod
2020 5280 2288 5331 homines
2316 5279 2568 5341 videant,
2590 5282 2645 5331 et
2667 5280 2933 5331 audiant:
2955 5280 3056 5331 sed
3079 5293 3197 5331 non
3219 5280 3436 5331 nomini

1843 5356 2053 5404 vestro.
2079 5353 2287 5403 Cavete
2320 5351 2475 5402 enim
2493 5350 2676 5401 facere
2682 5350 2968 5413 justitiam
2981 5354 3437 5402 vestramcoram

1842 5422 2195 5481 hominibus,
2220 5426 2285 5473 ut
2307 5421 2615 5473 videamini
2638 5423 2711 5473 ab
2736 5422 2820 5472 eis
2854 5421 3060 5483 (Matth.
3088 5420 3341 5483 6.).Quid
3366 5426 3440 5469 est

1843 5493 2134 5556 psalmum
2158 5493 2329 5545 dicite
2345 5498 2369 5545 .9
2384 5492 2800 5557 exponitnobis
2824 5490 3221 5555 Evangelium,
3240 5493 3329 5540 ubi
3342 5493 3437 5541 ait:

1844 5566 2057 5616 Luceat
2097 5566 2200 5615 lux
2245 5571 2438 5617 vestra
2482 5577 2675 5615 coram
2716 5563 3046 5614 hominibus
3088 5562 3304 5625 (Meum.
3344 5561 3436 5620 5.).

1843 5636 2007 5696 Quod
2026 5640 2223 5687 autem
2248 5636 2340 5687 hic
2365 5635 2652 5695 subditur,
2675 5636 2809 5684 Date
2859 5633 3092 5698 gloriam
3118 5634 3276 5682 laudi
3305 5634 3438 5698 ejus,

1842 5707 1953 5758 hoc
1998 5708 2074 5758 ibi
2112 5707 2479 5758 manifestius
2525 5705 2861 5768 declaratur,
2897 5718 3028 5756 cum
3051 5705 3435 5757 subinfertur:

1842 5781 1918 5831 Ut
1946 5779 2210 5831 videntes
2247 5790 2419 5843 opera
2440 5781 2635 5829 vestra
2678 5778 2850 5838 bona,
2872 5776 3191 5841 gloriﬁcent
3214 5780 3438 5840 patrem

1844 5851 2124 5914 vestrum,
2138 5849 2239 5914 qui
2268 5849 2330 5901 in
2363 5848 2519 5901 caelis
2543 5851 2635 5900 est
2670 5847 2866 5911 (Ibid).
2893 5846 2992 5901 Ille
3005 5846 3164 5901 laudi
3188 5848 3293 5900 Dei
3316 5847 3439 5910 glo-
