3880 6222
507 263 615 319 903

1562 265 1829 317 RUFINO
1865 264 2325 317 PRESBYTERO
2361 265 2747 317 ASCRIPTUS
3742 267 3823 321 90:

501 376 644 427 riam
674 376 793 451 dat,
820 376 988 437 cujus
1011 376 1163 451 bona
1193 376 1487 451 vitacuin
1496 378 1510 451 ζ
1518 383 1675 451 recta
1697 377 2103 451 praedicatione
2128 382 2181 451 Α
2208 391 2369 451 super
2388 376 2530 438 ﬁlios
2555 378 2859 451 hominum.
2905 379 3143 451 Et_v_ere
3178 376 3480 451 terribilis.
3508 379 3673 451 Ecce
3692 380 3822 429 enim

500 448 832 499 concordat.
860 448 1091 498 Nomini
1115 447 1343 497 Domini
1366 448 1576 511 psallit,
1594 462 1726 500 cum
1745 450 1803 500 in
1817 450 1966 501 bono
1978 462 2102 512 ope-

2210 448 2440 499 cmeitas
2464 461 2537 499 ex
2561 453 2719 511 parte
2747 448 2808 499 in
2832 448 3003 500 Israel
3034 449 3184 499 facta
3215 454 3324 500 est.
3356 450 3513 500 Ecce
3538 448 3746 501 Judaei
3771 464 3823 500 ει

496 531 576 579 re,
603 519 757 581 quod
786 519 922 581 agit,
949 531 1065 569 non
1084 530 1267 579 suam,
1291 518 1391 569 sed
1417 520 1645 570 Domini
1662 520 1894 572 laudem
1908 522 2101 582 requi-
2199 518 2410 581 quibus
2437 524 2613 570 natus
2637 524 2725 570 est
2749 520 3033 582 Christus,
3060 520 3197 571 foris
3224 526 3383 571 sunt.
3420 522 3582 571 Ecce
3602 521 3819 573 Gentes.

498 590 586 639 rit.
625 589 850 640 Psallite
880 602 1014 653 ergo
1037 588 1252 639 nomini
1284 590 1430 652 ejus,
1449 602 1568 640 non
1587 596 1790 642 vestro.
1812 593 1929 642 Vos
1946 593 2095 655 psal-

494 658 611 715 lite.
629 659 719 709 ille
747 658 1030 709 laudetur.
1064 660 1179 709 Vos
1202 660 1349 711 bene
1373 660 1570 719 vivite,
1595 661 1689 711 ille
1727 661 2094 724 gloriﬂcetur.

498 730 700 780 Totam
746 730 1125 780 intentionem
1159 736 1414 781 nostram
1440 731 1499 781 in
1522 731 1752 783 laudem
1776 733 1879 783 Dei
1900 734 2093 785 mittit.

496 800 647 850 Nihil
676 800 843 850 nobis
866 799 1020 851 unde
1045 800 1332 863 laudetur,
1356 801 1603 864 reliquit.
1624 803 1750 853 Non
1766 803 1893 854 vult
1914 806 2093 869 Deus,

496 875 561 922 ut
588 870 895 935 gloriemur
919 871 978 922 in
1001 872 1189 934 nobis,
1213 886 1288 923 ne
1318 873 1395 923 sit
1426 873 1605 937 gloria
1634 886 1785 925 vana
1803 892 1814 923 :
1834 875 1935 925 sed
1949 876 2092 939 vult,

2198 603 2330 654 quae
2365 595 2564 643 contra
2606 590 2872 642 Judaeum
2909 596 3092 653 erant,
3119 591 3181 641 in
3205 591 3442 642 Christo
3469 591 3652 641 intus
3686 596 3818 641 sunt.

2197 664 2499 743 Propterea
2539 662 2679 726 quid
2706 662 2841 714 fecit
2878 666 3092 714 terrore
3134 662 3368 715 consilii
3391 663 3538 713 sui?
3566 661 3818 727 sequitur

2196 734 2448 862 “(3.13.55
2481 803 2735 853 convertit
2764 818 2912 853 mare
2944 804 3003 853 in
3028 804 3273 853 aridam.
3310 803 3486 855 Mare
3510 807 3645 855 erat
3668 817 3812 854 mimo

2193 882 2323 927 aus.
2357 878 2605 926 Amarus
2635 875 2891 927 salsitate
2919 874 3066 938 (Ant.
3103 875 3404 939 falsitate],
3445 874 3813 926 turbulentus

494 947 561 993 ut
595 942 905 1006 gloriemur
932 942 993 994 in
1022 943 1207 1006 nobis,
1246 948 1315 995 ut
1344 944 1422 995 sit
1454 943 1635 1009 gloria
1656 958 1817 998 sana.
1850 946 2014 999 Unde
2038 952 2094 1000 et
2194 949 2552 1009 tempestate,
2582 946 3653 1011 saeviensﬂuctibusperseeutionum.
3681 947 3807 997 Mart

495 1014 764 1066 subditur
789 1028 802 1065 :

554 1106 600 1153 3.
641 1103 803 1151 Dicite
834 1103 957 1166 Deo,
988 1104 1166 1162 Quam
1211 1103 1474 1153 terribilia
1511 1111 1637 1155 sunt
1664 1120 1828 1171 opera
1866 1112 1963 1156 tua
1984 1107 2086 1158 Do-

491 1173 665 1223 mine!
684 1173 844 1226 Unde
860 1174 1126 1223 terribilia
1138 1178 1166 1225 ‘t
1185 1176 1329 1237 Quia
1342 1176 1572 1228 caacitas
1583 1189 1655 1228 ex
1673 1183 1831 1241 parte
1844 1178 1903 1230 in
1914 1179 2089 1231 Israel

489 1244 639 1295 facta
662 1247 770 1308 est,
796 1250 860 1296 ut
883 1246 1178 1310 plenitudo
1199 1248 1471 1299 Gentium
1486 1248 1727 1300 intraret
1748 1250 1917 1307 (Rom.
1949 1250 2078 1313 11.).

490 1315 673 1380 Magis
699 1329 834 1380 ergo
859 1317 1202 1381 terreamini,
1216 1318 1349 1381 quia
1365 1319 1574 1370 videtis
1586 1332 1776 1371 ramos
1792 1322 2085 1373 naturales

490 1388 793 1449 amputari.
838 1388 1030 1440 Judaei
1065 1390 1237 1453 enim,
1272 1390 1371 1452 qui
1412 1402 1511 1455 per
1534 1391 1888 1443 Patriarchas
1912 1405 2085 1444 vene-

491 1463 643 1517 runt,
671 1458 741 1509 de
766 1471 934 1510 carne
962 1460 1210 1512 Abrahm
1231 1461 1351 1511 nati
1369 1464 1522 1512 sunt.
1556 1463 1625 1512 Et
1643 1462 1781 1525 quid
1793 1462 1874 1514 ait
1895 1464 2076 1527 Apos-

488 1528 643 1578 tolus
665 1532 692 1579 εὶ
726 1530 833 1581 Sed
858 1530 1019 1594 dicis,
1058 1531 1240 1581 Fraeti
1265 1536 1401 1582 sunt
1422 1532 1585 1594 rami,
1612 1537 1679 1583 ut
1701 1545 1807 1596 ego
1822 1533 2041 1585 inserar
2064 1551 2078 1583 :

489 1600 656 1649 Bene.
693 1602 923 1665 Propter
946 1601 1405 1653 incredulitatem
1430 1602 1563 1653 facti
1586 1608 1754 1655 sunt:
1797 1608 1861 1655 tu
1883 1609 2085 1669 autem

485 1669 711 1733 (inquit)
762 1671 872 1722 ﬂde
910 1676 1047 1724 stas.
1086 1672 1210 1723 Noli
1253 1673 1437 1724 altum
1478 1685 1692 1737 sapere,
1721 1675 1821 1726 sed
1845 1676 1999 1728 time.
2025 1676 2080 1727 Si

2190 1019 2331 1080 erat,
2378 1017 2437 1067 in
2472 1016 2693 1067 aridam
2730 1028 3044 1081 conversus
3081 1021 3193 1069 est.
3231 1016 3412 1067 Modo
3455 1016 3591 1067 sitit
3611 1029 3808 1080 aquam

2189 1086 2418 1138 dulcem
2440 1088 2720 1151 mundus,
2745 1088 2845 1151 qui
2868 1088 3020 1139 salsa
3049 1088 3261 1151 plenus
3293 1093 3451 1139 erat.
3494 1088 3669 1139 Unde
3693 1088 3809 1138 dicit

2187 1156 2359 1208 alibi:
2394 1158 2603 1209 Anima
2640 1171 2766 1210 mea
2805 1158 2954 1210 sicut
2995 1163 3150 1210 terra
3173 1159 3301 1210 sine
3326 1172 3499 1223 aqua
3525 1161 3635 1211 tibi
3658 1161 3801 1222 (Psat.

2188 1227 2349 1291 142.).
2378 1228 2463 1279 Illi
2490 1229 2599 1293 ipsi
2626 1230 2798 1292 quiin
2830 1229 3047 1280 aridam
3072 1234 3212 1281 sunt
3234 1231 3551 1294 conversi,
3578 1244 3715 1282 cum
3743 1244 3805 1282 es-

2186 1303 2317 1350 sent
2357 1303 2529 1350 antea
2566 1299 2765 1359 amari,
2812 1299 2875 1348 In
2923 1300 3152 1362 ﬂumine
3190 1302 3639 1364 pertransibunt
3678 1303 3802 1365 pede.

2184 1371 2427 1422 Flumen
2451 1375 2541 1421 est
2566 1370 2673 1432 (Ex
2702 1370 2857 1433 Aug.)
2874 1371 3060 1421 omnis
3076 1370 3413 1423 mortalitas
3442 1373 3655 1424 seculi.
3674 1374 3802 1425 More

2182 1441 2339 1492 enim
2364 1441 2621 1492 ﬂuminis
2652 1440 2763 1491 alia
2785 1440 2943 1497 venit
2967 1446 3026 1492 et
3071 1443 3297 1503 transit,
3340 1443 3468 1494 alia
3506 1444 3803 1495 transitura

2181 1512 2456 1563 succedit.
2483 1511 2629 1573 Quid
2654 1512 2714 1562 in
2740 1513 2889 1563 terra
2910 1513 3190 1576 nascitur,
3216 1517 3310 1565 et-
3328 1518 3596 1566 manat?
3621 1516 3802 1567 Omnis.

2180 1583 2277 1645 qui
2307 1587 2480 1634 natus
2504 1588 2612 1641 est,
2638 1582 2802 1635 cedat
2835 1581 2887 1649 3
2899 1581 2984 1650 2|
3028 1588 3255 1647 oportet
3291 1586 3638 1637 nascituro.
3675 1588 3799 1650 Ergo

2179 1654 2369 1705 omnis
2393 1655 2502 1706 iste
2524 1654 2665 1706 ordo
2693 1665 2882 1706 rerum
2908 1654 3221 1706 labentium
3246 1657 3431 1719 quasi
3450 1657 3680 1708 ﬂuvius
3709 1664 3798 1708 est

483 1724 639 1791 enim
668 1724 820 1793 Deus
840 1743 1201 1794 naturalibus
1240 1744 1416 1795 ramis
1449 1724 1568 1795 non
1591 1724 2081 1809 pepercissent;
2111 1726 2259 1809 B1,?”
2275 1724 2896 1809 ξδῗήαηὲίθυνίνξηὲίξε
3124 1726 3335 1809 ἓξίίωδι
3371 1727 3619 1792 cupida!
3651 1728 3797 1809 Pe}?-

484 1810 587 1861 tibi
620 1817 813 1877 parcet
850 1814 1039 1876 (ibid).
1087 1814 1451 1866 Attendendo
1486 1826 1623 1879 ergo
1648 1829 1839 1869 ramos
1874 1816 2083 1870 fractos

482 1886 541 1932 et
568 1887 622 1933 te
649 1883 954 1947 insertum,
982 1885 1097 1936 noli
1118 1886 1314 1937 extolli
1341 1899 1515 1949 super
1537 1898 1728 1939 ramos
1752 1888 1965 1940 fractos
1980 1889 2082 1941 sed

478 1954 666 2024 magis
694 1972 706 2003 :
734 1956 902 2004 Dicite
928 1957 1053 2019 Deo,
1081 1957 1258 2014 Quam
1302 1957 1571 2007 terribilia
1612 1964 1739 2008 sunt
1779 1974 1941 2024 Opera
1968 1965 2079 2018 tua,

483 2023 729 2076 Domine.
763 2027 924 2078 Time
948 2027 1104 2078 illum
1129 2027 1190 2078 in
1217 2028 1562 2079 terribilibus
1588 2023 1857 2095 operibus
1875 2032 2082 2095 suis,et

480 2094 597 2146 noli
627 2098 939 2160 superbire,
960 2099 1094 2161 quia
1118 2101 1172 2148 te
1192 2098 1250 2148 in
1273 2100 1456 2149 altum
1481 2094 1826 2152 vocavitme
1844 2101 1944 2152 tibi
1961 2115 2081 2153 non

482 2172 694 2227 parcat,
713 2168 809 2230 qui
822 2181 1010 2219 ramos
1033 2169 1324 2219 naturales
1340 2169 1599 2220 abscidit.
1617 2173 1872 2231 Quorum
1886 2174 2077 2224 absci-

483 2236 569 2287 sio
591 2237 1038 2301 demonstratur,
1051 2251 1185 2290 cum
1209 2239 1499 2290 subditur:
1517 2240 1583 2288 In
1600 2241 1946 2292 multitudine
1964 2244 2077 2292 vir-

481 2308 610 2380 tutis
636 2314 774 2380 tuae,
812 2309 977 2372 idest,
1005 2310 1081 2380 in,
1107 2310 1305 2380 multis
1346 2310 1659 2361 virtutibus
1682 2316 1739 2363 et
1763 2313 2073 2365 miraculis.

475 2378 805 2427 Mcntientur
854 2380 948 2427 tibi
1188 2377 1407 2430 inimici
1440 2382 1540 2443 tui,
1566 2381 1717 2433 idest
1738 2384 1949 2445 Judaei,
1976 2386 2076 2448 qui

473 2451 853 2514 praerogative
876 2450 1102 2502 dicendi
1128 2470 1138 2499 :
1171 2452 1554 2503 suntinimici.
1580 2454 1647 2503 Et
1659 2466 1733 2504 ex
1756 2456 1863 2506 hoc
1886 2457 2075 2519 magis

476 2520 635 2584 digni
670 2522 1063 2585 reprobatione
1098 2522 1349 2583 fuerunt,
1372 2523 1507 2586 quia
1531 2523 1682 2576 inter
1707 2528 1793 2576 tot
1828 2528 2074 2577 virtutes

477 2595 535 2641 et
583 2591 859 2644 miracula
889 2606 1020 2644 cum
1045 2593 1277 2645 credere
1300 2593 1657 2657 debuissent,
1683 2595 1961 2648 increduli
1987 2610 2070 2649 re-

476 2665 834 2713 manserunt.
863 2664 1078 2716 Mentiti
1106 2669 1245 2716 sunt
1269 2664 1711 2727 autem,falsum
1732 2669 2072 2716 testimonium

476 2731 548 2783 de
575 2732 797 2784 Christo
822 2734 1081 2787 dicentes
1105 2752 1116 2783 :
1140 2748 1351 2800 corpus
1374 2736 1501 2799 ejus
1524 2735 1595 2787 de
1633 2737 1894 2801 sepulcro
1919 2738 2072 2790 fura-

398 2804 411 2818 '
482 2808 606 2855 tum
640 2804 994 2858 aﬂlrmantes
1020 2808 1229 2869 (Matth.
1271 2805 1381 2869 28.)
1418 2823 1429 2857 :
1462 2809 1941 2861 resurrectionem
1968 2823 2070 2861 ne-

479 2879 699 2936 gentes.
727 2878 796 2927 Et
821 2877 989 2928 valde
1013 2876 1333 2929 notandum
1358 2881 1468 2940 est,
1499 2878 1653 2941 quod
1678 2891 1808 2930 cum
1836 2880 2069 2943 diceret,

473 2946 818 3011 Mentientur,
833 2949 1103 3000 continuo
1119 2948 1342 2999 addidit
1356 2948 1470 3005 tibi.
1485 2948 1736 3012 idest,ad
1749 2950 2068 3014 profectum

475 3020 661 3067 tuum.
689 3018 1048 3070 Mendacium
1060 3020 1216 3070 enim
1228 3018 1564 3071 Judmorum
1581 3019 1654 3071 ad
1671 3022 2075 3073 commendan-

473 3086 607 3138 dam
629 3088 871 3140 multam
895 3090 1210 3154 potentiam
1238 3094 1397 3142 tuam
1423 3091 1663 3142 valebat.
1682 3093 1867 3152 Quare
1884 3092 2073 3144 solent

472 3156 636 3208 inimi
659 3161 841 3211 nostri
865 3162 1130 3212 mentiri?
1174 3164 1247 3213 Ut
1291 3163 1611 3224 potentiam
1654 3165 1935 3225 cujusque
1958 3163 2070 3212 mi-

2183 1795 2480 1856 Quomodo
2504 1808 2640 1861 ergo
2663 1794 2903 1847 transiet
2923 1794 3347 1848 delectationes
3373 1810 3586 1849 rerum
3612 1801 3801 1864 peritu-

2182 1868 2401 1917 raruml
2430 1866 2636 1918 Credat
2662 1866 2722 1917 in
2749 1865 3059 1931 Christum,
3090 1872 3147 1919 et
3169 1867 3268 1919 illo
3294 1868 3463 1921 duce
3493 1869 3559 1921 in
3581 1870 3795 1920 ﬂumine

2182 1938 2552 2002 pertransibit
2575 1938 2738 2003 pede.
2787 1936 2933 1999 Quid
2976 1942 3068 1990 est
3100 1937 3250 2004 pede
3280 1940 3603 1992 transire?
3630 1941 3795 1992 Facile

2180 2010 2441 2061 transire.
2469 2010 2595 2061 Non
2618 2011 2826 2073 qumrit
2850 2022 3085 2074 equum,
3102 2013 3479 2063 uttranseat.
3505 2013 3631 2063 Non
3645 2012 3796 2076 erigi-

2183 2083 2275 2131 tur
2296 2080 2562 2144 superbia
2572 2081 2644 2131 ad
2670 2079 3089 2133 transeundum
3105 2081 3349 2132 ﬂumen.
3365 2083 3634 2133 Humilis
3647 2091 3794 2131 trans-

2177 2150 2239 2210 it,
2265 2156 2323 2203 et
2344 2151 2366 2179 "
2394 2152 2563 2202 citius
2586 2153 2809 2203 transit.
2834 2153 2957 2204 Hoc
2978 2152 3153 2203 etiam
3173 2151 3355 2215 juxta
3380 2152 3647 2205 litteram
3676 2159 3729 2204 et
3746 2153 3795 2202 in

2178 2222 2358 2274 veteri
2403 2223 2613 2287 populo
2652 2223 2931 2274 Dominus
2965 2223 3130 2274 fecit:
3161 2223 3266 2273 sed
3303 2224 3479 2275 sicut
3502 2224 3793 2288 Apostolus

2176 2292 2316 2344 dicit
2337 2294 2533 2345 omnia
2562 2294 2621 2344 in
2639 2293 2825 2357 ﬁgura
2847 2293 3266 2356 contingebant
3295 2294 3421 2345 illis
3441 2294 3521 2358 (1'
3545 2293 3793 2348 Cos-.10.“.

2176 2365 2245 2415 Et
2271 2364 2589 2415 notandum
2602 2364 2755 2428 quod
2772 2376 2888 2415 non
2901 2363 3380 2425 aitTransibunt,
3400 2365 3515 2416 sed
3535 2366 3796 2415 Pertrans-

2175 2434 2349 2486 ibunt.
2402 2438 2467 2486 In
2503 2435 2740 2487 ﬂumine
2785 2435 2937 2486 enim
2986 2434 3132 2499 pede
3169 2436 3456 2497 transire,
3511 2438 3676 2488 estin
3700 2436 3795 2486 hac

2173 2505 2520 2558 mortalitate
2545 2505 2831 2557 humiliter
2853 2509 2910 2557 et
2934 2505 3271 2570 simpliciter
3297 2506 3576 2558 vivendo
3596 2507 3666 2558 ad
3696 2520 3795 2558 ca?-

2173 2575 2340 2627 lestia
2374 2576 2659 2629 festinare.
2686 2578 3032 2628 Pertransire
3066 2588 3222 2637 vero,
3258 2582 3357 2628 est
3383 2591 3630 2630 cursum
3656 2583 3795 2629 recte

2173 2648 2404 2699 vivendi
2431 2650 2578 2700 bene
2603 2648 2900 2700 moriendo
2928 2648 3113 2699 linire.
3140 2650 3561 2701 Pertransibat
3574 2662 3792 2713 quoque

2172 2717 2383 2770 Paulus
2407 2732 2539 2770 cum
2566 2719 2810 2771 diceret:
2828 2721 3052 2770 Bonum
3074 2723 3383 2771 certamen
3409 2721 3658 2780 certavi,
3675 2733 3790 2771 cur-

2173 2802 2305 2841 sum
2329 2792 2753 2849 consummavi,
2779 2789 2951 2841 ﬂdem
2970 2790 3213 2841 servavi.
3236 2792 3322 2842 De
3344 2797 3574 2844 cetero
3591 2796 3791 2853 reposita

2170 2866 2261 2911 est
2288 2861 2428 2912 mihi
2452 2874 2663 2913 corona
2677 2862 2939 2926 justitiaa,
2958 2873 3136 2924 quam
3151 2860 3368 2913 reddet
3383 2863 3542 2914 mihi
3563 2866 3792 2912 Dominus

2170 2931 2228 2982 in
2253 2931 2349 2983 illa
2371 2932 2460 2983 die
2478 2934 2676 2997 justus
2694 2932 2876 2997 judex
2909 2930 2980 2995 (2.
3024 2932 3162 2983 Tim.
3188 2931 3284 2995 4.).
3311 2934 3494 2985 Unde
3520 2947 3679 2985 nunc
3700 2946 3790 2996 ap-

2171 3006 2228 3053 te
2262 3003 2530 3054 subditur
2566 3018 2578 3052 :
2613 3004 2694 3052 Ibi
2730 3002 2995 3052 laetabitur
3025 3003 3088 3051 in
3122 3003 3262 3065 ipso.
3300 3004 3418 3055 Hie
3440 3006 3601 3056 enim
3627 3016 3791 3068 super

2170 3074 2412 3125 ﬂumina
2423 3074 2752 3139 Babylonia:
2766 3074 3038 3126 sedemus
3055 3075 3114 3125 et
3128 3073 3440 3137 ploramus
3458 3074 3784 3137 (Psat.13ti.‘,

2170 3148 2227 3195 et
2253 3150 2392 3195 sunt
2413 3145 2579 3195 nobis
2603 3144 2875 3209 lacrymaa
2904 3145 3088 3208 panis,
3106 3144 3252 3195 dum
3268 3144 3500 3197 dicitur
3523 3146 3783 3209 quotidie.

471 3234 680 3306 “eam:
695 3231 780 3306 ,αθ
803 3244 917 3306 ειυς)
941 3214 1320 3283 mentiuntur
1344 3232 1487 3295 Tibi.
1521 3214 2065 3306 inquitfcoﬁttasst
2093 3232 2141 3306 C
2168 3214 3049 3306 Ηὲἷῗῗὲἒθὲἓεὶιέιὲῗἑζῖίὶίξξιέἑδ
3067 3215 3377 3306 3.1313959
3391 3217 3781 3306 9.291231???

472 3299 612 3351 cidit
666 3303 807 3352 Nam
832 3304 1026 3353 minus
1050 3307 1348 3366 appareret
1364 3303 1619 3365 potentia
1645 3305 1762 3363 tua,
1788 3303 1836 3353 si
1864 3303 1963 3353 tibi
1986 3303 2064 3353 illi

470 3382 588 3421 non
625 3373 1021 3424 mentirentur.
1061 3374 1279 3424 Mentiti
1318 3378 1457 3424 sunt
1480 3372 1577 3433 illi,
1627 3377 1685 3424 et
1724 3374 1954 3424 occisus
1978 3377 2067 3425 est

470 3441 764 3492 Christus:
800 3444 1115 3494 resurrexit
1147 3455 1183 3494 a
1204 3443 1533 3501 mortuis,et
1559 3443 1770 3505 ubique
1794 3448 1886 3495 est
1916 3456 2066 3507 prte-

2169 3290 2475 3347 transacto,
2501 3286 2665 3338 ﬂnita
2680 3285 3042 3349 mortalitate,
3067 3290 3302 3349 recepta
3320 3287 3777 3351 incorruptione:

2165 3356 2240 3404 ibi
2285 3357 2548 3405 laetabitur
2584 3358 2644 3405 in
2690 3358 2821 3421 ipso,
2868 3356 3037 3417 idest,
3063 3357 3145 3407 'in
3168 3359 3292 3408 Deo
3318 3363 3534 3409 nostro
3562 3358 3631 3421 (1.
3666 3358 3778 3407 Cor.

2166 3426 2292 3489 15.).
2323 3429 2482 3478 Tunc
2507 3428 2613 3478 erit
2628 3440 2759 3479 vera
2787 3432 2845 3479 et
2866 3428 3118 3491 perfecta
3146 3432 3356 3479 nostra
3368 3427 3783 3491 lmtitia,quan-

468 3509 693 3563 dicatus
738 3513 926 3575 (Marc.
972 3512 1055 3566 15.
1107 3518 1153 3561 et
1194 3512 1320 3575 16.).
1360 3497 1549 3563 Crevit
1580 3497 1835 3575 potentia
1854 3497 1983 3577 ejus
2005 3515 2064 3565 in
2163 3497 2236 3577 εἷο
2282 3497 2587 3577 ἓίωῧθηελθί
2618 3499 2851 3561 erimus:
2883 3503 2941 3550 ει
2970 3497 3306 3549 Videbimus
3330 3511 3479 3550 eum
3503 3500 3678 3551 δίοιηί
3708 3505 3782 3549 θεῖ

469 3584 636 3642 terra,
663 3587 721 3632 et
744 3567 1046 3646 impletum
1071 3586 1161 3633 est
1180 3567 1337 3645 quod
1361 3567 1628 3633 subditur
1653 3600 1663 3631 :
1884 3567 1903 3577 ’

2196 3567 2578 3652 ¹;“¹9Ξ²’ἒ’ξ”·)’.
2666 3646 2675 3652 ,
2913 3640 2944 3652 ..
3147 3640 3220 3652 ..
3356 3640 3367 3651 .
3486 3641 3497 3652 .

2224 3638 2273 3692 7.
2303 3640 2406 3698 Qui
2429 3640 2749 3690 dominatur
2771 3640 3042 3692 omnibus
3068 3657 3078 3688 :
3106 3643 3167 3691 et
3203 3640 3319 3691 hoc
3346 3640 3409 3689 in
3438 3641 3643 3690 virtute
3664 3656 3777 3699 sua,

2159 3708 2328 3771 idest,
2348 3712 2591 3775 propria,
2619 3712 2679 3760 in
2701 3717 2985 3761 aeternum:
3008 3711 3163 3775 quod
3190 3724 3329 3763 vere
3352 3713 3779 3776 omnipotentis

2159 3786 2266 3843 est,
2291 3785 2347 3832 et
2371 3782 2445 3832 ad
2467 3782 2655 3833 solum
2676 3783 2920 3847 pertinet
2944 3783 3145 3833 Deum.
3174 3783 3327 3844 Quia
3353 3782 3461 3846 qui
3485 3782 3777 3835 dominan-

2161 3856 2255 3902 tur
2295 3851 2353 3902 in
2389 3851 2499 3903 hoc
2544 3853 2780 3916 mundo,
2813 3865 2998 3915 neque
3019 3853 3079 3903 in
3103 3852 3328 3904 virtute
3354 3866 3487 3916 sua,
3526 3854 3632 3904 sed
3658 3854 3772 3911 Dei,

2155 3933 2342 3985 neque
2367 3922 2428 3974 in
2453 3928 2754 3988 aeternum,
2782 3924 2882 3974 sed
2896 3923 3707 3987 temporaliterdominantur.
3722 3924 3774 3975 Si

2155 3993 2306 4044 enim
2332 3998 2550 4045 mterna
2572 4000 2727 4046 esset
2748 3995 2930 4046 virtus
2953 4000 3172 4055 nostra,
3199 4006 3323 4045 non
3339 3994 3495 4059 lapsi
3512 4008 3774 4047 essemus

2153 4062 2214 4113 in
2238 4069 2557 4129 peceatum,
2594 4077 2701 4116 nec
2726 4065 3012 4129 pmnalem
3046 4066 3486 4117 meruissemus
3511 4070 3769 4117 mortem.

2153 4134 2258 4185 Per
2301 4147 2410 4185 nos
2443 4147 2580 4199 ergo
2609 4135 2898 4199 inﬂrmati,
2942 4135 3044 4187 sed
3078 4148 3179 4199 per
3218 4148 3358 4186 eum
3410 4136 3600 4187 fortes
3626 4136 3769 4193 facti,

2153 4205 2252 4268 qui
2282 4205 2611 4258 dominatur
2633 4207 2694 4258 in
2721 4208 2930 4259 virtute
2962 4219 3070 4258 sua
3106 4208 3168 4257 in
3191 4209 3489 4259 aeternum
3516 4222 3529 4257 :
3556 4208 3769 4259 erimus

2150 4276 2454 4341 participes
2488 4278 2717 4330 virtutis
2740 4280 2868 4342 ejus
2885 4290 2985 4343 per
2997 4278 3210 4342 ipsum.
3230 4278 3401 4340 Quod
3417 4290 3539 4329 non
3555 4278 3769 4329 nostris

454 4452 2050 4552 ἓξξῗβοῗὲαιξῖἓ’ῗῗῗὲἐλῗΡῖἒὲἒληξίὶλὲἶἒῗὲῗὲωὲἒλὲίὶῗξξ·
2071 4519 2127 4552 η
2148 4488 2302 4539 enim
2336 4452 2625 4552 ἔὲηῗῖιίιειε
2654 4452 2912 4547 οτθᾶίᾱίι.
2937 4452 3154 4541 {Enim
3198 4452 3761 4541 misegicordiaavm-

454 4522 696 4574 vitutem
713 4524 815 4574 Dei
840 4524 1016 4575 verbo
1039 4528 1095 4575 et
1117 4523 1379 4588 exemplo
1402 4523 1703 4574 trahimus.
1721 4522 1884 4585 Quod
1896 4520 2073 4592 videﬁ

454 4596 550 4643 tur
571 4593 663 4644 hic
692 4594 897 4657 facere,
923 4608 1056 4645 cum
1082 4595 1342 4659 protinus
1364 4594 1456 4658 adj
1467 4594 1632 4658 ungit
1655 4610 1667 4644 :

2196 4519 2302 4539 ιιιω
2336 4519 2625 4552 δῦιιυιυυαο
2654 4519 2912 4547 υιῠυιυιυν
2937 4519 3154 4541 υινιυω
3199 4519 3630 4541 ωιῦῦιιυυιυιω
3655 4519 3761 4540 ιω-

2196 4563 2352 4659 ecltus
2377 4561 2834 4659 .egiti'quaancum
2864 4560 3124 4659 eligitur:
3164 4560 3762 4659 Judaea'reprobatur.

882 4632 897 4657 ’
923 4630 1056 4695 fin"
1082 4630 1456 4695 rwwufufuf
1469 4630 1632 4695 "ubi"
1655 4632 1667 4644 ’
1707 4691 1765 4695 __
1857 4693 1865 4695 _
2148 4630 2312 4681 Unde
2341 4635 2399 4682 et
2422 4632 2644 4682 subdit:
2667 4632 2770 4689 Qui
2790 4638 3114 4695 exasperant
3136 4645 3253 4679 non
3274 4630 3599 4679 exaltentur
3624 4633 3763 4679 inst-

515 4690 578 4767 5._
603 4692 787 4767 Venite
816 4697 863 4740 ει
886 4692 1049 4767 videte
1072 4707 1235 4753 opera
1259 4693 1374 4767 Dei,
1410 4693 1461 4767 0A
1479 4693 1681 4767 gentes
1699 4691 1807 4755 (Ea:
1828 4693 2048 4755 Augus-
2147 4702 2399 4765 mctipsis.
2417 4704 2782 4767 Exasperitas
2796 4690 3134 4755 Judaeorum
3154 4701 3266 4753 fuit
3284 4701 3762 4766 ipsaintidelitas.

453 4762 665 4836 tino),_o
691 4762 906 4836 ultimae
930 4763 1209 4836 nationes,
1226 4764 1525 4827 relinquite
1547 4764 1782 4815 Judaeos
1798 4768 2046 4836 mentien-
2146 4770 2257 4822 fuit,
2275 4762 2671 4836 superbia,'ira
2692 4785 2919 4835 quoque
2945 4776 3000 4823 et
3019 4771 3240 4822 invidia
3283 4762 3581 4823 {fuerunt
3605 4773 3763 4836 pravi

454 4836 559 4904 tes.
589 4833 791 4904 Venite
815 4833 1155 4885 conﬁtentes
1192 4851 1202 4883 :
1249 4835 1500 4887 accedite
1524 4836 1795 4899 passibus
1818 4835 2043 4898 mentis,
2145 4833 2366 4902 mores,
2381 4847 2438 4893 et
2464 4833 3053 4901 verbaincrepationis
3069 4845 3129 4893 et
3148 4841 3537 4904 blasphemiae
3552 4833 3767 4893 adver-

451 4903 753 4954 aﬂ‘ectibus
796 4904 1027 4955 amoris.
1059 4905 1262 4957 Venite
1298 4907 1372 4957 ad
1395 4907 1723 4969 Dominum,
1749 4911 2045 4969 properate
2148 4925 2249 4963 sus
2276 4913 2569 4964 Christum
2599 4918 2655 4964 et
2679 4910 3009 4963 Ecclesiam.
3037 4913 3146 4973 Qui
3170 4903 3451 4974 quoniam
3475 4912 3537 4963 in
3558 4914 3769 4965 semet.

451 4974 522 5025 ad
550 4974 958 5034 lldem,currite
981 4974 1054 5028 ad
1073 4976 1397 5029 Ecclesiam.
1414 4978 1633 5037 Videte,
1651 4977 1817 5038 idest,
1831 4976 2044 5028 credite
2143 4982 2284 5046 ipsis
2314 4983 2444 5034 elati
2469 4984 2716 5045 fuerunt,
2734 4996 2851 5035 non
2876 4981 3139 5044 exaltari,
3161 4981 3263 5033 sed
3289 4981 3427 5033 duci
3452 4995 3489 5033 a
3512 4984 3765 5035 Domino

450 5046 824 5110 etintelligite
843 5060 1013 5111 opera
1038 5060 1169 5112 qum
1201 5049 1644 5107 fecitDominus,
1690 5048 1892 5109 quiest
1925 5048 2043 5096 Ter-
2144 5059 2493 5106 meruerunt.
2540 5055 2713 5115 Quasi
2756 5054 3125 5105 maledixisse
3166 5052 3418 5112 videtur,
3465 5066 3609 5105 eum
3668 5056 3763 5110 ait,

449 5116 687 5166 ribilisin
701 5120 942 5168 consiliis
956 5120 1265 5183 super/ilics
1278 5120 1584 5169 hominum.
1604 5118 2043 5169 Machinatisunt
2141 5125 2267 5174 Νυη
2296 5125 2616 5174 multantur.
2644 5128 2763 5175 Imo
2788 5125 2897 5188 (Ea:
2919 5124 3248 5187 Augustino)
3278 5122 3645 5185 exultentur,
3663 5124 3765 5176 sed

446 5189 555 5251 (Ea:
576 5191 706 5253 eod.)
732 5191 830 5241 ﬁlii
853 5191 1154 5242 hominum
1165 5191 1471 5241 consilium
1488 5190 1561 5241 ad
1584 5189 2040 5252 eruciﬂgendum
2141 5210 2258 5247 non
2282 5197 2338 5244 in
2362 5197 2670 5260 semetipsis,
2698 5195 3073 5246 humilientur
3094 5194 3157 5245 in
3169 5194 3402 5257 seipsis,
3419 5194 3761 5247 exaltentur

443 5260 733 5313 Christum
762 5262 1091 5325 (Man-11.).
1125 5262 1445 5312 Cruciﬂxus
1470 5260 1785 5311 ϐκοωοᾶνίι
1806 5261 2039 5311 01⁸0010-
2140 5268 2202 5319 in
2246 5270 2380 5319 Deo.
2420 5267 2699 5329 Quoniam
2733 5266 2830 5329 qui
2876 5278 2939 5317 se
2972 5265 3262 5323 humiliat.
3287 5265 3683 5318 exaltabitur:
3707 5270 3762 5318 et.

438 5337 659 5395 gentes.
707 5335 825 5384 Vos
870 5331 1181 5383 machinati
1205 5332 1345 5382 estis
1369 5331 1610 5382 consilia
1624 5330 1919 5396 perdendi,
1947 5330 2040 5382 ille
2141 5339 2242 5402 qui
2263 5351 2325 5390 se
2349 5337 2582 5401 exaltat,
2602 5336 3152 5398 humiliabitur(Luc.
3179 5333 3309 5398 17.).
3332 5336 3602 5400 Cognitis
3633 5337 3758 5388 istis

2139 5411 2409 5472 operibus
2451 5412 2626 5471 atque
2669 5407 2915 5471 acceptis
2940 5407 3120 5457 tantis
3153 5404 3456 5458 beneﬂciis
3479 5408 3759 5460 admonet

528 3668 578 3721 4.
619 3670 805 3718 Omnis
855 3675 998 3719 terra
1035 3670 1217 3718 adoret
1272 3675 1337 3732 te,
1388 3670 1545 3731 Deus,
1592 3676 1637 3719 et
1679 3671 1875 3733 psallat
1921 3672 2018 3722 tibi
2042 3690 2054 3724 :

464 3739 733 3802 psalmum
748 3740 889 3789 dicat
906 3741 1122 3790 nomini
1145 3746 1252 3790 tuo.
1279 3739 1435 3791 Idest
1458 3741 1645 3791 omnis
1661 3742 1891 3804 generis
1908 3746 2057 3793 homo

464 3810 734 3862 habitans
769 3812 830 3862 in
864 3816 1031 3874 terra,
1056 3816 1110 3863 te
1134 3811 1233 3874 qui
1257 3823 1432 3863 verus
1458 3812 1611 3862 Deus
1634 3817 1742 3871 est,
1765 3812 2059 3866 adorando

463 3881 629 3932 colat.
677 3883 931 3935 Adorare
974 3882 1128 3934 enim
1171 3882 1244 3933 ad
1289 3882 1545 3933 divinam
1568 3884 1793 3948 proprie
1812 3885 2059 3948 pertinet

462 3952 598 4015 quia
620 3966 689 4005 ea
700 3954 821 4006 iem
845 3954 987 4006 ﬂdes
1005 3955 1129 4006 sine
1148 3954 1419 4019 operibus
1435 3957 1661 4005 mortua
1671 3959 1763 4006 est
1778 3955 2053 4022 (Jacobﬂ),

461 4028 614 4075 recte
640 4026 902 4077 subditur
927 4026 1025 4076 :Et
1058 4025 1253 4089 psallat
1286 4024 1398 4083 tibi,
1420 4025 1589 4087 idest,
1617 4026 1767 4077 bona
1789 4032 2058 4090 operetur

459 4094 532 4145 ad
556 4095 833 4149 honorem
860 4101 1019 4148 tuum
1029 4134 1043 4149 .
1070 4097 1353 4146 Psalmum
1366 4096 1528 4159 dicat,
1546 4096 1698 4149 idest
1712 4097 1921 4149 bonam
1934 4115 2051 4161 ope-

459 4166 738 4218 rationem
762 4167 1032 4231 praadicet
1055 4184 1066 4218 :
1093 4168 1271 4220 ethoc
1292 4180 1409 4219 non
1424 4168 1553 4230 sibi,
1570 4168 1673 4220 sed
1698 4170 1915 4219 nomini
1941 4176 2050 4233 tuo,

458 4237 569 4288 hoc
596 4243 683 4289 est
711 4239 785 4290 ad
822 4238 1053 4290 laudem
1099 4240 1157 4291 et
1186 4239 1426 4302 gloriam
1461 4239 1714 4290 nominis
1762 4241 1863 4291 tui.
1890 4242 2053 4292 Tunc

458 4308 672 4372 quippe
688 4309 897 4361 utiliter
924 4312 1111 4362 Deum
1133 4310 1460 4371 adoramus,
1478 4308 1711 4372 quando
1734 4310 1976 4363 culturas
1994 4311 2052 4361 ﬂ-

439 5403 771 5455 excwcandi
794 5407 852 5454 et
864 5402 1117 5455 salvandi
1141 5402 1503 5455 :exceecandi
1528 5402 2038 5467 superbos,salvan-

440 5473 497 5524 di
520 5474 789 5526 humiles.
810 5474 897 5527 Ad
911 5474 1019 5526 hoc
1034 5477 1227 5526 autem
1239 5474 1685 5539 superboslpsos
1703 5473 2033 5533 excaecavit,
2136 5480 2208 5531 ad
2240 5481 2425 5531 Deum
2464 5478 2939 5540 benedicendum,
2965 5480 3023 5529 et
3049 5477 3208 5540 dicit,

442 5550 507 5594 ut.
531 5545 731 5597 caecati
775 5546 1232 5610 humiliarentur,
1278 5545 1566 5598 humiliati
1599 5546 2030 5602 conﬁterentur,
2200 5550 2250 5603 8.
2292 5551 2587 5600 Benedicitc
2604 5556 2777 5613 gentes
2798 5549 2970 5598 Deum
3000 5553 3273 5598 nostrum.
3298 5552 3436 5603 Jam
3477 5552 3589 5611 (Bx-
3621 5549 3749 5610 eod...‘

440 5615 689 5666 confessi
740 5616 1213 5670 illuminarentur.
1259 5617 1528 5667 Terribilis
1554 5630 1688 5682 ergo
1712 5618 1773 5666 in
1796 5614 2035 5666 consiliis
2134 5622 2293 5674 venit,
2316 5634 2515 5674 semen
2545 5620 2809 5683 Abrahae,
2834 5620 2895 5670 in
2940 5631 3057 5683 quo
3092 5619 3525 5674 benedicentur
3547 5631 3747 5673 omnes

491 5772 522 5827 f
547 5764 931 5827 Reposuimus
964 5775 1156 5821 manat
1177 5782 1250 5824 ex
1273 5770 1600 5836 Augustino
1623 5781 1723 5834 pro
1735 5774 1934 5820 manet.
2196 5765 2217 5794 "
2250 5763 2419 5828 Apud
2442 5762 2835 5828 Augustinum
2866 5762 3053 5814 tutius.
