3880 6222
476 306 580 362 907

1527 303 1797 355 RUFINO
1829 301 2295 355 PRESBYTERO
2327 300 2714 354 ASCRIPTUS

3701 292 3797 349 908

473 419 601 494 bim,
649 418 707 494 in
752 416 1209 494 medullismeis
1256 415 1388 494 erit,
1420 415 1573 494 quod
1611 419 1664 494 te
1693 414 1886 494 diligo.
1918 415 2068 494 Nihil
2095 418 2149 490 Α
2306 413 2626 494 Augustino)
2676 411 2831 494 illam
2863 411 2935 492 in.
2955 409 3129 494 corde
3155 413 3257 460 tuo
3281 406 3587 494 aspicere,
3614 405 3793 494 idf‘s‘t.

472 490 627 539 enim
652 489 891 539 interius
921 487 1187 538 medullis
1211 488 1443 537 nostris.
1472 487 1617 537 Ossa
1641 486 1907 537 interiora
1932 490 2070 538 sunt

472 560 938 620 carne,medullze
962 558 1262 609 interiores
1287 562 1424 608 sunt
1452 557 1595 620 ipsis
1621 558 1869 607 ossibus.
1900 559 2069 619 Quis-

473 632 605 695 quis
650 644 785 694 ergo
826 632 883 680 in
914 629 1213 694 superﬁcie
1236 629 1369 680 colit
1394 631 1599 688 Deum,
1635 628 1820 692 magis
1844 629 2067 692 placere

472 702 595 754 vult
608 702 956 753 hominibus.
974 701 1143 751 Aliud
1156 706 1350 752 autem
1362 701 1523 751 intus
1538 702 1795 751 sentiens
1813 715 1913 749 non
1928 705 2069 749 oil‘ert

470 774 807 825 holocausta
830 772 1159 823 medullata.
1176 774 1351 836 Cujus
1367 774 1561 824 autem
1574 770 1884 822 medullam
1902 774 2068 831 inspi-

470 846 565 907 cit,
590 846 781 907 ipsum
808 849 994 894 totum
1027 844 1249 908 accipit.
1283 845 1491 893 Totum
1516 855 1723 906 corpus
1755 842 1961 893 Christi
1985 842 2063 893 lo-

470 917 668 979 quitur
692 915 819 966 hoc.
858 918 958 966 Est
994 916 1147 978 quod
1170 915 1332 966 offert
1363 917 1497 974 Deo,
1522 914 1739 965 scilicet
1762 916 2064 965 incensum

467 988 729 1038 arietum.
749 987 969 1037 Arietes
986 992 1121 1037 sunt
1140 986 1317 1037 duces
1344 986 1635 1037 Ecclesiae.
1654 987 1960 1036 Incensum
1979 991 2065 1035 est

466 1058 645 1109 oratio
664 1062 1013 1108 sanctorum.
1042 1058 1286 1108 Maxime
1302 1062 1499 1109 autem
1522 1058 1727 1107 arietes
1754 1062 1919 1107 ornat
1943 1070 2062 1121 pro‘

464 1130 756 1195 gregibus.
804 1131 873 1179 Et
917 1131 1058 1180 bene
1084 1141 1183 1193 per
1216 1129 1517 1179 incensum
1561 1129 1741 1179 oratio
1769 1129 2061 1191 accipitur,

467 1201 600 1264 quia
628 1200 706 1250 ibi
729 1201 1035 1251 electorum
1053 1212 1148 1251 cor
1164 1200 1500 1264 divinoigne
1511 1198 1859 1251 accenditur.
1880 1202 1937 1247 Et
1962 1203 2065 1248 sic-

465 1274 530 1324 ut
574 1272 791 1322 incensi
834 1271 1028 1322 fumus
1068 1272 1323 1322 suaviter
1358 1271 1575 1323 redolet
1601 1270 1953 1334 hominibus,
1980 1271 2062 1321 sic

466 1343 738 1395 orationis
770 1340 1012 1394 'devotio
1040 1344 1293 1394 suaviter
1314 1343 1517 1406 flagrat
1540 1344 1677 1394 Deo.
1711 1340 1947 1405 Offeram
1972 1342 2062 1389 tibi

465 1414 610 1463 boves
642 1429 764 1462 cum
782 1414 965 1463 hircis.
980 1414 1508 1465 Bovesinvenimus
1530 1413 1885 1473 triturantes,
1902 1415 2059 1472 etipsi

464 1486 783 1536 offeruntur
807 1487 941 1537 Deo.
969 1484 1278 1548 Apostolus
1302 1485 1371 1535 de
1386 1484 1888 1535 annuntiatoribus
1908 1487 2061 1532 Evan-

462 1557 593 1619 gelii
617 1556 761 1607 dixit
784 1556 1242 1618 intelligendum,
1270 1555 1424 1619 quod
1450 1556 1726 1619 scriptum
1751 1558 1840 1606 est
1874 1572 1885 1603 :
1918 1556 2057 1606 Bovi

462 1627 750 1678 trituranti
787 1640 861 1678 os
888 1641 1003 1679 non
1028 1627 1369 1679 infrasnabis
1401 1626 1471 1690 (1.
1500 1628 1620 1677 Cor.
1657 1627 1722 1689 9;
1747 1628 1896 1678 Deut.
1929 1625 2053 1689 25.).

462 1700 609 1761 Ergo
634 1700 824 1762 magni
850 1698 927 1749 illi
954 1699 1183 1759 arietes,
1210 1698 1401 1761 magni
1425 1697 1501 1748 illi
1529 1699 1707 1749 boves
1766 1699 1911 1758 Quid
1957 1698 2055 1763 illi,

460 1770 725 1858 quiJforte
749 1770 963 1821 conscii
980 1774 1117 1858 sunt
1138 1769 1467 1858 aliquorum
1492 1772 1897 1832 peccatorum?
1922 1771 2052 1851 Nun
2078 1785 2133 1858 B

460 1841 593 1903 quid
620 1841 728 1903 ipsi
744 1841 1214 1900 retnancbunt,et
1236 1840 1305 1892 ad
1326 1840 1728 1891 holocaustum
1750 1852 1868 1891 non
1882 1841 2052 1905 perti-

459 1912 716 1962 nebunt?
760 1912 893 1963 Ideo
938 1925 1010 1963 ne
1061 1912 1171 1975 ipsi
1227 1914 1487 1969 timeant,
1522 1910 1745 1962 addidit
1767 1917 1824 1962 et
1847 1912 2057 1964 hircos.

459 1982 613 2033 Hirci
637 1995 737 2046 per
766 1997 827 2033 se
854 1996 970 2033 non
989 1982 1303 2044 salvantur,
1322 1982 1579 2045 adjuncti
1599 1983 1783 2032 bobus
1794 1985 2060 2043 accipiun-

460 2057 568 2103 tur.
597 2056 879 2103 Fecerunt
893 2054 999 2103 sibi
1021 2054 1239 2103 amicos
1252 2052 1322 2103 de
1337 2064 1672 2103 mammona
1687 2054 1990 2113 iniquitatis,
2008 2061 2059 2102 ut

456 2127 515 2174 et
538 2124 645 2187 ipsi
664 2124 938 2187 recipiant
954 2136 1053 2174 eos
1065 2124 1125 2173 in
1149 2128 1366 2173 veterna
1382 2125 1756 2174 tabernacula
1771 2124 1911 2184 (Luc.
1930 2124 1996 2178 16
2020 2125 2054 2187 ).

458 2196 605 2256 Ergo
631 2192 772 2245 tales
798 2194 940 2244 hirci
963 2193 1035 2244 ad
1054 2194 1344 2244 sinistram
1366 2206 1485 2244 non
1506 2198 1679 2244 erunt
1703 2194 1912 2255 (Matth.
1927 2192 2057 2257 25.),

455 2264 750 2327 quoniam,
803 2264 1187 2326 eleemosynis
1242 2266 1485 2327 peccata
1544 2276 1649 2314 sua
1689 2264 2058 2316 redemerunt

456 2335 617 2397 (Dan.
648 2334 738 2397 4.).
774 2336 1028 2384 Possunt
1051 2347 1187 2397 ergo
1212 2346 1313 2397 per
1330 2334 1509 2385 boves
1536 2334 1768 2397 ﬁgurari
1784 2336 2057 2384 electorum

457 2405 719 2464 virtutes,
752 2405 964 2467 quibus
988 2404 1197 2455 duritia
1219 2406 1431 2456 mentis
1454 2410 1742 2469 exaratur,
1768 2410 1832 2457 ut
1852 2405 2058 2458 habilis

455 2475 528 2526 ad
544 2473 814 2525 ferendos
833 2474 1056 2525 fructus
1071 2476 1397 2539 spirituales
1414 2475 1712 2528 habeatur.
1731 2478 1917 2528 Boves
1938 2493 2056 2539 ergo

460 2549 574 2597 Deo
597 2545 860 2609 offerunt,
875 2547 972 2609 qui
990 2546 1229 2597 virtutes
1254 2560 1397 2609 quas
1420 2546 1639 2598 habent
1661 2548 2056 2611 gratiaeipsius

455 2615 750 2667 humiliter
772 2618 1087 2668 ascribunt.
1114 2617 1317 2668 Hircos
1344 2630 1573 2680 quoque
1598 2618 1818 2682 offerre,
1844 2621 2056 2671 estim-

456 2687 725 2748 mundos,
752 2691 811 2738 et
832 2687 1082 2740 lascivos
1102 2693 1292 2739 motus
1303 2688 1742 2740 animiDomino
1760 2692 2057 2752 suppliciter

455 2759 730 2810 conﬁteri.
778 2758 981 2810 Hircos
1026 2761 1145 2811 Deo
1178 2759 1491 2822 offerimus,
1534 2760 1764 2823 quando
1790 2760 1849 2811 in
1887 2762 2054 2811 nobis

382 2868 393 2877 .
455 2842 685 2881 omnem
710 2831 997 2881 luxuriam
1020 2836 1078 2881 et
1106 2830 1480 2895 petulantiam
1500 2831 2055 2883 immolamus.Rur-

456 2915 557 2953 sus
586 2901 661 2953 ad
679 2902 790 2953 alia
813 2903 1091 2953 beneficia
1111 2902 1475 2967 intelligenda
1498 2908 1699 2966 gentes
1723 2903 1947 2968 invitat,
1966 2904 2053 2955 di-

455 2984 593 3024 cens
619 2987 631 3022 ζ

517 3043 601 3098 16.
638 3043 832 3104 Venite,
867 3043 1139 3108 passibus
1164 3044 1417 3095 mentis:
1443 3043 1643 3107 audite,
1674 3045 1911 3096 auribus
1927 3057 2053 3096 cor—

455 3115 564 3179 dis,
618 3120 661 3162 et
698 3115 939 3164 narrabo
984 3116 1186 3177 (omnes
1208 3116 1305 3179 qui
1334 3116 1529 3164 timetis
1558 3115 1770 3179 Deum).
1792 3116 1847 3167 Si
1870 3118 2052 3167 Deum

450 3198 567 3237 non
592 3186 959 3248 timetis,non
974 3187 1237 3249 narrabo,
1266 3188 1391 3238 Non
1415 3190 1503 3238 est
1527 3186 1744 3251 quibus
1770 3191 2051 3253 narretur,

452 3257 550 3309 ubi
586 3258 755 3308 timor
797 3258 902 3308 Dei
934 3270 1050 3309 non
1073 3264 1181 3309 est.
1222 3258 1326 3309 Dei
1350 3260 1521 3311 timor
1538 3259 1753 3323 aperiet
1775 3271 1966 3319 aures,
1990 3264 2056 3311 ut

454 3329 547 3390 sit,
573 3340 688 3391 qua
697 3328 887 3392 intret,
914 3328 1069 3392 quod
1088 3334 1425 3381 narraturus
1440 3343 1588 3381 sum.
1604 3329 1829 3382 Scilicet
1844 3337 2057 3395 quanta

449 3399 746 3462 beneﬁcia,
774 3404 982 3463 praeter
1014 3400 1127 3464 illa,
1157 3412 1289 3465 qum
1318 3400 1473 3452 dicta
1504 3406 1661 3465 sunt,
1704 3402 1826 3465 fecit
1855 3403 2056 3451 anima:

454 3485 597 3533 meae,
623 3470 670 3520 si
700 3471 878 3521 vultis
900 3474 958 3521 et
982 3476 1212 3523 vestrm.
1230 3471 1397 3523 Dedit
1419 3471 1592 3535 enim,
1611 3476 1677 3522 ut
1700 3472 1772 3523 ad
1797 3484 1929 3523 eum
1946 3471 2059 3523 cla-

454 3552 693 3604 marem,
736 3546 795 3591 et
835 3541 1139 3593 clamando
1174 3542 1235 3593 in
1273 3542 1445 3593 corde
1484 3541 1827 3608 exultarem,
1852 3548 1959 3596 etc.
1988 3546 2059 3595 Et

453 3612 563 3663 hoc
588 3615 694 3670 est,
720 3610 875 3673 quod
899 3611 1037 3663 dicit
1060 3626 1073 3661 :

537 3680 590 3749 3
602 3679 713 3750 25
749 3681 836 3735 17.
853 3682 939 3731 Ad
956 3683 1137 3746 ipsum
1152 3697 1242 3733 ore
1260 3696 1375 3731 meo
1398 3682 1631 3733 clamavi
1646 3689 1691 3733 et
1710 3683 1950 3735 exultavi
1961 3687 2057 3736 sub

455 3753 646 3817 lingua
670 3767 807 3803 mea.
834 3754 955 3804 Hoc
978 3753 1172 3817 ipsum
1185 3753 1398 3805 factum
1410 3753 1549 3805 dicit
1562 3755 1772 3808 animm
1785 3768 1909 3808 sum
1922 3763 1976 3806 ut
1994 3760 2054 3807 ad

454 3828 644 3878 Deum
655 3837 753 3876 ore
770 3837 877 3876 suo
893 3822 1181 3877 clamaret.
1203 3826 1358 3877 Prius
1370 3826 1523 3877 enim
1542 3827 1868 3879 Ecclesiade
1882 3832 2056 3878 Genti-

455 3899 567 3951 bus
595 3897 816 3963 lapides
840 3897 1117 3949 adorabat
1141 3902 1313 3962 atque
1336 3897 1409 3949 ad
1434 3898 1742 3952 simulacra
1769 3905 1932 3951 muta
1943 3902 2059 3953 cla-

456 3973 670 4024 mabat.
709 3972 839 4022 Jam
876 3970 1066 4034 imago
1100 3970 1205 4021 Dei
1230 3982 1506 4022 conversa
1530 3975 1621 4022 est
1643 3972 1715 4022 ad
1741 3977 2057 4024 creatorem

460 4057 651 4096 suum.
684 4044 754 4094 Et
785 4041 1155 4106 qui_dicebat
1194 4041 1385 4106 lapidi,
1425 4044 1591 4094 Pater
1636 4055 1801 4095 meus
1852 4056 1916 4096 es
1956 4049 2054 4096 tu:

458 4128 615 4168 nunc
678 4099 821 4165 dicit
870 4099 1007 4177 Deo,
1066 4115 1229 4165 Pater
1250 4099 1487 4178 'noster,
1541 4114 1641 4178 qui
1686 4127 1749 4165 es
1794 4115 1856 4166 in
1900 4115 2058 4168 caelis

459 4184 775 4251 (Matth.6.).
806 4185 903 4235 Ore
918 4199 1032 4233 meo
1055 4185 1284 4249 (inquit)
1301 4185 1553 4251 clamavi,
1578 4198 1698 4237 non
1731 4199 1827 4238 ore
1850 4186 2055 4240 alieno.

460 4259 608 4309 Nam
631 4256 861 4320 quando
882 4254 955 4307 ad
978 4254 1197 4320 lapides
1213 4255 1555 4321 clamabant,
1569 4269 1665 4309 ore
1676 4256 1861 4310 alieno
1873 4261 2058 4308 ciama-

460 4330 620 4382 bant.
647 4327 887 4389 Quando
904 4327 976 4378 ad
991 4328 1173 4379 Deum
1184 4327 1447 4391 clamavi,
1467 4329 1618 4392 quod
1631 4328 1754 4393 ipso
1765 4330 2055 4395 insph-avit,

459 4401 534 4451 ad
560 4401 743 4465 ipsum
765 4415 854 4449 ore
877 4413 992 4448 meo
1008 4398 1257 4449 clamavi.
1277 4400 1391 4451 Sub
1407 4398 1609 4463 lingua
1624 4412 1761 4453 vero
1774 4400 2053 4467 exultare,

460 4475 649 4525 estex
673 4472 918 4522 clamore
943 4470 1104 4522 vocis
1138 4470 1416 4535 gaudium
1450 4471 1513 4522 in
1545 4471 1714 4524 corde
1735 4474 2050 4538 concipere.

461 4546 590 4609 Ipse
606 4545 696 4594 est
710 4555 883 4594 verus
908 4540 1122 4593 clamor
1137 4542 1209 4592 ad
1226 4543 1427 4606 Deum,
1447 4542 1664 4595 scilicet
1683 4543 1923 4597 affectus
1936 4558 2056 4597 cor-

2170 485 2321 536 intra
2344 476 2673 547 te’diiigere.
2699 481 2981 546 Quicquid
3002 482 3208 533 laetum
3231 476 3609 544 promiserit,
3631 476 3795 527 utilli-

2169 557 2281 608 ciat
2324 556 2398 607 ad
2423 555 2810 618 peccandum:
2848 553 3122 618 quicquid
3149 554 3317 604 triste
3341 549 3588 601 minata
3618 549 3790 608 fuerit,

2169 632 2234 678 ut
2257 626 2509 691 impellat
2528 627 2601 678 ad
2624 625 3123 687 malefaciendum,
3148 621 3373 687 despici
3406 620 3677 685 dignum
3698 627 3791 675 est.

2169 702 2231 750 ut
2254 700 2504 750 calcetur
2531 711 2543 759 ;
2569 712 2689 749 non
2714 697 2986 762 conspici,
3013 702 3079 748 ut
3102 698 3475 759 acceptetur.

2229 769 2314 823 19.
2357 771 2643 834 Propterea
2676 769 2955 818 exaudivit
3000 768 3160 829 Deus,
3214 771 3261 813 et
3310 764 3566 813 attendit
3588 763 3791 812 accide-

2165 841 2490 905 percationis
2533 856 2673 889 meae.
2725 840 2869 901 Quid
2909 843 3000 890 est
3039 839 3376 902 propterea?
3402 835 3565 897 Quia
3589 835 3790 899 iniqui-

2167 917 2341 963 tatem
2367 925 2484 963 non
2507 912 2706 976 aspexi
2737 914 2795 962 in
2819 910 2990 962 corde
3010 922 3157 961 meo.
3184 910 3341 959 Hinc
3370 906 3788 971 Apostolusait

2165 983 2234 1046 (1.
2266 985 2428 1033 Joan.
2473 982 2582 1046 3.):
2620 984 2676 1035 Si
2724 995 2819 1034 cor
2862 986 3128 1033 nostrum
3173 993 3297 1031 non
3348 978 3786 1042 reprehenderit

2163 1067 2287 1116 nos,
2317 1054 2586 1105 ﬁduciam
2615 1054 2917 1112 habemus,
2936 1053 3073 1116 quia
3096 1050 3387 1115 quicquid
3414 1049 3786 1112 postulaveri-

2162 1137 2314 1188 mus,
2338 1125 2703 1189 accipiemus.
2753 1127 2820 1175 Et
2863 1124 2972 1174 hoc
3004 1135 3123 1174 non
3168 1134 3244 1172 ex
3284 1120 3532 1172 nostris
3556 1121 3781 1181 meritis,

2165 1197 2267 1247 sed
2291 1209 2363 1247 ex
2388 1197 2573 1260 gratia
2601 1196 2798 1260 ipsius.
2825 1195 3129 1259 Propterea
3156 1192 3271 1243 hoc
3299 1192 3445 1255 subj
3458 1192 3677 1242 unxit:

2224 1266 2314 1323 20.
2352 1268 2663 1317 Benedictus
2701 1267 2866 1326 Deus,
2927 1266 3023 1329 qui
3058 1280 3169 1313 non
3216 1265 3441 1313 amovit
3491 1262 3779 1312 orationem

2163 1352 2358 1402 meam,
2381 1345 2429 1387 et
2453 1338 2884 1387 misericordiam
2906 1352 3067 1385 suam
3090 1352 3125 1385 a
3141 1350 3246 1387 me.
3267 1335 3369 1387 Sic
3382 1334 3559 1385 enim
3572 1338 3781 1395 pervenit

2160 1412 2232 1462 ad
2257 1410 2737 1461 resurrectionem
2760 1409 2888 1470 iste,
2914 1408 3013 1471 qui
3035 1407 3319 1471 loquitur,
3336 1406 3448 1457 ubi
3467 1407 3603 1471 jam
3626 1408 3683 1456 et
3694 1417 3780 1456 nos

2161 1495 2263 1546 spe
2286 1495 2509 1540 sumus,
2533 1486 2589 1533 et
2612 1493 2730 1532 vox
2753 1485 2951 1531 nostra
2969 1480 3084 1530 ista
3106 1483 3217 1530 est.
3246 1477 3545 1540 Quandiu
3558 1489 3694 1540 ergo
3706 1475 3779 1527 hic

2159 1565 2385 1616 sumus,
2421 1552 2530 1603 hoc
2553 1563 2789 1603 oramus
2817 1553 3022 1611 Deum,
3049 1553 3116 1600 ut
3138 1561 3259 1599 non
3273 1547 3778 1599 amoveatanobis

2159 1625 2472 1675 orationem
2489 1627 2768 1685 nostram,
2794 1626 2851 1674 et
2875 1620 3345 1672 misericordiam
3364 1632 3572 1682 suam,
3603 1618 3662 1669 id
3689 1624 3777 1671 est.

2160 1701 2225 1745 ut
2248 1699 2680 1759 perseveranter
2707 1706 2939 1745 oremus
2962 1705 3093 1751 nos,
3118 1694 3177 1742 et
3201 1696 3681 1755 perSeveranter
3698 1690 3778 1741 mi-

2164 1772 2420 1817 sereatur
2442 1766 2582 1830 ipse.
2608 1765 2771 1816 Multi
2796 1770 2990 1815 tamen
3011 1764 3419 1827 languescunt
3436 1762 3724 1823 morando,
3741 1769 3778 1808 et

2161 1850 2296 1888 cum
2324 1839 2384 1888 in
2408 1838 2659 1889 novitate
2699 1848 2823 1888 sum
2856 1835 3257 1887 conversionis
3309 1832 3633 1885 ferventes
3664 1832 3776 1893 sint,

2157 1914 2359 1973 postea
2370 1908 2574 1972 frigide
2592 1907 3016 1971 etnegligenter
3028 1905 3218 1957 securi
3236 1905 3777 1965 fiunt.Pigrescitani-

2158 1993 2307 2042 mus,
2335 1980 2773 2044 interrumpitur
2787 1978 2984 2029 oratio.
3006 1977 3237 2027 Dormis
3256 1974 3774 2040 tu,vigilathostis,

2158 2052 2508 2101 tentationes
2526 2052 2881 2101 excrescunt.
2892 2050 3198 2112 Propterea
3207 2048 3513 2111 prmeepit
3532 2049 3773 2102 Dominus,

2157 2122 2293 2185 quia
2341 2127 2563 2185 oportet
2608 2133 2830 2184 semper
2873 2132 3054 2179 orare,
3094 2124 3155 2169 et
3187 2129 3521 2181 nunquam
3553 2115 3775 2168 deﬁcere

2157 2193 2304 2254 (Luc.
2354 2191 2479 2254 18.).
2511 2194 2657 2255 Ergo
2680 2203 2800 2242 non
2828 2189 3170 2241 deﬁciamus
3204 2188 3268 2239 in
3299 2189 3567 2249 orando,
3606 2186 3775 2239 securi

2154 2264 2225 2315 de
2247 2263 2628 2328 promissione
2656 2277 2669 2313 :
2705 2261 2840 2326 quia
2860 2262 2907 2312 si
2928 2260 3138 2321 difl‘ert,
3162 2272 3286 2310 non
3308 2259 3543 2311 aufert.
3593 2260 3661 2309 Et
3696 2258 3776 2322 pio

2155 2335 2365 2386 affectu
2398 2335 2694 2386 dicamus:
2731 2332 3048 2383 Benedictus
3094 2332 3256 2391 Deus,
3298 2331 3407 2394 qui
3437 2346 3564 2380 non
3588 2330 3776 2379 amovit

2154 2407 2455 2456 orationem
2493 2421 2690 2470 meam,
2712 2411 2763 2455 et
2783 2403 3220 2452 misericordiam
3246 2417 3419 2451 suam
3449 2419 3488 2452 a
3514 2417 3620 2451 me.
3646 2403 3776 2453 Cum

2153 2477 2365 2529 videris
2390 2477 2497 2540 (Eae
2514 2480 2674 2541 Aug.)
2699 2488 2816 2527 non
2840 2488 2875 2527 a
2895 2478 3221 2526 teamotam
3234 2474 3584 2526 orationem
3606 2479 3776 2534 tuam,

2154 2560 2393 2599 securus
2441 2552 2583 2609 esto,
2623 2548 2760 2611 quia
2806 2558 2926 2598 non
2972 2557 3008 2597 a
3050 2550 3107 2597 te
3143 2548 3348 2596 amota
3371 2543 3779 2598 misericordia

2156 2620 2350 2670 ipsius.

2212 2633 2257 2670 Si
2340 2656 2350 2667 .

2151 2633 2207 2684 ῳ
2265 2632 2490 2794 us326
2546 2714 2909 2780 TiTULUS
2967 2712 3303 2779 PSALMI
3353 2714 3622 2780 LXVI.

2218 2845 2261 2892 1.
2283 2843 2481 2890 Titulus
2504 2842 2748 2903 sequntis,
2779 2841 2963 2903 psalmi
2988 2845 3063 2888 est
3094 2854 3108 2891 :
3135 2838 3202 2886 In
3225 2839 3426 2901 ﬁnem,
3453 2840 3522 2887 in
3553 2840 3777 2889 humni:

2218 2856 2481 2892 1.‘1‘1tutus
2504 2856 2748 2903 sequutus,
2814 2856 2963 2888 satmi
2988 2856 3063 2888 est
3094 2856 3108 2891 :
3135 2856 3202 2886 ιη
3225 2856 3426 2901 nnem,
3453 2856 3522 2887 in
3553 2856 3776 2889 numnu

2148 2905 2392 2970 psalmus
2412 2904 2611 2970 cantici
2620 2856 2818 2970 David).
2831 2903 3455 2970 Psalmusiste‘convenit
3473 2906 3633 2970 David
3664 2918 3776 2970 pro.

2149 2965 2334 3030 pheta,
2359 2970 2466 3015 sive
2489 2968 2698 3014 cuilibet
2730 2966 2867 3014 ﬁdeli
2889 2980 2899 3012 :
2922 2967 3012 3030 qui
3034 2966 3147 3030 ideo
3165 2965 3365 3030 dicitur
3382 2968 3646 3028 psalmus,
3661 2968 3772 3025 quis

2151 3027 2383 3081 admonet
2398 3032 2459 3077 ad
2477 3030 2862 3077 confessionem.
2881 3030 2936 3075 Et
2951 3029 3140 3075 dicitur
3153 3027 3603 3089 canticum,quia
3619 3027 3774 3076 nobis-

2154 3094 2414 3155 proposuit
2441 3094 2712 3140 maximam
2724 3090 3082 3155 exultationem
3098 3092 3160 3136 de
3170 3091 3578 3155 illuminatione
3594 3092 3774 3139 utrius-

2157 3153 2257 3218 que
2301 3157 2495 3217 populi,
2527 3156 2721 3201 scilicet
2763 3154 3052 3218 Iudaeorum
3088 3158 3137 3218 et
3161 3153 3428 3218 Gentium,
3462 3167 3587 3218 quas
3610 3155 3772 3218 futura

2080 3199 2129 3274 Ο
2159 3199 2262 3268 8:31
2284 3199 2921 3278 ᾗδῖδῖίιῖἱέῑίιῶίιδεαὶὼμε
2938 3215 3075 3278 dico,
3106 3215 3319 3278 habitus
3358 3199 3428 3262 sit
3451 3199 3702 3278 Hymnis,
3724 3199 3771 3262 id

2155 3287 2245 3339 est,
2269 3276 2325 3327 in
2351 3281 2588 3327 laudibus
2613 3280 2723 3339 Det:
2751 3279 2830 3325 vel
2853 3277 2913 3324 in
2929 3276 3172 3340 hymnis,
3190 3277 3347 3339 idest,
3374 3276 3516 3325 inter
3538 3278 3770 3339 illos,qui

2156 3342 2642 3413 perrex_cellentiam_
2675 3345 2913 3413 vocantur
2964 3340 3166 3413 l‘iym‘ni.
3194 3341 3460 3413 intellexit
3494 3342 3636 3387 enim
3656 3353 3775 3413 ‘pro-

2155 3402 2304 3475 pheta
2329 3407 2478 3475 Deum
2498 3416 2607 3475 esse
2630 3404 2936 3475 laudandum
2958 3402 3020 3448 de
3044 3402 3454 3475 iituminatione,
3467 3416 3627 3462 quam
3641 3403 3775 3475 datu-

2156 3464 2243 3524 }us
2267 3473 2372 3514 erat
2396 3467 2588 3515 mundo
2613 3479 2626 3514 :
2653 3466 2715 3513 de
2737 3479 2837 3525 qua
2862 3476 3037 3512 omnes
3058 3464 3305 3512 debemus
3317 3478 3441 3511 eum
3455 3478 3661 3511 summo
3674 3470 3772 3510 stu-

2156 3540 2241 3586 dio
2264 3530 2485 3579 laudare.
2501 3531 2603 3576 Hoc
2616 3530 2751 3575 enim
2776 3527 2995 3574 intendit
3015 3528 3293 3575 admonere
3305 3528 3566 3586 psalmus,
3580 3528 3672 3585 qui
3684 3538 3775 3571 nos

2156 3595 2331 3653 diirgit
2354 3594 2407 3639 in
2429 3593 2600 3653 finem,
2627 3591 2679 3637 id
2696 3595 2771 3637 est
2794 3590 3070 3637 Christum.
3084 3591 3290 3653 Materia
3309 3595 3390 3636 est
3404 3591 3644 3653 Christus
3656 3589 3779 3635 illn-

2156 3652 2391 3711 minator.
2417 3657 2471 3701 In
2496 3652 2660 3713 prima
2683 3657 2820 3712 parte
2843 3657 3077 3713 precatur
3099 3652 3583 3713 illuminationem.
3600 3652 3660 3713 In
3690 3662 3775 3713 scf

2156 3725 2323 3773 cunde
2345 3722 2481 3780 parte
2497 3711 2642 3780 (quas
2671 3711 2870 3776 incipit,
2882 3711 3263 3780 Confiteantur
3275 3712 3376 3761 tibi
3387 3711 3771 3780 populi,D_cus}

2156 3772 2381 3836 hortatu}
2404 3772 2466 3826 ad
2502 3772 2767 3837 utramque
2782 3772 3174 3836 confessionem,
3201 3777 3353 3833 idest,
3380 3772 3573 3835 peccati
3593 3772 3641 3822 et
3655 3772 3772 3821 lané

2156 3852 2251 3898 dis,
2300 3845 2356 3890 Et
2397 3842 2539 3899 ponit
2566 3852 2797 3889 caussam
2823 3840 2973 3886 Deum
2993 3840 3221 3896 judicem
3249 3852 3462 3899 aequum
3493 3851 3507 3886 :
3533 3840 3592 3885 In
3629 3839 3771 3883 tertia

2156 3917 2312 3971 parte,
2338 3918 2438 3971 qua
2462 3907 2635 3963 repetit
2658 3901 2895 3971 eumdem
2920 3913 3143 3962 versum,
3166 3902 3509 3971 admonetad
3541 3900 3769 3971 eamdem

2156 3963 2522 4021 confessionem
2550 3980 2566 4013 :
2589 3966 2674 4013 sed
2688 3965 2787 4012 alia
2808 3963 2868 4010 de
2890 3976 3088 4018 caussa,
3106 3963 3321 4023 scilicet,
3339 3963 3470 4021 quia
3487 3968 3618 4009 terra
3628 3963 3775 4021 prius

2156 4036 2363 4093 sterilis,
2378 4031 2523 4076 modo
2548 4030 2602 4076 in
2618 4028 2834 4093 adventu
2855 4026 2969 4093 Filii
2988 4025 3127 4093 dedit
3144 4027 3368 4093 fructum
3388 4038 3541 4093 suum
3559 4062 3572 4072 .
3585 4024 3773 4093 thuia

2155 4098 2286 4146 vidit
2308 4086 2417 4144 esse
2440 4093 2612 4138 omnia
2635 4092 2766 4138 bona
2788 4102 2849 4135 ex
2881 4088 3231 4135 misericordia
3256 4089 3367 4144 Dei,
3393 4092 3666 4146 antequam
3690 4086 3770 4131 di-

2156 4165 2233 4209 cat
2255 4161 2316 4208 de
2338 4153 2731 4214 illuminatione,
2766 4150 3168 4198 misericordiam
3197 4155 3436 4211 precatur
3457 4150 3638 4197 dimns
3660 4160 3673 4196 :

2598 4273 2999 4341 PSALMUS
3058 4272 3279 4338 LXVI
3293 4320 3309 4335 .

2218 4405 2271 4461 2.
2296 4407 2437 4457 Deus
2469 4404 2789 4454 misereatur
2810 4399 3001 4450 nostri.
3025 4398 3390 4451 Dimittendo
3411 4403 3670 4463 peccata.
3697 4396 3769 4446 Et

2155 4477 2423 4529 benedieat
2447 4474 2626 4537 nobis,
2650 4472 2709 4524 id
2731 4475 2841 4533 est,
2864 4471 3205 4535 multiplicet
3225 4482 3337 4522 nos
3361 4475 3421 4521 et
3441 4482 3687 4522 numero
3710 4474 3769 4521 et

2161 4550 2411 4601 virtute:
2443 4548 2554 4599 hoc
2590 4544 2855 4598 videlicet
2891 4542 3111 4605 ordine,
3148 4545 3216 4594 ut
3249 4541 3528 4591 illuminat
3555 4542 3765 4591 vultum

462 4592 801 4677 asinina
809 4592 1037 4677 publice
1056 4592 1920 4678 praedicittstpeasns‘aieta
1935 4592 2056 4666 ea..-
2083 4592 2140 4665 D
2526 4592 2872 4678 ἶιοὲῖῖἱῖὲέί,
2896 4592 2957 4664 in
2970 4592 3261 4678 superiori
3287 4617 3453 4677 parte
3475 4614 3678 4673 nostri,
3704 4615 3769 4665 in

459 4684 653 4735 fessus
679 4696 830 4734 sum.
857 4685 1069 4733 Parum
1092 4687 1183 4734 est
1210 4683 1462 4736 exaltare
1484 4686 1672 4736 Deum
1697 4685 1926 4751 lingua,
1952 4688 2055 4740 sed

462 4759 523 4807 et
547 4754 658 4805 sub
677 4753 878 4817 lingua
902 4768 914 4803 :
946 4757 1013 4804 ut
1034 4753 1189 4815 quod
1215 4760 1407 4806 certus
1430 4754 1699 4821 loqueris,
1725 4757 1935 4809 tacitus
1946 4759 2057 4811 hoc

464 4825 699 4889 cogites.
718 4825 817 4875 Ille
840 4824 1386 4878 clamatexultanter
1406 4827 1514 4877 sub
1524 4826 1742 4892 lingua,
1761 4840 1937 4892 quem
1954 4846 2055 4879 non

462 4894 753 4948 remordet
774 4894 1142 4946 conscientia.
1166 4898 1343 4961 Cujus
1365 4901 1559 4948 autem
1571 4899 1919 4951 conscientia
1932 4914 2059 4966 pec-

464 4966 646 5037 catrix
669 4970 773 5030 est,
799 4966 928 5037 ejus
951 4978 1183 5030 quoque
1206 4968 1384 5019 oratio
1408 4967 1628 5019 inutilis
1653 4972 1743 5021 est
1764 4969 1942 5033 (Joan.
1961 4971 2053 5037 9.).

463 5036 627 5101 Quod
650 5036 952 5088 manifeste
985 5037 1321 5098 declaratur,
1350 5051 1482 5089 cum
1507 5039 1776 5091 subditur
1799 5056 1815 5089 :

525 5106 611 5163 18.
636 5109 983 5173 Iniquitatem
1005 5109 1052 5156 si
1075 5109 1265 5172 aspexi
1285 5110 1346 5157 in
1368 5109 1521 5158 corde
1542 5124 1657 5160 meo
1678 5126 1788 5161 non
1805 5114 2057 5166 exaudiet

460 5180 747 5230 Dominus.
774 5180 949 5241 Quasi
965 5179 1241 5242 aspicitur
1253 5180 1308 5230 in
1324 5178 1494 5230 corde
1509 5180 1802 5247 iniquitas,
1821 5186 2054 5247 quando

462 5264 530 5305 ea
561 5252 774 5303 mentis
794 5250 977 5301 oculis
1016 5249 1219 5313 placet,
1252 5248 1484 5313 quando
1518 5249 1787 5315 delectat,
1819 5257 2052 5317 quando

459 5336 587 5376 eam
612 5323 739 5387 ipsa
761 5322 904 5373 ratio
915 5320 1210 5385 approbat,
1228 5325 1285 5371 et
1306 5333 1397 5371 am
1407 5325 1482 5372 at.
1501 5322 1578 5371 Ea
1594 5323 1765 5387 enim,
1783 5338 1914 5388 quae
1929 5330 2053 5376 dili-

458 5397 671 5459 gimus,
710 5394 957 5446 libenter
991 5393 1243 5458 aspicere
1266 5392 1541 5445 solemus.
1566 5395 1678 5446 Sed
1707 5396 1839 5460 quia
1879 5398 2054 5460 (sicut

459 5470 737 5530 scriptum
777 5466 880 5529 est)
919 5464 1236 5516 immundis
1266 5469 1323 5517 et
1358 5466 1751 5529 peccatoribus
1787 5468 1930 5519 nihil
1963 5475 2052 5521 est

453 5537 871 5600 mundum(Tit.
899 5536 970 5601 1.)
996 5552 1008 5587 :
1044 5536 1322 5600 quicquid
1350 5537 1423 5587 ab
1438 5536 1741 5589 immundo
1765 5539 1935 5590 corde
1959 5542 2052 5592 de-

453 5608 693 5670 rivatur,
720 5608 842 5659 sive
859 5608 934 5658 sit
956 5609 1157 5672 oratio,
1184 5610 1308 5661 sive
1332 5609 1681 5674 prmdicatio,
1700 5610 1824 5662 sive
1849 5624 2050 5675 opera-

454 5677 554 5735 tio,
580 5681 809 5728 totuma
822 5678 938 5728 Deo
962 5678 1330 5730 immundum
1345 5683 1401 5730 et
1411 5679 1836 5732 infructuosum
1846 5688 2046 5742 reputa-

452 5746 563 5816 tur.
590 5747 737 5809 Ergo
765 5759 884 5798 non
905 5749 1175 5801 exaudiet
1196 5751 1355 5801 Deus
1376 5762 1625 5815 precem,
1652 5752 1823 5816 cujus
1845 5764 1919 5804 ex
1933 5752 2047 5803 ini-

455 5814 672 5875 quitate
729 5821 1056 5881 corruptam
1100 5820 1380 5884 conspicit
1409 5824 1685 5875 mentem.
1721 5814 1848 5875 Noli
1870 5823 2049 5888 igitur

2155 4694 2348 4745 mente
2369 4691 2566 4743 nostra
2590 4686 2889 4751 splendere
2912 4684 3082 4736 faciat
3102 4684 3303 4735 Filium
3317 4697 3517 4746 suum,
3531 4686 3771 4749 sapien—

2156 4765 2293 4815 tiam
2323 4774 2511 4822 suam,
2537 4760 2636 4824 qui
2659 4763 2750 4809 est
2761 4756 2979 4820 vultus,
2997 4761 3057 4807 et
3079 4754 3273 4819 imago
3288 4755 3441 4819 ejus.
3457 4757 3566 4807 Per
3580 4758 3771 4806 Filium

2154 4835 2306 4885 enim
2329 4833 2776 4896 repraasentatur
2799 4830 2979 4888 Pater,
3007 4826 3160 4877 sicut
3178 4827 3303 4891 ipse
3326 4826 3410 4877 ait
3435 4842 3450 4876 :
3481 4827 3593 4889 Qui
3612 4826 3778 4880 videt

2154 4918 2267 4968 me,
2293 4903 2453 4955 videt
2474 4906 2533 4954 et
2556 4903 2780 4953 Patrem
2810 4899 2989 4961 (Joan.
3027 4897 3154 4961 14.).
3190 4897 3417 4949 Deinde
3442 4899 3782 4964 subjuugit,

2154 4975 2307 5040 quod
2337 4974 2700 5039 prmmiserat
2724 4986 2737 5022 :
2783 4971 2850 5020 Et
2874 4970 3195 5019 misereatur
3216 4969 3413 5020 nostri.
3438 4971 3780 5040 Utrumque

2153 5038 2243 5098 est
2267 5038 2421 5096 enim
2444 5043 2614 5096 nobis
2637 5042 3051 5101 necessarium,
3076 5044 3133 5091 et
3158 5045 3477 5104 utrumque
3512 5038 3779 5105 legimus

2154 5117 2462 5180 scriptum:
2491 5117 2559 5167 Et
2583 5112 2977 5165 misericordia
2998 5113 3128 5174 ejus
3152 5110 3476 5175 prmveniet
3492 5123 3589 5162 me
3602 5112 3773 5175 (PsaL

2153 5185 2299 5249 58.):
2346 5188 2417 5238 Et
2460 5183 2848 5237 misericordia
2890 5183 3016 5246 ejus
3048 5183 3446 5246 subsequetur
3478 5194 3575 5233 me
3601 5184 3777 5245 (Psal.

2151 5256 2278 5320 22.).
2331 5258 2518 5309 Prima
2560 5269 2698 5320 ergo
2746 5253 3137 5305 misericordia
3179 5257 3290 5317 est,
3318 5253 3391 5304 de
3420 5253 3778 5306 remissione

2149 5334 2531 5393 peccatorum,
2559 5328 2629 5379 de
2654 5325 3024 5378 multitudine
3051 5325 3358 5385 virtutum,
3381 5324 3452 5375 de
3470 5323 3777 5377 illumina-

2153 5400 2305 5451 tione
2330 5398 2645 5464 sapientius.
2661 5396 2927 5450 Secunda
2941 5394 3339 5447 misericordia
3353 5399 3462 5457 est,
3478 5394 3575 5446 vel
3594 5397 3772 5457 bona,

2152 5483 2286 5534 quis
2308 5470 2545 5535 largitur
2568 5469 2946 5532 Deus,utjam
2961 5467 3022 5518 in
3038 5467 3208 5520 nobis
3221 5478 3575 5519 conservare
3587 5470 3771 5528 digne»

2153 5546 2263 5594 tur.
2287 5545 2607 5606 Utrumque
2631 5540 2938 5591 hortantur
2958 5538 3190 5603 psalmi,
3228 5542 3297 5588 ut
3319 5550 3429 5589 nos
3456 5538 3767 5611 benedicat

2148 5614 2325 5676 Deus,
2345 5617 2402 5664 et
2414 5618 2480 5664 ut
2490 5626 2597 5663 nos
2610 5611 3019 5663 benedicamus
3032 5610 3240 5660 Deum.
3255 5611 3383 5658 Cum
3400 5611 3657 5658 benedicit
3670 5610 3765 5659 nos

2148 5685 2325 5747 Deus,
2371 5697 2478 5735 nos
2516 5682 2849 5735 crescimus.
2880 5682 2951 5732 Et
2973 5692 3108 5731 cum
3133 5679 3535 5731 benedicimus
3552 5680 3758 5742 Deum,

2145 5766 2256 5806 nos
2278 5755 2612 5807 crescimus.
2638 5756 2955 5818 Utrumque
2973 5751 3147 5804 nobis
3178 5750 3440 5816 prodest.
3456 5751 3760 5803 Priorestin

2110 5850 2115 5855 ι
2144 5825 2316 5879 nobis
2360 5825 2685 5879 benedictio
2720 5824 2968 5886 Domini,
2995 5827 3054 5877 et
3075 5834 3451 5887 consequens
3474 5827 3586 5885 est,
3610 5826 3679 5877 ut
3705 5827 3762 5876 et
