3880 6222
1050 357 1125 407 ΙΝ
1160 357 1485 411 PSALMOS
1517 355 1726 418 LXXV
1758 355 2344 410 COMMENTARIUS.

3235 368 3342 425 910

0 478 130 545 nos
160 468 592 545 benedicamus
606 467 935 545 Dominum.
948 467 1051 519 Illa
1062 468 1274 533 pluvia,
1292 469 1400 523 iste
1423 471 1644 545 fructus
1666 471 1723 545 Α
1747 470 1817 545 Bt
1838 467 2159 545 notandum
2175 468 2329 545 quod
2349 482 2493 545 cum,
2505 474 2670 526 tertio
2685 475 2899 530 diceret
2917 480 3097 544 Deus,
3112 492 3231 531 non
3242 483 3343 545 ait,

0 542 103 589 est
141 552 164 589 :
222 539 502 589 illuminet
535 538 759 603 (inquit]
798 538 1005 587 vultum
1029 554 1192 588 suum
1213 555 1374 605 super
1395 556 1493 590 nos
1518 556 1531 592 :
1557 541 1646 592 lu-
1666 538 1723 545 ““
1747 540 2018 590 Metuunt
2040 550 2159 599 eos,
2192 539 2295 590 sed
2318 554 2458 589 eum.
2473 544 2539 593 In
2554 556 2669 607 quo
2690 548 2989 601 evidenter
3005 538 3253 603 Trinitas
3270 538 3342 600 esi

0 621 169 661 men
211 623 393 662 suum
417 610 586 661 nobis
609 609 977 674 impressum,
998 622 1098 674 per
1119 623 1227 663 nos
1255 612 1647 675 obscuratum,

0 685 62 732 et
100 679 250 732 fere
277 681 604 732 extinctum
627 684 718 732 est
740 693 839 745 per
860 685 1180 744 peccatum.
1207 684 1335 746 Ipse
1359 696 1493 747 ergo
1529 696 1653 747 pec-

0 755 240 803 catum
273 752 437 804 tollat
473 755 532 801 et
561 749 864 802 illuminat.
894 751 1082 802 Mittat
1106 752 1325 803 radium
1352 754 1650 817 sapientiae

0 834 186 875 sum.
218 824 524 874 Tenebras
546 825 778 873 nostras
802 821 1069 887 expellat,
1100 827 1167 874 ut
1188 823 1248 874 in
1269 825 1437 875 nobis
1461 825 1650 889 imago

0 894 50 957 ej
65 907 166 945 us
196 893 440 959 fulgeat.
473 896 658 956 Quare
688 893 973 946 convertit.
996 906 1059 945 se
1083 894 1158 945 ad
1180 894 1285 946 Dei
1316 894 1649 947 familiarem

0 964 418 1027 locutionem,
445 969 503 1017 et
524 964 663 1015 dicit
687 981 699 1013 :

72 1034 146 1090 3.
212 1037 285 1086 Ut
335 1050 716 1100 cognoscamus
760 1035 824 1084 in
866 1039 1011 1086 (eam
1054 1036 1205 1086 viam
1248 1041 1417 1088 tuam.
1450 1039 1518 1089 In
1536 1050 1651 1102 qua

0 1110 243 1159 terra?
277 1107 344 1156 In
380 1106 630 1156 omnibus
659 1106 920 1171 gentibus.
946 1109 1129 1170 Quam
1156 1108 1307 1160 viam
1329 1111 1356 1158 ?
1399 1108 1651 1159 Salutare

0 1184 223 1242 tuum,
252 1177 313 1229 id
336 1182 444 1243 est,
470 1179 679 1230 Filium
693 1184 878 1243 tuum,
895 1191 1009 1243 quo
1022 1179 1331 1232 salvemur.
1351 1182 1479 1244 Ipse
1494 1180 1649 1232 enim

0 1249 94 1300 ait.
161 1265 181 1300 :
236 1252 361 1314 Ego
399 1262 531 1301 sum
578 1250 690 1312 via,
726 1251 940 1301 veritas
973 1252 1030 1302 et
1050 1251 1165 1302 vita
1187 1250 1369 1315 (Joan.
1408 1250 1534 1315 14.).
1561 1251 1650 1302 Ad

0 1320 139 1372 hoc
173 1332 325 1385 ergo
348 1319 638 1385 miserere,
656 1320 732 1371 ad
752 1320 865 1372 hoc
879 1319 1157 1385 illumina,
1177 1325 1241 1371 ut
1251 1321 1404 1374 viam
1417 1333 1653 1386 cognos-

0 1403 163 1442 cam
175 1405 276 1454 us,
290 1404 392 1456 per
407 1403 583 1456 quam
604 1392 676 1443 ad
701 1395 757 1443 te
776 1391 1102 1457 pertingere
1128 1390 1180 1459 3
1192 1390 1301 1459 27
1323 1393 1620 1445 valeamus
1632 1429 1644 1442 .

0 1462 309 1515 Attende
351 1462 641 1526 quomodo
684 1463 867 1514 factus
908 1468 999 1515 est
1038 1465 1205 1515 nobis
1241 1464 1504 1515 Christus
1533 1463 1649 1515 via.

0 1533 428 1600 Evangeiista
447 1534 600 1586 dicat
625 1551 636 1583 :
675 1534 930 1585 Verbum
955 1546 1086 1586 caro
1110 1535 1324 1586 factum
1344 1539 1452 1595 est,
1480 1538 1539 1587 et
1559 1534 1653 1586 ha-

0 1606 262 1657 bitavit
307 1606 370 1656 in
402 1604 571 1656 nobis
617 1604 795 1667 (Joan.
833 1604 921 1668 1.).
959 1608 1022 1656 In
1048 1618 1116 1657 eo
1138 1618 1292 1670 ergo,
1318 1605 1473 1669 quod
1497 1607 1652 1657 Deus

0 1679 236 1729 factus
288 1682 379 1728 est
421 1677 614 1738 homo,
654 1675 790 1728 data
826 1681 917 1729 est
937 1677 1107 1728 nobis
1129 1676 1359 1729 ﬁducia.
1386 1681 1451 1729 ut
1478 1677 1651 1728 homo

0 1748 232 1813 possit
257 1747 383 1799 ﬁeri
402 1749 575 1799 Deus.
601 1749 670 1798 Et
692 1748 831 1810 quia
852 1751 1113 1800 nostram
1134 1761 1363 1800 carnem
1387 1747 1522 1799 fecit
1542 1748 1651 1798 im-

0 1818 373 1883 mortalem,
387 1818 545 1871 dedit
568 1819 742 1870 nobis
758 1819 1151 1871 certitudinem
1168 1820 1468 1871 mortalem
1479 1831 1650 1884 posse

0 1891 378 1956 pertingere
407 1889 481 1941 ad
521 1889 1030 1941 immortalitatem.
1066 1892 1206 1943 Haec
1228 1896 1317 1942 est
1338 1890 1454 1951 via,
1475 1902 1651 1954 quam

1 1961 308 2014 ostendit
339 1960 507 2011 nobis
530 1962 687 2012 Deus
710 1962 771 2011 in
796 1965 963 2023 terra,
978 1973 1097 2025 qua
1119 1961 1451 2025 gradiamur
1464 1960 1536 2012 ad
1552 1973 1660 2012 cte-

0 2033 236 2086 lestia.
266 2033 338 2083 Et
370 2032 496 2084 haec
523 2037 612 2084 est
644 2031 790 2083 ﬁdes
812 2037 1030 2084 nostra.
1138 2029 1147 2039 ‘

76 2105 150 2159 4.
212 2104 595 2166 Conﬁteantur
617 2115 754 2167 ergo
778 2103 874 2151 tibi
898 2101 1111 2168 populi,
1146 2102 1286 2152 Deus
1302 2103 1658 2166 conﬁteantur

9 2176 127 2226 tibi
159 2174 369 2239 populi
380 2189 579 2225 omnes.
598 2175 744 2236 Quia
754 2179 1153 2239 cognoverunt
1163 2174 1312 2226 viam
1329 2178 1508 2226 tuam.
1524 2178 1657 2224 Cou-

3 2249 327 2300 ﬁteantur
351 2245 474 2309 jam
503 2249 737 2310 peccata
760 2257 883 2296 sua.
929 2246 1324 2297 Conﬁteantur
1347 2247 1405 2297 et
1428 2245 1657 2297 laudem

3 2326 230 2371 tuam.
262 2318 331 2367 Et
354 2328 471 2368 non
494 2330 648 2368 unus
677 2315 927 2381 populus
945 2320 1191 2378 tantum,
1219 2316 1322 2368 sed
1341 2316 1534 2381 populi
1549 2331 1659 2365 om-

3 2406 119 2440 nes
155 2403 173 2439 :
206 2388 353 2452 quia
394 2387 467 2439 ad
515 2389 759 2452 gratiam
795 2388 1120 2439 invitantur
1155 2400 1378 2440 omnes.
1404 2388 1570 2439 Prius
1594 2400 1658 2440 se

2 2464 332 2514 accusent
357 2473 371 2508 :
402 2459 561 2523 prius
584 2472 647 2511 se
675 2458 1081 2524 condemnant,
1098 2461 1164 2510 ut
1187 2459 1269 2511 sic
1283 2459 1656 2524 postmodum

5 2534 223 2597 digne
253 2535 310 2582 te
333 2529 587 2581 laudent.
616 2530 765 2592 Quid
788 2530 959 2582 times
982 2530 1260 2594 conﬁteri,
1284 2542 1318 2581 o
1341 2530 1532 2594 homo,
1558 2530 1658 2593 qui

2 2616 160 2657 non
179 2600 521 2653 conﬁtendo
544 2613 675 2652 esse
701 2614 819 2653 non
833 2606 996 2665 potes
1021 2602 1317 2653 occultus?
1336 2603 1657 2649 Damnaberis

6 2675 291 2735 tacitus,
318 2672 420 2736 qui
444 2684 646 2736 posses
660 2671 891 2724 liberari
920 2671 1240 2724 confessus.
1253 2670 1345 2723 Ad
1359 2671 1657 2735 hocexigit

5 2752 215 2801 Deus.
230 2743 686 2807 confessionem,
709 2748 777 2795 ut
803 2742 1007 2795 liberet
1028 2743 1321 2795 humilem.
1347 2742 1561 2806 thuia
1577 2743 1657 2794 is-

9 2826 81 2871 ta
112 2816 427 2869 confessio
452 2828 570 2867 non
591 2815 666 2865 ad
689 2813 1031 2879 supplicium
1063 2814 1241 2878 ducit,
1272 2813 1377 2865 sed
1400 2813 1473 2865 ad
1510 2826 1655 2878 gau-

5 2891 207 2943 dium
240 2902 257 2937 :
288 2887 554 2950 sequitur
574 2890 634 2937 et
666 2885 839 2937 dicit:

86 2961 442 3016 5.Laelentur
486 2963 533 3007 et
566 2957 801 3008 exultent
834 2961 1028 3021 gentes.
1061 2955 1288 3009 Laetitia
1319 2955 1562 3009 refertur
1583 2955 1657 3007 ad

0 3034 311 3085 animam
339 3043 352 3080 :
379 3029 656 3081 exultatio
681 3028 756 3080 ad
784 3040 1012 3090 corpus.
1037 3029 1179 3078 Cum
1195 3040 1331 3091 ergo
1357 3026 1660 3080 salventur

0 3113 287 3167 corpore
313 3104 373 3152 et
395 3099 605 3158 anima,
622 3098 918 3163 laetentur,
951 3103 1011 3150 et
1045 3099 1309 3150 exultent
1336 3102 1558 3163 gentes.
1591 3099 1661 3148 Et

0 3176 174 3227 dicit.
202 3183 392 3236 quare
418 3186 431 3221 :
457 3172 594 3236 quia
620 3170 839 3234 judicas
857 3170 1083 3234 populos
1107 3171 1169 3219 in
1196 3170 1459 3233 aequitate.
1498 3169 1650 3222 Red-

0 3245 235 3299 denda
255 3241 503 3307 singulis
517 3243 841 3294 secundum
858 3242 1062 3293 merita
1077 3252 1197 3293 sua.
1222 3240 1438 3304 thuia
1452 3248 1650 3303 propter

0 3320 139 3370 hoc
167 3327 303 3367 non
325 3314 575 3366 multum
596 3313 924 3367 laudaretur
949 3314 1103 3378 (quia
1126 3312 1241 3364 nisi
1264 3315 1649 3362 misericorditer

0 3392 67 3442 in
96 3388 233 3440 hac
262 3387 385 3438 vita
407 3385 581 3437 etiam
605 3385 869 3436 homines
888 3384 1173 3449 visitaret,
1189 3397 1393 3435 omnes
1407 3384 1649 3436 damna-

0 3459 283 3520 rentur),
308 3457 438 3509 ideo
460 3457 672 3521 adjecit
697 3472 710 3507 :
736 3457 805 3505 Et
823 3461 998 3520 gentes
1018 3457 1079 3504 in
1091 3460 1235 3504 terra
1254 3455 1475 3519 dirigis:
1504 3457 1645 3507 sub-

0 3530 225 3591 audis,
253 3533 352 3585 .ut
381 3533 534 3580 recte
564 3527 815 3580 vivendo
838 3526 1152 3579 ambulent.
1189 3526 1462 3578 Distortm
1485 3532 1648 3579 erant

0 3605 247 3670 gentes
289 3614 303 3650 :
345 3600 507 3651 venit
550 3612 758 3670 manus
792 3599 893 3650 Dei
933 3613 946 3650 :
986 3603 1222 3651 extenta
1263 3598 1646 3650 misericordi-

0 3684 129 3735 ter,
183 3671 419 3722 Direxit
453 3683 553 3734 per
584 3669 890 3734 justitiam,
932 3682 1079 3733 quos
1108 3673 1397 3721 tortuosos
1426 3671 1645 3721 invenit

0 3758 121 3813 per
151 3741 665 3806 culpam.Directse
690 3745 1053 3813 suntgentes
1078 3741 1406 3793 :ambulant
1429 3742 1489 3792 in
1513 3741 1641 3807 ﬁde,

0 3815 371 3883 gaudentes
407 3814 467 3864 in
498 3815 618 3864 Deo
642 3824 765 3873 suo,
793 3812 884 3877 pia
907 3825 1079 3877 opera
1102 3813 1394 3864 facientes.
1420 3814 1645 3878 Repetit

0 3900 164 3953 ergo
203 3884 461 3938 eundem
488 3897 723 3936 versum
759 3883 818 3934 in
847 3885 1262 3949 exhortatione,
1297 3897 1471 3948 quam
1496 3898 1644 3949 prae-

0 3959 224 4013 nisit:
276 3956 378 4007 sed
401 3957 571 4008 aliam
595 3968 864 4007 caussam
887 3956 1103 4008 subdit.

69 4030 140 4086 6.
176 4029 561 4090 Confiteantur
603 4027 699 4076 tibi
730 4027 920 4092 populi
951 4028 1128 4078 Deus:
1164 4029 1524 4092 conﬁteantur
1547 4027 1642 4078 tibi

0 4100 227 4168 φορυιί
282 4112 485 4161 omnes,
527 4098 679 4150 Audi
710 4110 981 4149 caussam
1007 4113 1020 4149 :
1052 4099 1215 4148 Terra
1237 4099 1378 4148 dedit
1398 4098 1641 4161 fructum

0 4187 214 4225 ruum.
259 4170 453 4234 Terra,
476 4183 611 4234 quin
632 4171 791 4234 prius
819 4168 1125 4222 maledicta
1149 4175 1289 4233 erat,
1312 4173 1371 4221 et
1392 4169 1641 4234 profere-

0 4252 115 4301 χιι
145 4241 364 4307 spinas
391 4246 451 4293 et
474 4241 718 4293 tribulos
753 4241 829 4306 (in
852 4240 1270 4298 maledictione,
1296 4252 1473 4303 quam
1497 4240 1643 4293 dixit

0 4323 188 4370 )eus
210 4311 364 4365 Adm
391 4329 402 4360 :
429 4311 725 4364 Maledicta
748 4316 899 4363 terra
920 4312 981 4363 in
1009 4324 1177 4376 opere
1202 4316 1302 4363 tuo
1322 4311 1524 4376 [ϐοτηε.
1542 4311 1636 4377 3.])

0 4392 183 4443 'acta
207 4388 307 4436 est
337 4383 440 4446 (Eae
470 4383 795 4447 Augustino)
834 4383 1146 4435 fructicans
1171 4382 1362 4434 dando
1389 4382 1641 4436 fructum

0 4469 232 4522 tuum,
258 4454 319 4505 id
349 4459 457 4519 est,
494 4454 900 4508 convenientia
921 4467 1092 4518 opera
1114 4466 1239 4506 sua.
1263 4455 1465 4506 Omnis
1488 4459 1641 4507 terra

0 4535 147 4586 :rat
190 4526 383 4593 spinis
407 4525 589 4591 plena.
617 4525 881 4578 Accessit
902 4525 1247 4577 eradicantis
1269 4537 1482 4577 manus
1506 4540 1519 4577 :
1544 4538 1640 4578 ac-

0 4600 212 4657 :essit
237 4597 469 4649 vocatio
484 4597 804 4663 majestatis
827 4598 979 4661 ejus,
1003 4597 1493 4650 etmisericordiaa.
1517 4600 1640 4651 Cae-

0 4678 95 4729 iit.
126 4675 302 4725 terra
323 4668 599 4721 conﬁteri.
618 4671 648 4720 J
654 4681 750 4720 am
762 4668 863 4720 dat
876 4673 1026 4720 terra
1048 4668 1300 4720 fructum
1325 4681 1514 4720 suum.
1529 4672 1636 4722 Fe-

0 4750 86 4800 :it.
119 4742 299 4795 enim
322 4742 496 4803 Deus,
522 4741 673 4804 quod
699 4740 1078 4803 subjunctum
1107 4743 1232 4792 est:

62 4816 140 4872 7.
191 4811 485 4863 Benedicat
522 4827 621 4861 nos
664 4811 824 4871 Deus,
848 4812 988 4861 Deus
1024 4816 1218 4872 noster,
1244 4810 1514 4863 benedicat
1542 4827 1640 4863 nos

0 4893 173 4941 Deus
200 4897 218 4949 ;
254 4889 301 4932 et
340 4888 582 4932 metuant
608 4897 731 4932 eum
765 4897 947 4932 omnes
966 4883 1100 4945 ﬁnes
1133 4889 1299 4933 terrae.
1326 4884 1509 4935 Etiam
1535 4886 1656 4945 (Ea!

5 4956 163 5020 od.)
228 4959 408 5018 atque
450 4953 842 5019 multipliciter
869 4953 1276 5007 benedicendo.
1312 4956 1639 5008 Benedictio

0 5031 189 5084 inim
213 5026 279 5077 in
304 5024 776 5090 multiplicatione
798 5024 944 5077 solet
968 5026 1223 5077 maxime
1247 5030 1304 5079 et
1332 5028 1556 5092 proprie
1580 5029 1640 5079 in

0 5098 218 5164 enigi
245 5110 260 5146 :
290 5095 445 5159 quod
469 5098 531 5147 in
553 5096 760 5148 Genesi
784 5095 1156 5148 manifestum
1180 5101 1288 5149 est.
1316 5099 1458 5149 Nam
1485 5099 1642 5163 quod

0 5173 167 5229 ecit
200 5169 366 5220 Deus
393 5165 605 5230 lucem,
628 5171 686 5219 et
707 5167 904 5219 divisit
927 5179 962 5218 a
984 5168 1266 5220 tenebris:
1303 5172 1362 5219 et
1380 5169 1512 5221 fecit
1548 5171 1642 5221 lir-

0 5244 425 5300 namentum,
472 5242 532 5290 et
559 5238 835 5290 discrevit
855 5250 1013 5290 mare
1037 5239 1110 5289 ab
1132 5238 1293 5290 arida
1316 5254 1328 5290 :
1353 5252 1641 5303 nusquam

0 5319 83 5372 bi
120 5313 361 5364 dictum
384 5314 475 5361 est
501 5327 512 5358 :
538 5309 845 5361 Benedixit
871 5312 1038 5361 Deus.
1066 5311 1323 5361 Ventum
1346 5310 1523 5362 estad
1553 5324 1639 5375 ea,

0 5397 161 5442 nas
188 5380 570 5434 fecunditatis
594 5380 1035 5433 habituraerant
1051 5393 1279 5432 semen:
1299 5384 1640 5447 ethenedixit,

0 5450 233 5513 ficens
280 5452 403 5504 eis:
451 5452 699 5503 Crescite
742 5457 800 5504 et
836 5451 1311 5517 multiplicamini,
1351 5454 1407 5502 et
1428 5451 1641 5515 replete

0 5546 65 5596 ,q
75 5537 218 5580 uas
254 5522 431 5596 maris
447 5537 460 5573 :
485 5534 741 5596 avesque
753 5522 1207 5596 multiplicemur
1221 5535 1395 5596 super
1411 5527 1638 5596 terram.

0 5593 312 5657 .i'militer
334 5598 392 5646 et
413 5593 633 5645 homini
654 5594 1002 5646 benedicens
1026 5596 1131 5647 ait:
1153 5594 1400 5646 Crescite
1423 5597 1480 5645 et
1503 5594 1644 5644 mul«

0 5665 399 5742 [plicamini,
426 5669 483 5742 et
499 5664 717 5742 replete
740 5664 946 5742 faciem
988 5667 1156 5742 teer
1181 5666 1337 5742 (Gen.
1361 5664 1388 5720 1
1417 5666 1645 5742 )Δ.“Ρξιιθι

0 5736 256 5806 taque,
275 5736 413 5802 quia
421 5736 485 5789 in
499 5736 896 5790 benedictione
910 5736 1313 5801 multiplicatio
1325 5737 1643 5799 intelligitur.

56 5896 89 5918 ι
130 5876 463 5944 Augustin.
494 5876 745 5941 typhum.

1664 4620 1721 4695 D

1748 609 2051 683 declarata,
2079 621 2212 683 qum
2246 610 2396 662 trina
2421 610 2595 680 328
2628 617 2689 668 in
2716 621 2995 683 personis,
3014 625 3073 673 et
3089 634 3202 673 una
3220 635 3343 675 cre-

1748 681 1906 732 ditur
1930 681 1986 732 in
2016 680 2460 754 substantia.iEt
2494 680 2734 737 metuant
2760 680 3125 754 (inquit)teuni
3160 707 3344 743 omnes

1747 754 1880 816 ﬁnes
1903 756 2069 802 terrae.
2085 751 2175 803 Sic
2191 753 2549 805 abundanter
2576 756 2637 807 in
2660 751 2891 811 nomine
2926 751 3134 814 Christi
3164 764 3342 816 bene-

1749 823 1902 875 dicat
1928 836 2036 874 nos
2059 824 2235 887 Deus,
2253 828 2319 875 ut
2342 825 2473 875 ﬁliis
2498 826 2621 878 suis
2645 828 2879 893 impleat
2900 832 3236 886 universam
3260 834 3343 885 fa-

1749 895 2093 958 ciemterree,
2115 894 2401 959 adoptatis
2423 896 2482 947 in
2505 911 2748 962 regnum
2761 913 2937 952 suum
2947 902 3343 958 cohmredibus

1748 966 2035 1030 unigeniti
2070 965 2197 1016 Filii
2233 966 2323 1016 sui
2360 967 2555 1030 (Gatat.
2596 969 2687 1032 4.).
2723 971 2873 1022 Bene
2895 977 3090 1025 autem
3118 976 3236 1027 ait:
3274 977 3343 1025 Et

1749 1041 1993 1086 metuant
2017 1050 2159 1100 cum,
2185 1037 2320 1100 quia
2348 1037 2507 1089 nulla
2528 1039 2713 1091 inhoc
2736 1042 2956 1093 mundo
2979 1046 3343 1097 verasecuri-

1750 1113 1858 1159 tas.
1876 1109 2083 1159 Beatus
2098 1107 2291 1169 homo,
2311 1108 2409 1170 qui
2426 1121 2653 1174 semper
2663 1116 2751 1162 est
2765 1112 3199 1177 pavidus(P-rov.
3214 1113 3343 1177 28.).

1751 1179 1945 1233 Nescit
1968 1177 2143 1229 homo
2166 1178 2335 1238 diem,
2362 1192 2550 1243 neque
2590 1180 2810 1246 horam,
2832 1184 3065 1246 quando
3091 1188 3347 1238 transeat

1752 1247 2143 1322 (Matth._25.).
2176 1249 2372 1322 Nescit
2407 1254 2602 1302 utrum
2640 1253 2769 1305 odio
2804 1266 2881 1305 an
2903 1268 3099 1307 amore
3132 1256 3345 1322 dignus

1752 1321 1828 1372 sit.
1847 1319 2054 1384 (Eccles.
2081 1318 2172 1383 9.).
2188 1321 2519 1373 Timeamus
2540 1335 2677 1388 ergo
2693 1325 2896 1377 Deum.
2911 1318 3243 1380 Timeamus
3254 1331 3343 1389 ju-

1750 1392 1968 1445 dicium
1998 1393 2122 1456 ejus
2148 1405 2161 1442 :
2187 1396 2254 1443 ut
2276 1396 2477 1456 postea
2499 1396 2683 1445 securi
2698 1408 2830 1448 esse
2852 1397 3172 1450 valeamus.

2018 1497 2383 1562 TITULUS
2437 1500 2760 1564 PSALMI
2803 1502 3072 1567 LXVII.

1815 1612 1861 1659 1.
1889 1608 2124 1674 Sequitur
2137 1607 2323 1674 titulus
2338 1607 2517 1674 psalmi
2529 1610 2786 1669 sequentis
2801 1623 2813 1658 :
2827 1610 2891 1658 In
2904 1610 3090 1674 ﬁnem,
3099 1608 3347 1674 psalmus

1752 1670 1950 1720 cantici
1974 1668 2165 1718 David.
2193 1671 2419 1733 Psalmus
2440 1670 2549 1733 iste,
2574 1668 2663 1729 qui
2686 1677 2759 1718 est
2782 1668 3280 1732 designatus'canlici
3299 1684 3346 1723 et

1752 1735 1986 1799 maxime:
2012 1732 2352 1799 exultationis,
2376 1735 2668 1799 attribuitur
2683 1735 2834 1799 David
2861 1738 3129 1799 prophetia,
3142 1738 3230 1795 qui
3261 1738 3345 1784 hic

1755 1796 1980 1856 loquitur
2002 1795 2272 1858 attendenti
2290 1795 2344 1841 in
2370 1795 2537 1858 ﬁnem,
2564 1796 2616 1841 id
2640 1800 2729 1857 est,
2756 1797 2809 1843 in
2834 1798 3086 1845 Christum
3101 1795 3210 1847 {vel
3225 1812 3345 1847 con-

1677 1837 1731 1910 Β
1755 1837 1994 1907 side—renti
2011 1871 2085 1917 ea,
2113 1870 2228 1916 quae
2249 1857 2301 1902 in
2319 1858 2466 1904 ﬁnem
2494 1837 2767 1917 ttimporuin
2792 1837 3345 1909 eriﬁi'ieBTu'riT'riii—

1755 1935 1869 1972 mus
1891 1922 1983 1968 iste
2006 1920 2118 1966 ideo
2140 1923 2210 1966 est
2231 1920 2430 1981 cantici,
2455 1920 2576 1983 quia
2601 1924 2714 1983 tale,
2738 1923 2862 1980 quid
2886 1924 3019 1970 unde
3043 1924 3188 1970 nobis
3203 1925 3344 1971 exul-
3431 1929 3436 1934 '

1757 1985 1962 2034 tandum
1988 1986 2079 2045 est,
2103 1982 2827 2041 proponit:quiarepraasentat
2849 1986 3145 2045 mysterium
3165 1992 3345 2033 nostra;

1756 2044 2102 2107 reparationis.
2119 2045 2201 2107 Est
2224 2057 2437 2107 namque
2460 2045 2686 2103 psalmus
2699 2047 2790 2092 iste
2808 2044 3014 2094 refertus
3033 2048 3346 2107 Evangelicis

1756 2105 2104 2171 sacramentis.
2131 2105 2371 2171 Loquitur
2393 2108 2529 2171 enim
2544 2107 2614 2171 _de
2636 2110 2886 2171 passione,
2904 2110 2993 2156 ubi
3014 2105 3230 2158 dicitur:
3259 2113 3347 2159 Do-

1756 2171 1887 2219 mini
1909 2168 2109 2217 Domini
2130 2169 2294 2214 exitus
2318 2169 2509 2218 mortis.
2540 2169 2604 2215 De
2628 2168 2989 2219 resurrectione
3014 2173 3102 2218 ubi
3127 2172 3341 2219 dicitur:

1756 2236 1975 2291 Exurgat
1998 2233 2140 2277 Deus.
2167 2231 2233 2275 De
2275 2231 2586 2291 ascensione,
2620 2232 2709 2279 ubi
2733 2232 2918 2279 dicitur
2943 2247 2953 2278 ε
2980 2234 3267 2284 Ascendisti
3291 2235 3346 2281 in

1756 2297 1933 2343 alium.
1971 2295 2035 2340 De
2056 2292 2325 2340 emissione
2351 2293 2568 2351 Spiritus
2591 2295 2773 2352 Sancti,
2801 2296 2889 2342 ubi
2913 2296 3121 2343 dicitur:
3152 2297 3347 2344 Conﬁr-

1756 2372 1838 2405 ma
1861 2358 1990 2403 Deus
2014 2357 2106 2401 hoc
2128 2353 2261 2413 quod
2293 2360 2526 2412 operatus
2553 2368 2606 2401 es
2628 2357 2683 2403 in
2709 2356 2874 2404 nobis.
2903 2358 2968 2404 De
2996 2359 3347 2406 incarnatione

1756 2421 1845 2468 ubi
1869 2419 2057 2466 dicitur
2082 2431 2093 2465 :
2121 2417 2297 2463 Munda
2324 2418 2456 2463 Deus
2484 2418 2657 2465 virtuti
2681 2422 2796 2467 tute.
2829 2421 2952 2473 Quas
2974 2421 3146 2468 omnia
3168 2422 3350 2469 debent

1757 2482 1904 2530 nobis
1940 2493 2046 2528 esse
2079 2479 2272 2526 cantica
2290 2484 2337 2524 et
2359 2479 2617 2529 exultatio.
2645 2482 2842 2527 Materia
2865 2487 2938 2529 est
2961 2483 3192 2531 Christus
3214 2484 3348 2531 exal-

1758 2548 1904 2606 tatus,
1947 2548 1996 2606 et
2034 2540 2578 2606 exaltansAEcclesiam.
2631 2544 2846 2590 Intentio
2880 2550 2953 2591 est
2980 2559 3067 2592 nos
3085 2547 3350 2593 admonere

1755 2608 1818 2654 ad
1863 2603 2460 2669 Christi__exaliat_ionem,
2496 2609 2550 2650 ut
2572 2610 2830 2669 cantemus
2855 2607 3069 2669 Christo,
3093 2612 3139 2655 et
3161 2608 3350 2654 exalte-

1756 2682 1870 2716 mus
1894 2680 2027 2715 eum.
2054 2666 2168 2712 Hmc
2188 2664 2393 2724 quidem
2416 2666 2628 2712 intentio
2654 2672 2853 2714 notatur
2873 2668 2928 2713 in
2953 2664 3146 2727 psalmo
3170 2671 3223 2716 in
3241 2670 3351 2728 plu-

1756 2731 1898 2777 ribus
1923 2729 2063 2777 locis.
2089 2728 2270 2774 Invitat
2293 2728 2533 2786 propheta
2555 2742 2728 2776 omnes
2754 2730 2947 2776 futuros
2970 2731 3101 2777 ﬁlios
3118 2732 3349 2778 Ecclesiaa

1756 2798 1812 2840 ut
1834 2793 2139 2839 attendentes
2154 2790 2412 2849 beneﬁcia,
2438 2803 2550 2848 quas
2572 2792 2645 2837 eis
2666 2792 3001 2839 attribuantur
3036 2805 3125 2852 per
3164 2793 3348 2841 Christi

1755 2855 2040 2915 passionem
2064 2856 2110 2898 et
2133 2852 2566 2915 resurrectionem,
2590 2857 2704 2914 etc.,
2729 2866 2791 2899 ne
2814 2854 2868 2899 in
2894 2867 3111 2901 vacuum
3137 2857 3345 2914 gratiam

1758 2912 1843 2965 Dei
1870 2912 2205 2979 recipientia.
2248 2912 2368 2962 Cor.
2395 2912 2483 2979 6.),
2522 2912 2586 2979 ne
2613 2912 2799 2974 ingrati
2826 2916 2943 2962 sint.
2981 2916 3080 2966 Sed
3116 2912 3345 2979 gratiam,

1757 2993 1873 3039 quea
1894 2979 1968 3026 eis
2004 2991 2092 3036 per
2126 2978 2233 3022 haec
2262 2977 2501 3035 mysteria
2532 2977 2646 3023 data
2675 2983 2766 3038 est,
2804 2991 2955 3037 quam
2978 2980 3197 3026 maxime
3219 2977 3349 3027 cale-i-

1755 3042 1903 3088 brent
1932 3054 2049 3087 voce
2076 3043 2305 3101 etopere,
2326 3043 2373 3101 et
2396 3039 2450 3085 in
2475 3039 2646 3085 eadem
2670 3040 2828 3098 gratia
2845 3039 3177 3101 (sicutversus
3195 3042 3346 3089 ﬁnem

1758 3103 1939 3163 psalmi
1963 3100 2273 3165 subinfertur
2289 3115 2306 3165 7:
2321 3099 2505 3165 Regna
2520 3106 2670 3148 terrae
2687 3099 2897 3150 cantate
2921 3101 3046 3165 Deo)
3058 3104 3349 3151 omnimoda

1752 3167 2062 3225 jocunditate
2082 3164 2137 3213 in
2163 3163 2369 3210 Domino
2390 3163 2631 3212 exultent.
2656 3165 2713 3210 Et
2737 3165 3014 3211 notandum
3030 3163 3192 3225 quod,
3216 3166 3346 3214 sicut

1676 3206 1725 3282 C
1752 3206 2221 3288 agamagam;
2233 3206 2298 3271 Et
2306 3206 2485 3284 satis
2492 3206 2922 3273 instantia;
2931 3206 3069 3274 ἷιιῖτὲ
3078 3206 3346 3288 Erebis];

1751 3287 2110 3352 co’exprimat,
2158 3287 2383 3352 loquitur
2425 3288 2479 3334 in
2524 3289 2707 3352 psalmi
2755 3289 3005 3348 principio
3045 3292 3140 3336 sub
3185 3291 3345 3349 ﬁgura

1747 3354 2000 3412 optantis:
2029 3356 2192 3397 tamen
2211 3351 2357 3409 juxta
2386 3351 2684 3397 sententiam
2712 3353 3048 3399 enunciativae
3083 3352 3344 3410 orationis,

1746 3417 1821 3463 sic
1843 3414 2112 3474 incipiens.

2190 3479 2595 3545 PSALMUS
2629 3480 2899 3548 LXVII.

1808 3597 1859 3652 2.
1886 3597 2166 3660 Exsurgat
2198 3596 2358 3659 Deus,
2384 3600 2431 3645 et
2464 3595 2795 3661 dissipentur
2811 3597 3029 3647 inimici
3055 3612 3186 3662 ejus.
3210 3598 3342 3651 Jam

1744 3669 1851 3735 (Eae
1877 3668 2201 3733 Augustino)
2227 3666 2442 3719 factum
2465 3671 2573 3719 est.
2601 3669 2937 3721 Resurrexit
2980 3669 3259 3734 Christus,
3285 3676 3343 3724 et

1743 3738 2006 3804 dissipati
2032 3743 2172 3790 sunt
2192 3737 2409 3789 inimici
2431 3738 2559 3802 ejus
2575 3752 2676 3804 per
2697 3753 2899 3792 omnes
2914 3745 3137 3805 gentes.
3151 3741 3343 3795 Judaei

1742 3812 1802 3864 in
1819 3824 1886 3864 eo
1911 3812 2037 3876 ipso
2057 3809 2203 3872 loco,
2221 3810 2321 3862 ubi
2344 3810 2674 3862 inimicitias
2690 3817 3092 3877 exercuerunt,
3106 3814 3341 3863 debellati

1744 3887 1901 3946 sunt,
1929 3888 2102 3945 atque
2126 3880 2259 3933 inde
2283 3893 2381 3945 per
2403 3888 2612 3934 cuncta
2636 3882 2898 3947 dispersi.
2924 3885 2995 3935 Et
3022 3897 3181 3935 nunc
3203 3884 3342 3937 ode-

1740 3959 1897 4018 runt,
1930 3954 2032 4006 sed
2056 3956 2329 4005 metuunt
2355 3970 2365 4000 :
2396 3958 2455 4004 et
2476 3956 2604 4016 ipsa
2624 3959 2785 4005 metu
2807 3955 3044 4019 faciunt,
3068 3955 3223 4018 quod
3244 3970 3340 4008 se-

1741 4026 1956 4089 quitur.
1979 4026 2049 4073 Et
2071 4024 2403 4088 fugiantqui
2414 4023 2647 4072 oderunt
2667 4039 2790 4073 eum
2814 4041 2849 4075 a
2869 4024 3009 4087 facie
3028 4026 3161 4089 ejus.
3179 4029 3340 4092 Fuga

1740 4099 1951 4162 quippe
1982 4097 2159 4149 animi
2190 4098 2279 4147 est
2303 4096 2489 4146 timor.
2515 4097 2661 4147 Nam
2684 4097 2897 4149 carnali
2921 4098 3077 4163 fuga,
3102 4112 3218 4163 quo
3242 4099 3338 4151 fu-

1739 4171 1908 4235 giunt
1932 4181 1967 4221 a
1990 4168 2132 4219 facie
2155 4168 2204 4231 ej
2215 4180 2298 4228 us,
2326 4166 2426 4230 qui
2447 4167 2664 4230 ubique
2687 4173 2777 4219 est
2790 4173 3089 4232 praesens?
3105 4174 3227 4231 Quo
3241 4170 3336 4223 ibo

1742 4240 1969 4306 (inquit)
2008 4250 2043 4289 a
2074 4238 2275 4303 spiritu
2311 4241 2446 4289 tuo?
2477 4239 2545 4289 Et
2583 4250 2700 4301 quo
2730 4250 2766 4289 a
2801 4239 2941 4290 facie
2976 4244 3077 4291 tua
3116 4239 3335 4304 fugiam

1738 4311 1900 4375 (Psat.
1939 4308 2120 4374 138.)?
2152 4309 2360 4360 Animo
2384 4321 2539 4373 ergo,
2562 4322 2681 4361 non
2706 4322 2941 4374 corpore
2964 4309 3193 4375 fugiunt
3218 4326 3231 4361 :
3268 4312 3332 4363 ti-

1736 4382 1946 4435 mendo
1973 4383 2183 4446 potius,
2201 4392 2376 4445 quam
2398 4378 2647 4431 latendo.
2667 4381 2873 4442 Nec_ab
2897 4392 2965 4432 ea
2980 4380 3139 4442 facie,
3156 4392 3333 4444 quam

1737 4467 1857 4507 non
1882 4452 2092 4515 vident,
2120 4452 2222 4504 sed
2245 4452 2318 4503 ab
2343 4462 2428 4515 ea,
2456 4461 2633 4513 quam
2660 4456 2964 4515 coguntur,
2990 4456 3058 4503 ut
3077 4451 3330 4505 videant.

1739 4526 1937 4577 Facies
1961 4523 2175 4588 quippe
2198 4523 2323 4586 ejus
2345 4521 2627 4589 appellata
2650 4527 2739 4573 est
2760 4522 3072 4585 praesentia
3084 4523 3210 4586 ejus
3233 4536 3334 4588 per

1746 4595 2058 4648 Ecclesiam
2076 4594 2222 4658 ejus.
2242 4594 2486 4658 Fugiant
2508 4604 2688 4657 ergoa
2710 4593 2850 4644 facie
2862 4594 3005 4657 ejus.
3022 4594 3332 4647 Timeanta

1745 4667 2056 4733 praesentia
2093 4669 2423 4717 sanctorum
2453 4669 2511 4736 et
2540 4663 2798 4736 ﬁdelium
2818 4667 2966 4728 ejus.
2993 4662 3169 4736 329
3202 4667 3334 4720 Sive

1737 4752 1773 4791 a
1814 4739 1958 4792 facie
1997 4738 2124 4801 ejus
2167 4736 2408 4800 fugiant,
2453 4735 2605 4786 sicut
2634 4735 2913 4800 scriptum
2937 4743 3028 4790 est
3052 4735 3333 4792 :Tollatur

1735 4810 1967 4875 impius,
1987 4821 2060 4860 ne
2081 4807 2279 4861 videat
2302 4806 2543 4872 gloriam
2571 4805 2669 4859 Dei
2693 4807 2840 4870 (Isai.
2862 4807 2993 4873 ‘26.).
3017 4813 3102 4865 De
3125 4811 3335 4876 quibus

1735 4881 1928 4934 adhuc
1957 4879 2224 4931 subditur
2250 4892 2264 4929 :

1801 4951 1851 5007 3.
1887 4952 2038 5003 Sicut
2081 4949 2254 5014 deﬁcit
2287 4949 2475 5013 fumus
2518 4950 2789 5014 deﬁciant.
2814 4952 3160 5007 Extulerunt
3181 4953 3333 5007 enim

1741 5023 1845 5090 (Ea:
1884 5022 2211 5086 Augustino)
2258 5034 2319 5073 se
2353 5022 2426 5073 ab
2448 5022 2682 5087 ignibus
2707 5023 2972 5076 odiorum
2993 5039 3250 5092 suorum,
3274 5026 3336 5077 in

1741 5094 2026 5159 superbiae
2056 5102 2073 5122 ³
2118 5093 2457 5145 cumulum:
2512 5098 2567 5146 et
2611 5100 2892 5160 ponentes
2933 5097 2995 5148 in
3038 5099 3245 5150 caelum
3269 5110 3336 5149 os

1741 5177 1931 5229 suum,
1967 5169 2142 5227 atque
2172 5163 2526 5225 clamantes;
2571 5166 2866 5232 Cruciﬁge,
2911 5169 3181 5231 cruciﬁge
3204 5180 3336 5218 eum

1740 5238 1920 5301 (Joan.
1983 5236 2111 5299 ’19.),
2163 5236 2328 5300 quasi
2376 5237 2621 5289 victores
2668 5242 3038 5291 tumuerunt:
3068 5238 3171 5291 sed
3200 5250 3337 5289 mox

1743 5309 1880 5361 victi
1899 5312 2281 5359 evanuerunt.
2308 5310 2618 5361 Estautem
2643 5310 2935 5374 proprium
2960 5310 3337 5374 superborum

1741 5385 1807 5431 ut
1830 5380 2098 5430 deﬁciant
2114 5379 2266 5430 sicut
2289 5378 2500 5431 fumus.
2515 5381 2673 5431 Sicut
2694 5381 2845 5432 enim
2865 5381 3061 5431 fumus
3083 5378 3339 5445 procedit

1740 5452 1812 5503 ab
1830 5452 1965 5515 igne
1992 5468 2003 5499 :
2032 5450 2114 5500 sic
2138 5451 2410 5503 exaltatio
2429 5465 2625 5503 eorum
2650 5451 2989 5517 proceditab
3004 5452 3209 5502 ardore
3225 5464 3339 5499 con-

1741 5521 2131 5585 cupiscentiae.
2161 5524 2231 5573 Et
2265 5522 2414 5573 sicut
2436 5523 2635 5574 fumus
2660 5527 2876 5586 quanto
2888 5522 3072 5586 magis
3096 5523 3339 5583 ascendit,

1743 5595 1901 5644 tanto
1928 5592 2112 5655 magis
2135 5594 2429 5644 evanescit
2455 5612 2465 5642 :
2496 5594 2577 5645 sic
2606 5594 2886 5658 superbus
2916 5592 3172 5659 quoplus
3184 5591 3343 5646 exal-

1740 5668 1898 5717 tatur
1928 5664 1990 5715 in
2013 5664 2274 5725 elatione,
2299 5676 2366 5715 eo
2390 5663 2637 5729 amplius
2665 5664 2859 5717 deﬁcit
2884 5677 2919 5716 a
2940 5665 3196 5718 veritate.
3226 5663 3345 5716 Ad-

1742 5736 1860 5789 huc
1884 5746 2113 5801 quoque
2136 5747 2371 5800 pcenam
2393 5748 2594 5788 eorum
2613 5738 3085 5802 exaggerat,cum
3100 5737 3345 5806 subjun-
