3880 6222
509 367 609 423 911

1569 352 1839 405 RUFINO
1871 344 2335 406 PRESBYTERO
2370 348 2757 405 ASCRIPTUS

3761 353 3843 407 9η

501 478 584 544 git
609 492 621 528 :
651 476 801 528 Sicut
822 474 945 539 fluit
968 488 1091 523 cera
1112 486 1149 521 a
1170 469 1307 533 facie
1332 466 1494 544 ignis,
1518 466 1595 544 sic
1619 470 2105 544 pereantpeceato-
2128 472 2183 544 Α
2215 471 2302 516 tas
2316 481 2337 544 _:
2365 463 2803 544 colligitviduas
2825 468 2883 544 et
2905 463 3223 544 orphanps,
3252 468 3327 516 ut
3352 464 3506 544 pius
3532 466 3840 544 paeniteat

505 536 587 598 ἕω
624 563 660 596 a
686 536 830 610 facie
865 544 1106 595 Domini.
1145 539 1420 604 Quamvis
1452 536 1696 610 fortasse
1722 549 1819 610 eos
1848 537 1956 588 hoc
1978 537 2104 589 loco

506 608 918 683 signiﬁcaverit
930 615 1035 676 (Ea:
1047 612 1203 677 eod.),
1221 622 1469 675 quorum
1484 608 1693 683 duritia
1710 609 2112 683 '_impmniten-_-

506 676 603 740 tim
642 686 911 750 lacrymis
958 682 1197 734 solvitur
1224 698 1234 730 :
1264 686 1459 731 tamen
1498 678 1670 729 etiam
1693 676 1847 729 aliud
1874 677 2115 743 intelligi

506 762 715 823 potest,
734 749 799 808 ut
820 756 1078 806 futurum
1095 752 1379 818 judicium
1399 750 1796 823 committetur.
1810 749 1959 823 (Nam
1977 752 2113 813 quia

506 819 565 880 in
592 819 709 880 hoc
726 826 960 889 saeculo,
981 828 1132 876 sicut
1153 824 1351 875 fumus
1364 834 1427 871 se
1448 819 1778 872 extollendo
1794 822 2112 879 defecerunt:

506 900 705 952 veniet
725 899 836 950 illis
859 899 919 948 in
940 898 1055 948 fine
1078 900 1338 947 extrema
1361 892 1672 952 damnatio,
1696 896 1808 941 uta
1829 891 1931 942 Dei
1948 890 2107 953 facie,

504 972 675 1034 idest,
699 971 1012 1034 praesentia
1031 972 1269 1033 pereant
1283 965 1344 1016 in
1367 969 1670 1034 aeternum,
1688 973 1822 1013 cum
1836 963 1959 1026 ipse
1980 977 2112 1023 prse-

506 1032 771 1095 sentatus
804 1040 976 1092 fuerit
1012 1032 1072 1090 in
1106 1051 1213 1089 sua
1236 1036 1506 1095 claritate,
1533 1032 1695 1085 velut
1717 1034 1867 1097 ignis
1889 1033 1965 1084 ad
1994 1046 2109 1098 pm-

506 1127 642 1164 nam
659 1111 962 1174 malorum,
987 1109 1297 1171 lumenque
1321 1108 1621 1156 bonorum.
1638 1105 1908 1155 Peribunt
1922 1108 2110 1166 quippe

505 1190 837 1249 peccatores
865 1199 875 1229 :
920 1194 1037 1232 non
1060 1186 1136 1244 ,ut
1160 1190 1395 1243 prorsus
1417 1176 1687 1249 deﬁciant
1708 1186 1743 1224 a
1767 1176 2111 1236 substantia,

507 1247 612 1308 sed
638 1255 788 1306 sicut
812 1265 847 1305 a
872 1253 1012 1303 facie
1035 1252 1186 1315 ignis
1209 1250 1336 1300 ﬂuit
1357 1260 1504 1311 cera,
1521 1247 1603 1297 sic
1618 1258 1653 1296 a
1668 1254 1876 1296 terrore
1894 1249 2110 1299 districti

498 1326 712 1391 judicis
724 1325 1120 1375 dissolventur
1132 1322 1192 1371 in
1208 1319 1581 1391 conscientia.
1597 1318 1911 1391 Postquam
1921 1320 2114 1367 osten-

504 1387 587 1448 dit
610 1396 680 1447 de
703 1394 913 1446 Christi
932 1392 1278 1445 exaltatione
1301 1390 1440 1453 quid
1452 1387 1952 1451 contingatmalis,
1970 1399 2110 1438 con-

504 1470 815 1531 sequenter
838 1465 1093 1516 insinuat
1124 1463 1262 1527 quid
1284 1459 1357 1512 de
1380 1459 1581 1513 eadem
1603 1458 1904 1522 proveniat
1925 1459 2109 1516 bonis,

505 1540 704 1591 dicens
731 1554 742 1588 :

565 1611 616 1665 4.
643 1611 711 1659 Et
737 1608 874 1673 justi
917 1606 1220 1671 epulantur,
1246 1604 1414 1664 idest,
1453 1600 1779 1673 reficiantur
1803 1599 2109 1673 ipsoiscili-

504 1688 596 1733 cet
632 1671 770 1742 Deo,
808 1679 905 1743 qui
942 1678 1049 1729 erit
1079 1677 1274 1727 omnia
1309 1676 1369 1725 in
1393 1674 1663 1724 omnibus
1698 1672 1906 1743 (Ephes.
1930 1671 2013 1733 1.).
2041 1673 2109 1743 fit

502 1754 740 1802 exultent
760 1741 1124 1813 in'conspectu
1141 1747 1256 1797 Dei.
1283 1747 1411 1796 Non
1431 1745 1585 1795 enim
1610 1743 1717 1793 erit
1739 1741 2108 1813 exultationis

2212 536 2453 601 orphani
2468 541 2526 587 et
2549 535 2759 599 viduae,
2777 534 2878 598 qui
2905 537 3076 587 talem
3100 538 3346 587 Patrem
3373 534 3623 586 habent
3644 535 3843 585 etJudi-

2211 620 2355 660 cem.
2401 608 2473 658 Hi
2504 613 2701 659 autem
2736 610 2874 658 sunt
2894 605 2977 657 illi
3011 607 3261 670 orphani
3286 611 3357 658 et
3393 606 3635 670 vidum,
3661 608 3841 670 quibus

2212 678 2475 731 diabolus
2499 683 2662 744 pater
2683 683 2741 730 et
2760 679 3006 730 maritus
3031 683 3317 730 mortuus
3345 681 3469 730 est.
3486 678 3618 742 Ipsi
3628 685 3761 729 sunt
3772 695 3839 738 qn-

2211 751 2446 803 dicunt:
2475 750 2752 812 Quoniam
2792 755 2953 813 pater
2984 762 3156 802 meus
3180 754 3244 801 et
3265 754 3479 800 mater
3501 761 3645 801 mea
3668 749 3840 800 dereli-
3878 749 3880 785 ῖ

2211 825 2461 885 querunt
2473 833 2579 881 me,
2600 819 2882 871 Dominus
2893 824 3089 871 autem
3099 820 3410 871 assumsit
3423 832 3535 871 me
3556 818 3839 883 (Psal.26.j.

2209 893 2293 943 De
2316 892 2407 942 his
2433 892 2537 955 (Eae
2568 892 2729 955 Aug.)
2755 891 3025 955 orphanis
3049 896 3111 942 et
3143 891 3378 953 viduis,
3406 889 3599 952 idest,
3627 894 3742 955 spei
3765 904 3839 941 se-

2209 962 2417 1014 cularis
2442 963 2716 1013 societate
2740 961 3050 1026 destitutis,
3075 964 3385 1013 Dominus
3415 963 3544 1012 sibi
3584 964 3839 1025 templum

2211 1034 2465 1097 fabricat,
2486 1034 2557 1084 de
2582 1046 2617 1096 q
2628 1046 2698 1084 uo
2709 1038 3131 1096 consequenter
3144 1033 3293 1084 dicit
3312 1051 3327 1082 :
3344 1034 3506 1082 Deus
3522 1033 3593 1080 in
3616 1032 3839 1082 iocosae-

2210 1110 2287 1153 cto
2302 1119 2416 1154 suo.
2435 1106 2616 1165 Quem
2632 1102 2820 1154 locum
2833 1103 3163 1155 evidentius
3174 1103 3482 1162 ostendit,
3498 1116 3641 1154 cum
3658 1106 3837 1152 subdit:

2274 1182 2318 1227 '7.
2342 1177 2481 1224 Deus
2496 1175 2593 1238 qui
2617 1176 2678 1223 in
2695 1173 2942 1223 habitare
2956 1173 3111 1236 facit,
3125 1173 3330 1238 plures
3349 1175 3663 1225 homines.
3688 1175 3839 1223 Unius

2208 1249 2375 1297 moris
2414 1247 2476 1295 in
2506 1246 2683 1310 domo,
2724 1244 2892 1309 idest,
2929 1245 3103 1297 unius
3148 1246 3497 1297 voluntatis
3532 1246 3836 1297 secundum

2208 1318 2382 1370 ﬁdem
2397 1321 2457 1369 et
2478 1317 2773 1368 caritatem
2793 1317 2853 1366 in
2870 1327 2987 1367 una
3008 1316 3290 1367 Ecclesia.
3326 1318 3409 1367 Hi
3453 1323 3625 1376 sunt,
3648 1318 3716 1368 de
3734 1318 3838 1381 qui-

2208 1390 2322 1441 bus
2346 1388 2579 1453 legitur:
2604 1389 2739 1438 Erat
2761 1387 2845 1438 eis
2859 1400 2957 1438 cor
2971 1399 3155 1437 unum
3167 1391 3227 1438 et
3237 1388 3452 1439 anima
3478 1400 3605 1438 una
3622 1388 3831 1451 (Λαιςίι).

2208 1461 2391 1514 Unius
2415 1459 2648 1523 quidem
2668 1458 2845 1509 moris
2869 1464 3027 1522 sunt,
3054 1470 3312 1521 quorum
3337 1461 3831 1523 propositumnm

2208 1536 2469 1583 mutatur
2486 1531 2547 1580 in
2570 1529 2813 1581 diversa.
2828 1531 2895 1580 In
2912 1530 3127 1580 talibus
3145 1535 3239 1580 est
3252 1532 3448 1589 Deus,
3468 1535 3777 1594 tamquam
3793 1535 3832 1577 is

2206 1604 2332 1654 loco
2358 1606 2557 1653 sancto
2580 1613 2703 1652 suo.
2730 1601 2877 1651 Nam
2899 1602 3051 1652 sicut
3073 1601 3660 1664 inmagnahominis
3679 1606 3835 1668 domo,

2206 1687 2323 1726 non
2358 1674 2417 1724 in
2451 1672 2861 1736 qualicumque
2882 1671 3007 1722 loco
3032 1673 3354 1734 requiescit
3381 1672 3676 1724 dominus
3698 1674 3833 1736 ejus,

2209 1745 2310 1795 sed
2362 1745 2551 1807 aliquo
2587 1746 2785 1805 utique
2829 1743 3137 1794 secretiore
3169 1749 3230 1794 et
3265 1743 3655 1796 honoratiore
3678 1744 3834 1795 loco:

504 1826 680 1887 hujus
701 1828 993 1885 tamquam
1015 1831 1206 1870 coram
1224 1816 1559 1897 hominibus
1572 1812 1685 1864 ulla
1700 1812 2110 1893 inanisjactan-
2133 1833 2187 1905 B
2210 1818 2471 1897 sic-Deus
2484 1826 2615 1865 non
2714 1814 2983 1864 omnibus
3007 1813 3254 1894 habitat,
3273 1814 3382 1895 sed
3398 1818 3469 1866 in
3492 1815 3593 1867 his
3618 1821 3833 1867 tantum

505 1884 603 1957 tia,
654 1894 756 1945 sed
794 1884 855 1943 in
888 1895 1203 1954 conspectu
1235 1889 1365 1951 ejus
1389 1887 1487 1949 qui
1513 1886 1638 1935 sine
1661 1897 1852 1935 errore
1875 1884 2107 1948 inspicit
2134 1884 2187 1905 υ
2208 1888 2307 1950 qui
2344 1890 2517 1937 unius
2540 1885 2717 1936 moris
2746 1888 2899 1957 sunt,
2930 1884 3033 1947 qui
3057 1886 3423 1937 unanimiter
3443 1892 3508 1938 et
3525 1890 3833 1936 concorditer

506 1956 662 2031 quOd
685 1963 942 2015 donavit.
969 1960 1067 2012 Vel
1090 1961 1439 2031 exultabth
1449 1956 1664 2031 justtin
1678 1957 2109 2031 conspectubei,

506 2024 643 2101 quia
684 2039 878 2100 ipsum
924 2033 1062 2082 facie
1102 2031 1176 2082 ad
1206 2030 1412 2081 faciem
1441 2028 1734 2101 videbunt
1758 2025 1802 2086 (1
1837 2026 1958 2101 Qor_.
1984 2024 2109 2101 13.).

503 2096 669 2161 Unde
702 2096 893 2158 adhuc
915 2109 1070 2155 recte
1097 2102 1363 2153 subditur
1388 2116 1398 2146 :
1427 2099 1490 2146 Et
1504 2098 1823 2146 delectentur
1846 2097 1907 2144 in
1930 2096 2111 2146 laetitia

506 2182 670 2231 Tunc
693 2178 929 2241 quidem
946 2173 1147 2225 lmtitia
1169 2170 1519 2222 delectabilis
1543 2168 1667 2241 erit,
1687 2166 1920 2241 quando
1944 2168 2113 2219 timor

506 2260 565 2301 et
599 2239 923 2301 sollicitudo
947 2245 1138 2295 omnis
1163 2241 1402 2293 exclusa
1425 2239 1610 2301 fuerit,
1636 2239 1869 2300 quando
1895 2243 2113 2290 aeterna

508 2318 869 2385 permanebit
906 2317 1186 2367 securitas
1224 2318 1282 2363 et
1315 2323 1516 2385 secura
1547 2312 1858 2385 aeternitas.
1893 2311 2111 2362 Deinde

503 2382 869 2455 (EacAug.)se
892 2387 967 2439 ad
989 2387 1148 2450 ipsos
1172 2383 1478 2455 convertit,
1499 2382 1712 2455 quibus
1735 2384 1951 2432 tantam
1970 2397 2108 2442 spem

506 2451 685 2514 dedit.
711 2451 783 2511 Et
811 2459 905 2510 hic
930 2460 1196 2509 viventes
1219 2454 1525 2517 alloquitur
1548 2456 1606 2502 et
1629 2451 1919 2503 hortatur:

570 2531 621 2585 5.
650 2532 874 2581 Cantate
909 2530 1049 2591 Deo,
1072 2527 1346 2591 psalmum
1379 2524 1535 2572 dicite
1568 2522 1789 2572 nomini
1822 2524 1953 2587 ejus.
1989 2524 2108 2575 Ad-

506 2608 705 2656 monet
722 2606 784 2652 ut
812 2614 881 2653 ea
902 2610 1035 2664 qum
1055 2598 1342 2662 dicuntur,
1370 2608 1539 2660 opere
1559 2593 1971 2658 compleantur.
1991 2596 2111 2647 Dis-

508 2677 815 2726 creverunt
859 2670 1093 2735 quidam
1135 2670 1283 2719 inter
1305 2670 1595 2718 canticum
1614 2671 1672 2717 et
1702 2665 2008 2729 psahnum,
2046 2671 2111 2717 ut

506 2748 783 2812 quoniam
826 2746 1112 2795 canticum
1161 2753 1257 2792 ore
1294 2739 1594 2812 profertur,
1624 2736 1884 2812 psalmus
1916 2741 2110 2790 autem

507 2809 764 2872 adhibito
794 2813 1004 2867 visibili
1032 2824 1264 2877 organo,
1280 2812 1448 2872 idest,
1472 2809 1737 2875 psalterio
1750 2810 1991 2874 canitur,
2009 2823 2111 2874 per

508 2889 797 2942 canticum
823 2886 1132 2950 significari
1149 2883 1452 2936 videantur
1466 2880 1864 2944 intelligentia:
1877 2882 2104 2944 mentis,

507 2972 609 3024 per
630 2958 917 3023 psalmum
942 2968 1077 3008 vero
1106 2965 1278 3018 opera
1306 2952 1578 3024 corporis.
1602 2953 1686 3002 Ita
1708 2964 1843 3015 ergo
1872 2952 2106 3015 quidam

507 3023 926 3092 discreverunt,
943 3033 1010 3079 ut
1029 3029 1265 3077 Cantate
1277 3027 1414 3085 Deo,
1434 3023 1654 3074 dictum
1677 3023 1952 3087 videatur,
1970 3025 2107 3085 quia

509 3115 642 3168 qum
664 3103 724 3154 in
746 3102 936 3165 seipsa
964 3110 1130 3150 mens
1157 3101 1294 3161 agit,
1321 3098 1437 3146 Deo
1464 3098 1601 3146 nota
1625 3098 1778 3168 sunt,
1807 3096 1905 3145 sed
1922 3095 2111 3168 abho-

508 3166 764 3226 minibus
805 3185 920 3223 non
954 3170 1241 3221 videntur.
1278 3169 1463 3231 Opera
1493 3176 1627 3216 vero
1662 3166 1811 3215 bona
1832 3166 2107 3228 quoniam

2205 1961 2421 2009 vivunt.
2452 1959 2565 2007 Nec
2575 1957 2683 2007 hoc
2703 1956 2826 2007 suis
2846 1955 3069 2006 viribus
3090 1956 3311 2007 debent
3326 1957 3830 2021 adscribere,quia

2206 2043 2325 2081 non
2350 2032 2489 2079 sunt
2515 2028 2627 2090 ipsi
2650 2027 2750 2090 qui
2783 2027 3030 2078 faciunt:
3060 2027 3169 2079 sed
3191 2029 3355 2079 Deus
3371 2029 3493 2080 hoc
3519 2042 3627 2093 per
3646 2042 3750 2080 eos
3761 2031 3831 2080 fa-

2209 2101 2302 2163 cit,
2330 2099 2429 2163 qui
2452 2098 2775 2149 inhabitare
2796 2096 2933 2148 facit
2954 2099 3134 2149 unius
3157 2099 3338 2149 moris
3360 2101 3424 2150 in
3449 2100 3830 2163 domozcujus

2208 2171 2400 2222 adhuc
2421 2170 2604 2234 gratia
2621 2169 2804 2232 magis
2822 2169 3284 2232 commendatur,
3316 2183 3459 2222 cum
3475 2187 3541 2220 su
3550 2174 3800 2220 binfertur
3818 2186 3829 2220 :

2210 2242 2315 2300 Qui
2337 2241 2512 2289 educit
2533 2242 2733 2289 uinctos
2754 2240 2814 2288 in
2837 2240 3180 2302 fortitudine.
3210 2242 3497 2293 Vinctum
3508 2243 3834 2293 enimtene—

2208 2316 2308 2364 bat
2328 2312 2519 2363 hostis
2542 2311 2814 2374 antiquus
2838 2322 3024 2374 genus
3037 2312 3387 2377 humanum,
3407 2314 3576 2376 quod
3591 2316 3833 2377 suaqui-

2210 2383 2341 2435 dem
2367 2383 2701 2434 fortitudine
2715 2382 2999 2432 Dominus
3018 2381 3307 2435 liberavit.
3320 2385 3520 2435 Vincti
3534 2385 3604 2436 in
3618 2386 3837 2436 inferno

2210 2462 2267 2507 et
2288 2456 2632 2506 Patriarchse
2656 2458 2715 2505 et
2742 2454 3043 2517 Propheta;
3066 2454 3506 2520 detinebantur,
3537 2468 3696 2520 quos
3719 2468 3839 2507 ma-

2210 2539 2326 2591 gna
2357 2538 2546 2577 secum
2568 2525 2777 2576 virtute
2793 2525 3011 2575 eduxit.
3030 2526 3278 2577 Vinctus
3298 2532 3422 2577 erat
3442 2529 3678 2591 Petrus,
3693 2544 3835 2589 quem

2209 2612 2283 2651 ex
2329 2598 2575 2650 Herodis
2606 2596 2933 2648 carceribus
2956 2599 3215 2648 extraxit
3239 2599 3375 2658 (Act.
3403 2597 3537 2661 12.).
3573 2600 3769 2651 Solvit
3790 2608 3836 2651 et

2208 2671 2409 2735 gravia
2430 2667 2655 2720 vincula
2665 2672 3031 2731 peccatorum
3046 2669 3265 2730 quibus
3279 2669 3769 2733 impediebantur
3784 2686 3836 2717 ne

2207 2741 2569 2793 ambularent
2594 2739 2655 2789 in
2687 2738 2777 2789 via
2812 2744 3257 2803 praeceptorum.
3295 2740 3577 2790 Similiter
3614 2757 3704 2792 eos
3752 2746 3837 2805 qui

2205 2816 2554 2877 eraspcrant,
2579 2810 2746 2870 idest,
2759 2810 2841 2861 ita
2864 2810 3087 2861 fortiter
3099 2816 3159 2862 et
3170 2815 3443 2875 potenter
3457 2812 3664 2864 educit
3677 2813 3833 2876 alios,

2208 2887 2305 2951 qui
2347 2881 2670 2935 resistendo
2708 2882 2955 2944 justitim
2991 2883 3183 2933 Deum
3207 2883 3283 2933 ad
3307 2884 3460 2934 iram
3494 2892 3834 2947 provocant.

2206 2958 2310 3017 Qui
2337 2956 2585 3004 habitant
2603 2954 2661 3001 in
2675 2954 2953 3017 sepulcris.
2970 2953 3143 3018 idest,
3159 2956 3550 3006 consentiunt
3581 2956 3837 3018 volupta-

2208 3030 2364 3080 tibus
2388 3025 2605 3076 carnis:
2634 3022 2783 3091 33]
2815 3036 2950 3087 qum
2970 3037 3105 3076 caro
3134 3029 3227 3076 est
3242 3025 3833 3090 sepulcrumanimm:

2208 3100 2344 3164 quia
2391 3097 2471 3149 ibi
2515 3096 2709 3147 anima
2756 3098 2913 3147 carni
2945 3102 3327 3149 consentiens
3357 3101 3672 3163 putrescit,
3697 3101 3835 3151 sicut

2207 3183 2338 3222 caro
2363 3169 2424 3220 in
2464 3166 2744 3231 sepulcro.
2769 3166 2856 3217 Illi
2881 3167 2988 3228 (Ex
3019 3170 3360 3233 Augustino)
3383 3171 3710 3234 compedju
3744 3173 3834 3221 εον.

508 3247 641 3298 ideo
663 3245 909 3297 videnda
941 3246 1078 3315 sunt
1092 3240 1177 3315 ab
1199 3238 1648 3315 hominibus,th
1664 3236 1986 3315 gloriﬁcent
2008 3239 2110 3315 Ifa-
2136 3240 2185 3315 ρ
2212 3243 2383 3293 sitam
2405 3238 2624 3315 volunt,
2659 3250 2767 3289 nec
2790 3238 3087 3315 ambulare
3111 3246 3399 3315 possunt;
3415 3243 3732 3315 Deumque
3754 3242 3832 3292 de-

511 3322 656 3368 trem
679 3320 945 3367 nostrum
969 3312 1148 3375 quiin
1176 3309 1334 3361 caelis
1371 3314 1462 3360 est
1499 3308 1715 3371 (Matth.
1756 3307 1870 3370 6.):
1906 3309 2110 3359 merito

511 3388 731 3440 dictum
753 3387 850 3437 sit:
880 3383 1109 3434 Psallite
1122 3380 1363 3443 nomini,
1387 3378 1556 3441 idest,
1574 3378 1953 3429 diffamationi
1966 3379 2017 3443 ej
2029 3392 2116 3440 us,

511 3464 578 3511 ut
598 3456 959 3509 laudabiliter
980 3453 1331 3504 nominetur.
1349 3453 1555 3501 Cantat
1576 3452 1690 3500 Deo
1708 3451 1807 3512 qui
1821 3450 2117 3510 vivitDeo,

514 3529 710 3581 Psallit
752 3526 974 3577 nomini
1016 3526 1162 3587 ejus,
1199 3522 1298 3585 qui
1329 3524 1594 3585 operatur
1616 3520 1678 3570 in
1700 3521 1941 3583 gloriam
1968 3523 2114 3584 ejus.

514 3603 600 3652 Ita
621 3602 849 3650 cantate
875 3599 1023 3645 Deo:
1048 3596 1128 3644 ita
1151 3592 1376 3656 psallite
1394 3594 1530 3653 Deo,
1554 3590 1729 3654 idest,
1754 3592 1836 3641 sic
1852 3591 2116 3656 vivendo,

515 3672 598 3720 sic
641 3666 947 3732 operando.
983 3666 1052 3715 Et
1100 3668 1275 3715 etiam
1314 3664 1414 3711 iter
1440 3661 1600 3732 facile
1647 3662 1714 3725 ei,
1738 3661 1906 3732 idest,
1946 3662 2120 3714 corda

442 3760 454 3768 -
515 3730 844 3791 auditorum
887 3733 1254 3799 praedicando
1298 3732 1349 3783 ei
1383 3731 1615 3795 aperite.
1644 3732 1768 3792 Qui,
1793 3730 1963 3792 idest,
1993 3733 2119 3797 ipse

518 3811 610 3862 cui
634 3812 785 3861 viam
810 3818 1012 3872 parare
1036 3804 1277 3865 debetis,
1296 3803 1547 3853 Ascendit
1565 3817 1726 3866 super
1743 3818 2007 3855 occasum.
2031 3806 2123 3855 Vi-

517 3882 596 3933 cit
618 3878 793 3948 330
824 3881 1089 3939 mortem,
1130 3879 1283 3948 sicut
1308 3874 1771 3948 perprophetam
1795 3887 1967 3948 suum
1991 3877 2073 3948 ait
2104 3892 2117 3927 :

517 3944 807 4005 Ero'm'ors
830 3958 945 4013 tua,
969 3962 1002 3999 ο
1034 3959 1191 3999 mors
1215 3946 1344 4012 (Osc.
1365 3945 1466 4005 l3;
1499 3945 1620 3995 Cor.
1647 3944 1814 4006 15.1;
1843 3947 2001 3997 Hebr.
2027 3945 2060 4000 2
2084 3948 2116 4011 ).

518 4025 626 4075 Iter
651 4024 811 4089 facile
839 4021 1064 4073 Christo
1109 4019 1216 4083 (Ea:
1258 4019 1443 4083 Aug).
1478 4022 1544 4069 ut
1583 4030 1683 4082 per
1707 4019 2000 4082 speciosos
2031 4032 2122 4083 pe-

521 4098 626 4150 des
658 4094 1203 4160 evangelizantium,
1241 4091 1438 4155 pervia
1461 4090 1579 4141 sint
1610 4090 1663 4142 ei
1687 4090 1860 4141 corda
1881 4090 2119 4142 creden-

523 4170 684 4222 tium.
720 4170 847 4234 Ipse
882 4170 1036 4219 enim
1067 4162 1331 4216 ascendit
1365 4174 1848 4234 super‘occasum,
1874 4175 2008 4213 cum
2032 4175 2122 4214 re-

521 4232 814 4307 surgendo
836 4238 969 4291 vicit
983 4235 1237 4300 corporis
1252 4246 1476 4307 casum.
1500 4232 1591 4307 illi
1612 4233 1785 4307 etiam
1799 4234 1908 4284 iter
1931 4235 2123 4283 faciunt

523 4304 768 4375 Christo,
798 4312 896 4376 qui
920 4323 955 4361 a
973 4306 1163 4373 pravis
1178 4304 1628 4370 cogitationibus
1639 4305 1828 4365 corda,
1853 4307 2120 4367 mundum,

523 4380 581 4438 et
601 4398 669 4438 ea
690 4384 804 4436 fide
827 4387 886 4435 et
904 4381 1071 4434 bonis
1085 4379 1342 4430 moribus
1362 4383 1534 4440 atque
1558 4376 1872 4428 virtutibus
1895 4378 2121 4429 ornant.

524 4458 685 4519 Quod
708 4457 810 4509 ubi
829 4454 1044 4505 factum
1062 4451 1171 4502 fuit
1185 4452 1392 4501 domus
1407 4447 1600 4512 pudici
1621 4446 1867 4512 pectoris
1885 4451 2121 4519 templum

524 4518 759 4593 repente
799 4526 865 4577 flt
905 4526 1027 4576 Dei.
1054 4525 1125 4574 Et
1158 4519 1384 4573 debetis
1417 4521 1469 4571 ei
1494 4520 1602 4570 iter
1624 4518 1831 4593 facere,
1854 4518 1992 4593 quia
2014 4520 2124 4569 Do-

2216 3318 2540 3378 precantur,
2564 3314 2630 3361 ut
2654 3311 2906 3373 possint;
2925 3310 3093 3373 eique
3117 3312 3327 3362 dicunt
3345 3328 3357 3363 :
3372 3314 3462 3363 De
3484 3314 3836 3365 necessqu

2216 3386 2328 3436 bus
2355 3384 2497 3435 meis
2521 3394 2657 3434 erue
2681 3393 2773 3432 me
2795 3380 2961 3441 (Psal.
2984 3382 3116 3444 24.).
3132 3385 3320 3447 Aquo
3337 3385 3613 3436 exauditi
3628 3386 3835 3449 gratias

2214 3458 2415 3519 agunt,
2441 3454 2730 3505 dicentes:
2756 3452 3036 3516 Dirupisti
3063 3454 3301 3505 vincula
3324 3456 3650 3518 mea(Psal.
3680 3456 3837 3516 115.)-

2215 3528 2317 3577 Isti
2340 3530 2536 3577 autem
2571 3529 3004 3587 exasperantes,
3042 3525 3144 3587 qui
3179 3526 3454 3577 habitant
3476 3528 3539 3578 in
3564 3527 3837 3591 sepulcris

2214 3596 2276 3648 in
2314 3609 2381 3648 eo
2418 3607 2629 3660 genere
2655 3599 2811 3657 sunt,
2831 3595 2987 3658 quod
3011 3597 3124 3647 alio
3146 3595 3274 3648 loco
3291 3599 3599 3662 Scriptura
3620 3600 3836 3663 signiti-

2216 3673 2326 3725 cat,
2352 3668 2550 3719 dicens
2576 3684 2587 3716 :
2614 3668 2662 3717 A
2686 3674 2913 3719 mortuo
2940 3667 3122 3719 veluti
3152 3672 3257 3732 qui
3279 3684 3401 3722 non
3428 3674 3525 3734 sit,
3541 3673 3692 3736 perit
3716 3684 3836 3722 con

2216 3738 2391 3790 fessio
2432 3738 2600 3802 (Eccli.
2627 3737 2751 3800 17.).
2778 3737 2940 3790 Unde
2984 3744 3077 3790 est
3098 3745 3159 3791 et
3182 3740 3326 3791 illud
3354 3757 3367 3792 :
3395 3743 3677 3793 Peccator
3708 3756 3835 3794 cum

2219 3809 2506 3861 veneritin
2519 3810 2872 3873 profundum
2887 3813 3190 3871 malorum,
3209 3818 3494 3862 contemnit
3512 3815 3692 3877 (Prov.
3710 3816 3829 3875 18.).

2216 3881 2389 3932 Aliud
2409 3885 2498 3932 est
2509 3881 2662 3932 enim
2685 3880 3027 3945 desiderare,
3040 3881 3199 3933 aliud
3211 3896 3555 3948 Oppugnare
3567 3889 3834 3945 justitiam.

2217 3950 2375 4003 aliud
2398 3964 2433 4003 a
2458 3954 2608 4002 malo
2631 3950 2773 4003 velle
2795 3951 3042 4016 liberari,
3071 3954 3231 4005 aliud
3256 3955 3411 4007 mala.
3422 3968 3533 4007 sua
3545 3961 3831 4013 defendere.

2216 4024 2410 4089 potius
2436 4035 2614 4087 quam
2639 4022 2801 4074 fateri
2826 4038 2838 4074 :
2872 4032 3154 4088 utrosque
3180 4030 3379 4078 tamen
3403 4029 3599 4091 gratia
3625 4020 3830 4081 Christi

2218 4097 2411 4147 educit
2432 4095 2492 4146 in
2516 4094 2860 4146 fortitudine.
2888 4097 3010 4157 Qua
3033 4096 3399 4162 fortitudine,
3423 4103 3541 4152 nisi
3564 4102 3830 4155 utadver—

2219 4180 2322 4218 sus
2346 4171 2644 4231 peccatum
2663 4179 2846 4230 usque
2861 4168 2934 4218 ad
2958 4173 3306 4233 sanguinem
3322 4178 3552 4224 certent
3565 4177 3595 4223 ἵ
3609 4176 3695 4225 Ex
3709 4184 3834 4224 utro-

2218 4250 2330 4301 que
2362 4238 2513 4289 enim
2536 4250 2743 4305 genere
2776 4238 2926 4290 fiunt
2947 4239 3168 4304 idonei,
3201 4244 3423 4305 quibus
3445 4250 3833 4299 constituatur

2217 4309 2381 4361 locus
2414 4315 2654 4361 sanctus
2677 4311 2820 4373 ejus.
2841 4309 2928 4361 Illi
2944 4311 3138 4376 soluti,
3162 4312 3244 4364 illi
3260 4318 3619 4368 resuscitati.
3638 4321 3709 4370 Et
3729 4320 3835 4369 hoc

2220 4381 2377 4446 quod
2400 4380 2968 4453 modospiritualiter
2981 4384 3354 4448 adimpletur,
3390 4388 3555 4450 prius
3586 4390 3834 4453 ﬁgurali—

2222 4457 2308 4505 ter
2330 4452 2759 4504 ostendebatur.
2788 4454 3087 4514 Quomodo
3101 4455 3130 4504 ?
3156 4458 3426 4520 sequitur
3447 4464 3508 4511 et
3530 4452 3670 4512 dicit
3697 4480 3711 4509 :

2283 4526 2334 4580 8.
2386 4526 2526 4598 Deus
2549 4539 2676 4574 cum
2729 4527 3051 4598 egredereris
3095 4529 3159 4577 in
3192 4538 3480 4595 conspectu
3509 4534 3703 4598 populi
3738 4535 3831 4596 tui,

524 4588 937 4678 minuat-{omet}
965 4599 1056 4648 est
1077 4593 1326 4678 iui3_HOG
1343 4603 1557 4673 9031183
1575 4588 1731 4654 quod
1753 4593 1843 4678 est
1859 4592 2115 4678 Dominum
2138 4605 2196 4678 D
2221 4609 2321 4663 per
2349 4588 2868 4678 columnamnubis
2880 4597 2941 4648 in
2956 4597 3067 4661 die,
3091 4603 3151 4652 et
3172 4613 3276 4665 per
3298 4588 3671 4667 splendorism

526 4669 852 4736 specialiter
873 4668 925 4720 ei
947 4665 1208 4730 congruit
1227 4680 1238 4711 :
1259 4663 1399 4730 quia
1418 4663 1541 4728 ipse
1556 4675 1657 4727 per
1680 4674 1743 4713 se
1756 4661 2116 4716 dominatur:

526 4747 585 4796 et
616 4755 787 4795 nemo
816 4745 1007 4807 potest
1030 4739 1329 4803 dominari,
1370 4738 1484 4789 nisi
1528 4749 1628 4802 per
1650 4736 1858 4801 ipsum.
1886 4738 1955 4788 Et
1984 4738 2120 4801 quia

527 4827 675 4879 opus
690 4815 910 4865 bonum
925 4814 984 4863 et
1003 4810 1336 4876 prmdicatio
1358 4810 1473 4862 Dei-
1484 4810 1656 4861 etiam
1672 4824 1806 4862 cum
1826 4811 2119 4864 alacritate

526 4886 700 4938 debet
718 4886 862 4949 ﬁeri,
884 4888 1038 4935 recte
1054 4883 1429 4945 subjunctum
1454 4885 1544 4933 est
1567 4897 1580 4932 :
1605 4882 1859 4932 Exultate
1885 4883 1944 4931 in
1967 4897 2121 4932 cons-

524 4962 678 5023 pectu
699 4955 831 5021 ejus.
856 4957 1010 5008 Dum
1033 4954 1189 5008 enim
1210 4953 1395 5005 facitis
1416 4952 1525 5005 iter
1539 4954 1609 5020 ei,
1627 4954 1763 5005 dum
1787 4954 2121 5019 prmparatis

528 5040 644 5094 qua
687 5027 898 5090 veniat,
930 5031 1248 5092 gentesque
1286 5024 1596 5088 possideat,
1630 5025 1874 5076 multam
1897 5026 2122 5090 passuri

529 5101 671 5153 estis
694 5101 755 5153 in
778 5103 1092 5165 conspectu
1107 5096 1409 5148 hominum
1432 5096 1738 5147 tristitiam.
1758 5096 1868 5148 Sed
1886 5110 1990 5149 vos
2014 5098 2122 5162 (Ea:

526 5174 661 5237 eod.)
684 5186 801 5225 non
833 5170 1020 5223 solum
1049 5168 1226 5221 nolite
1249 5167 1508 5228 deiicere,
1526 5167 1629 5219 sed
1649 5169 1822 5220 etiam
1846 5169 2121 5232 exultate,

526 5257 645 5297 non
678 5244 741 5295 in
764 5244 1080 5305 conspectu
1103 5239 1424 5301 hominum,
1438 5237 1539 5288 sed
1560 5238 1622 5288 in
1641 5244 1955 5304 conspectu
1982 5240 2081 5291 Dei
2106 5259 2119 5289 :

526 5319 637 5382 Spe
659 5314 1000 5380 gaudentes,
1025 5310 1085 5361 in
1110 5309 1469 5382 tribulatione
1488 5310 1772 5372 patientes
1793 5312 1962 5373 (Rom.
2000 5310 2124 5375 η),

526 5379 614 5439 Illi
638 5391 835 5438 autem
858 5384 957 5448 qui
979 5394 1083 5434 vos
1099 5379 1270 5431 modo
1294 5380 1547 5439 turbant,
1566 5382 1935 5444 postmodum
1952 5386 2126 5432 turba-

523 5460 738 5511 buntur
759 5470 796 5509 a
828 5455 969 5507 facie
993 5455 1141 5517 ejus.
1170 5451 1437 5504 Audituri
1456 5452 1611 5503 enim
1629 5456 1765 5503 sunt
1786 5453 1848 5504 in
1863 5454 2081 5517 judicio
2109 5470 2121 5505 :

522 5531 610 5582 Ite
641 5533 702 5581 in
739 5529 935 5593 ignem
958 5530 1242 5578 aeternum
1263 5524 1472 5586 (Matth.
1517 5522 1641 5587 25.].
1686 5523 2067 5574 Turbabuntur
2088 5541 2125 5575 a

522 5601 664 5663 facie
685 5600 817 5664 ejus.
840 5600 1019 5663 Cujus
1043 5599 1206 5660 ejus?

589 5670 641 5724 6.
662 5671 845 5721 Patris
867 5671 1248 5734 orphanorum
1282 5672 1329 5717 et
1342 5666 1548 5731 judicis
1570 5667 1884 5717 viduarum.
1908 5669 1958 5719 A
1981 5666 2123 5718 facie

525 5741 669 5803 justi
689 5746 747 5794 et
767 5742 889 5794 veri
903 5740 1027 5802 Dei,
1049 5740 1147 5803 qui
1162 5740 1354 5791 turbat
1378 5738 1605 5803 impios,
1633 5741 1698 5789 ut
1717 5751 1921 5790 severa
1937 5742 2127 5803 potes-

2218 4682 2279 4734 in
2313 4675 2481 4722 nocte
2516 4669 2709 4733 (Exod,
2766 4668 2870 4733 13.)
2920 4671 3057 4720 Cum
3101 4675 3468 4736 pertransires
3511 4677 3575 4724 in

2221 4742 2498 4797 Ducenda
2522 4740 2798 4806 populum
2825 4745 2990 4792 tuum
3014 4754 3116 4806 per
3140 4744 3463 4798 desertum.

2280 4816 2331 4871 9.
2374 4815 2537 4863 Terra
2579 4818 2727 4863 mota
2769 4818 2857 4864 est.
2901 4815 3119 4865 Moveri
3144 4818 3302 4867 enim
3326 4817 3641 4872 videbatur
3670 4835 3840 4874 mons

2220 4888 2371 4941 Sina.
2408 4884 2624 4935 Etenim
2651 4884 2763 4934 caeli
2795 4884 3194 4935 distillavernnt
3228 4900 3445 4940 manna
3468 4891 3675 4953 (Exod.
3710 4893 3837 4955 16.).

2219 4961 2263 5010 A
2288 4956 2426 5021 facie
2443 4957 2539 5006 Dei
2562 4956 2746 5015 Sinai,
2769 4955 2937 5016 idest,
2954 4957 3391 5011 Deihabitantis
3415 4962 3479 5012 in
3497 4962 3600 5015 illo
3620 4972 3837 5018 monte.

2219 5031 2265 5081 Λ
2313 5029 2454 5093 facie
2498 5028 2594 5077 Dei
2626 5026 2819 5100 lsrael,
2849 5027 3016 5089 idest,
3062 5030 3169 5081 Dei
3207 5032 3379 5095 cujus
3423 5038 3549 5085 erat
3591 5036 3837 5100 populus

2221 5100 2413 5153 Israel.
2433 5101 2519 5173 Tu
2542 5098 2640 5173 qui
2664 5101 2825 5150 tanta
2840 5100 3118 5152 miracula
3131 5104 3273 5154 tunc
3285 5104 3493 5169 fecisti,
3510 5098 3695 5159 facies
3708 5121 3840 5173 quo-

2221 5186 2331 5237 que
2360 5170 2514 5235 quod
2537 5172 2910 5235 subjunctum
2931 5176 3023 5223 est
3046 5187 3060 5223 :

2288 5242 2372 5297 10.
2399 5242 2652 5292 Pluviam
2674 5243 3050 5292 valuntariam
3077 5245 3398 5310 segregabis.
3422 5248 3590 5311 Deus,
3618 5251 3843 5301 heredi-

2225 5315 2321 5363 tati
2346 5319 2448 5362 tuae
2490 5320 2537 5362 et
2572 5314 2859 5375 inﬁrmata
2880 5319 2969 5363 est.
3011 5315 3089 5363 Tu
3114 5331 3241 5365 vera
3263 5317 3535 5382 perfecisti
3557 5336 3703 5371 eam.
3741 5325 3837 5375 Sed

2218 5385 2337 5449 jam
2362 5384 2767 5447 mysteriorum
2793 5389 3029 5449 secreta,
3055 5387 3308 5439 Domino
3333 5391 3635 5443 revelante
3656 5394 3841 5445 videa-

2224 5468 2372 5528 mus.
2392 5455 2669 5528 Egressus
2699 5457 2823 5518 ejus
2846 5454 3210 5521 intelligitur,
3224 5472 3361 5510 cum
3372 5468 3616 5525 apparet
3639 5465 3699 5514 in
3724 5477 3839 5528 ope

2221 5526 2382 5577 ribus
2407 5526 2546 5576 suis.
2573 5530 2829 5589 Apparet
2848 5532 3046 5598 autem
3071 5540 3192 5579 non
3216 5531 3513 5593 omnibus,
3532 5533 3640 5584 sed
3652 5526 3835 5598 eisqui

2221 5601 2512 5668 noverunt
2534 5609 2705 5660 opera
2727 5598 2856 5660 ejus
2868 5597 3089 5649 intueri.
3112 5600 3240 5650 Non
3256 5603 3415 5653 enim
3431 5615 3501 5654 ea
3514 5616 3691 5668 opera
3707 5597 3837 5653 nunc

2222 5667 2365 5728 dico,
2384 5679 2516 5731 qum
2538 5668 2848 5733 conspicua
2863 5673 3002 5720 sunt
3024 5671 3319 5735 omnibus,
3353 5674 3465 5725 hoc
3487 5667 3597 5731 est.
3613 5678 3835 5739 omium,

2221 5742 2452 5798 terram,
2498 5750 2676 5802 mare,
2721 5743 2780 5791 et
2821 5738 3096 5793 universa
3141 5753 3282 5805 qum
3314 5744 3377 5796 in
3422 5745 3507 5798 eis
3536 5750 3694 5799 sunt.
3729 5738 3832 5798 Sed

599 5888 617 5908 ·
652 5879 780 5931 Alio
800 5882 859 5931 et
879 5878 1101 5931 veriore
1123 5890 1300 5931 sensu
1320 5889 1500 5942 penes
1520 5877 1852 5942 Augustin,
1873 5878 1937 5928 in
1962 5878 2278 5945 paenitentiae
2307 5878 2595 5945 Iacrymas.
