3880 6222
53 355 126 410 13
1020 357 1096 408 IN
1128 357 1454 414 PSALMOS
1490 359 1700 413 LXXV
1731 359 2318 414 COMMENTARIUS.

52 477 201 530 pera
222 466 446 530 quibus
461 467 655 519 educit
667 467 728 519 in
744 467 1076 523 fortitudine
1092 473 1448 537 compeditos
1467 490 1478 522 :
1497 475 1636 522 simi-

57 541 154 589 ter
168 544 616 603 exasperantes,
636 539 732 603 qui
749 539 1013 593 habitant
1027 542 1088 594 in
1105 545 1413 608 sepulcris:
1441 548 1499 597 et
1522 547 1637 594 facit

51 622 117 681 os
143 610 342 660 unius
366 611 540 660 moris
564 611 624 661 in
654 610 845 662 domo.
871 612 960 663 Sic
983 614 1310 678 egredietur
1332 629 1522 668 coram
1547 629 1639 681 po-

58 679 158 730 ulo
186 693 325 742 suo,
355 681 522 743 idest,
559 694 750 732 coram
785 683 888 746 eis,
916 685 1014 746 qui
1039 685 1211 737 istam
1245 689 1486 751 gratiam
1513 679 1636 752 ejus

52 752 383 815 itelligunt.
417 753 676 816 Denique
701 755 981 819 sequitur,
1023 757 1164 806 Dum
1194 759 1452 808 transires
1477 760 1532 807 in
1558 760 1636 808 de-

51 829 175 886 :rto,
220 829 379 873 terra
402 831 548 873 mota
585 831 671 874 est.
699 827 1006 877 Desertum
1031 833 1194 880 erant
1230 831 1461 890 Gentes,
1502 842 1633 893 qua:

51 900 381 962 gnorabant
405 899 606 949 Deum.
634 901 938 951 Desertum
970 906 1111 964 erat,
1138 903 1237 953 ubi
1266 903 1357 954 lex
1379 903 1538 954 nulla
1560 905 1633 954 ab

52 982 144 1019 )so
161 971 292 1020 Deo
321 969 454 1020 data
468 974 607 1026 erat,
624 971 721 1020 ubi
737 970 875 1021 nulli
897 972 1195 1034 Prophetae
1217 973 1632 1037 habitaverant,

54 1040 115 1091 ui
130 1040 459 1092 Dominum
473 1045 783 1093 venturum
795 1055 928 1094 esse
939 1045 1343 1106 praedixerant.
1366 1046 1500 1094 Cum
1517 1062 1633 1105 ergo

52 1113 293 1160 ~ansires
323 1113 384 1160 in
407 1113 624 1162 deserto.
649 1113 790 1164 Cum
815 1114 1206 1177 praedicareris
1240 1117 1300 1167 in
1332 1117 1631 1177 Gentibus,

51 1198 165 1231 ενι-α
197 1189 358 1233 mota
391 1189 461 1232 est
483 1201 494 1232 :
536 1185 744 1236 terreni
783 1185 1048 1237 homines
1087 1187 1158 1237 ad
1197 1187 1370 1238 fidem
1403 1188 1634 1240 excitati

52 1259 180 1307 unt.
202 1255 322 1307 Sed
340 1255 496 1308 unde
513 1261 670 1307 mota
684 1262 772 1308 est
789 1259 1043 1307 ?'Etenim
1060 1259 1169 1307 caeli
1185 1259 1582 1308 distillave-runt
1599 1276 1632 1308 a

52 1329 158 1375 acie
179 1328 283 1377 Dei
299 1327 482 1378 Sinai.
505 1329 728 1380 Etenim
747 1334 813 1380 ut
829 1334 977 1380 terra
995 1335 1150 1382 mota
1173 1336 1326 1382 esset
1341 1331 1413 1383 ad
1439 1330 1631 1391 fidem,

52 1411 152 1449 um
170 1399 235 1450 in
253 1399 491 1451 deserto
509 1401 780 1451 Gentium
800 1402 1070 1453 transiret
1094 1402 1494 1467 Evangelium,
1522 1404 1631 1450 caeli

51 1469 466 1522 listillaverunt
488 1484 520 1521 a
544 1471 685 1522 facie
700 1473 822 1523 Dei.
842 1473 912 1523 Hi
935 1478 1073 1524 sunt
1095 1473 1219 1525 caeli
1243 1473 1314 1524 de
1340 1473 1550 1536 quibus
1575 1473 1631 1523 in

51 1541 138 1591 .lio
177 1541 410 1604 psalmo
441 1547 744 1593 cantatur:
785 1544 918 1595 Caeli
955 1549 1227 1596 enarrant
1253 1544 1494 1608 gloriam
1531 1545 1632 1595 Dei

51 1613 192 1662 Psal.
220 1613 355 1675 18.).
374 1615 455 1664 De
482 1613 571 1664 his
596 1614 802 1678 quippe
825 1616 994 1679 paulo
1019 1623 1150 1679 post
1175 1616 1249 1666 ibi
1277 1615 1501 1680 dicitur,
1516 1627 1633 1668 non

52 1689 164 1735 .unt
180 1684 436 1748 loquelae
453 1698 640 1748 neque
657 1698 954 1738 sermones
972 1699 1217 1749 quorum
1234 1700 1351 1737 non
1363 1690 1634 1735 audiantur

51 1769 198 1807 'oces
237 1770 461 1808 eorum.
496 1759 619 1808 Non
651 1763 846 1808 autem
881 1758 1006 1809 cmli
1029 1770 1062 1808 a
1099 1759 1302 1822 sr-ipsis
1326 1757 1635 1808 distillave-

53 1831 158 1878 unt
183 1841 218 1907 :_
237 1827 344 1920 sed
362 1840 404 1920 ἓ.
601 1829 702 1908 Dei
729 1828 900 1892 Sinai,
921 1829 1224 1920 (idest,'De.i
1255 1828 1629 1880 inhabitantis
1655 1847 1710 1920 B

57 1912 140 1960 os,
173 1898 330 1948 sicut
360 1899 581 1949 habitat
604 1899 656 1949 in
683 1904 879 1950 monte
920 1899 1072 1950 Sina.
1104 1899 1217 1963 Ipsi
1243 1905 1381 1951 sunt
1403 1905 1630 1951 montes

51 1971 95 2020 le
119 1970 338 2032 quibus
375 1970 612 2020 dicitur:
654 1971 862 2021 Levavi
896 1971 1092 2022 oculos
1126 1984 1290 2022 meos
1322 1971 1382 2022 in
1409 1977 1634 2023 montes

52 2040 188 2091 Psal.
219 2039 392 2102 120.).
428 2043 496 2092 Et
515 2040 724 2092 iterum
749 2055 761 2090 :
792 2042 1133 2093 Illuminans
1161 2047 1222 2094 tu
1239 2043 1572 2094 mirabiliter
1602 2056 1636 2094 a

52 2111 334 2163 nontibus
366 2113 600 2164 aeternis
641 2112 799 2174 (Psal.
846 2112 969 2175 75.).
1005 2115 1073 2164 Et
1104 2114 1228 2176 ipse
1266 2118 1353 2164 est
1375 2115 1526 2165 Deus
1551 2116 1635 2164 Is-

52 2183 168 2245 rael,
194 2183 368 2245 idest,
389 2183 581 2246 populi
599 2183 852 2235 videntis
883 2185 1084 2236 Deum.
1111 2187 1179 2235 Et
1203 2185 1354 2236 sicut
1375 2185 1502 2237 caeli
1527 2186 1636 2236 dis-

52 2253 364 2305 illaverunt
387 2266 599 2304 manna
621 2255 816 2315 (Exod.
845 2254 970 2318 16.),
994 2256 1074 2305 sic
1113 2260 1176 2306 tu
1209 2256 1362 2307 Deus
1387 2258 1633 2320 pluviam

51 2323 433 2386 'oluntariam,
459 2324 627 2386 idest,
668 2326 979 2388 gratuitam
1004 2327 1268 2390 gratiam,
1301 2328 1633 2390 segregabis

51 2393 203 2462 332
232 2395 560 2448 hwreditati
583 2401 714 2460 tute,
733 2397 899 2456 idest,
915 2399 1260 2461 segregatim
1279 2398 1443 2450 dabis
1475 2402 1634 2447 Eccle-

51 2470 132 2518 siae
152 2473 286 2519 tuae.
308 2467 508 2518 Pluvia
531 2467 852 2519 voluntaria
876 2469 1080 2520 merito
1103 2470 1288 2533 gratia
1311 2471 1411 2520 Dei
1436 2471 1635 2521 intelli-

51 2539 200 2600 gitur,
226 2540 365 2601 quia
389 2537 558 2589 nullis
575 2539 1038 2603 prmcedentibus
1065 2541 1302 2600 meritis,
1331 2543 1508 2602 gratis
1532 2542 1633 2593 da-

51 2623 139 2658 ..ur.
172 2612 225 2660 Si
248 2611 406 2662 enim
434 2611 736 2671 gratia(Eac
757 2612 1102 2674 Augustino),
1123 2613 1242 2675 jam
1269 2626 1382 2663 non
1409 2627 1480 2664 ex
1505 2627 1634 2677 ope-

51 2681 188 2731 :ibus
207 2697 218 2731 :
237 2681 495 2744 alioquin
513 2682 828 2744 gratiajam
843 2695 960 2732 non
985 2688 1075 2734 est
1090 2684 1272 2746 gratia
1295 2684 1483 2747 (Rom).
1504 2683 1630 2748 11.).

51 2752 166 2802 imo
200 2751 396 2814 pluvia
425 2751 751 2804 voluntaria
775 2755 976 2816 genuit
1006 2765 1114 2804 nos
1148 2757 1322 2806 verbo
1353 2757 1628 2807 veritatis.

51 2823 190 2873 Hanc
213 2823 466 2887 pluviam
489 2827 814 2889 segregavit
836 2827 992 2876 Deus
1020 2826 1340 2878 haereditati
1384 2840 1524 2879 suae.
1566 2829 1631 2876 Et

51 2893 314 2956 Inﬁrmata
336 2902 427 2946 est.
447 2898 700 2960 Agnovit
724 2898 878 2948 enim
909 2910 1027 2948 non
1045 2910 1106 2949 se
1131 2911 1259 2949 esse
1282 2899 1499 2962 aliquid
1535 2912 1632 2962 per

51 2965 298 3030 seipsam,
326 2979 448 3018 non
472 2969 692 3019 viribus
718 2969 857 3032 suis,
886 2969 986 3019 sed
1021 2969 1222 3032 gratim
1246 2971 1347 3022 Dei
1378 2971 1630 3021 tribuen-

51 3036 167 3087 ium
192 3050 321 3090 esse
362 3039 517 3102 quod
548 3045 654 3091 est.
695 3043 948 3102 Agnovit
982 3041 1134 3102 quod
1159 3041 1373 3092 dictum
1401 3048 1523 3093 est:
1565 3044 1629 3092 In

51 3109 466 3161 .niirmitatibus
500 3111 642 3161 meis
687 3110 971 3175 gloriabor
1012 3111 1077 3173 (2.
1109 3113 1229 3163 Cor.
1266 3111 1393 3170 12.).
1422 3115 1489 3164 Et
1524 3114 1626 3165 ite-

53 3192 162 3230 rum
189 3197 199 3227 :
225 3180 350 3232 Noli
386 3181 568 3233 altum
601 3193 819 3245 sapere,
849 3182 949 3233 sed
978 3183 1115 3234 time
1141 3185 1304 3244 (Rom.
1343 3183 1467 3246 11.).
1499 3187 1630 3248 Ipsa

54 3251 317 3335 .niirmata
340 3256 448 3303 est.
483 3253 566 3335 Iit
591 3268 714 3335 vero
748 3253 1009 3335 p‘er/‘ecifti
1032 3268 1170 3335 eam,
1193 3255 1328 3316 quia
1363 3256 1547 3306 Virtus
1571 3255 1629 3306 in
1655 3261 1704 3335 Ο

53 3322 360 3374 inﬁrmitate
380 3323 668 3387 perficitur
682 3324 733 3378 2.
751 3326 871 3375 Cor.
890 3323 1016 3388 12.).
1041 3326 1336 3376 Infirmata
1358 3330 1447 3377 est
1471 3328 1529 3378 in
1549 3341 1627 3389 se,

53 3395 104 3442 ut
130 3395 450 3456 perficiatur
473 3395 532 3446 in
560 3400 634 3447 te.

102 3463 181 3517 11.
204 3466 493 3515 Animalia
510 3472 605 3515 tua
630 3466 948 3516 habitabant
973 3469 1034 3516 in
1057 3484 1136 3517 ea.
1163 3471 1227 3518 In
1249 3469 1358 3519 hac
1392 3469 1632 3520 haeredi-

53 3538 152 3586 tate
173 3536 437 3588 animalia
453 3538 795 3598 inhabitant,
823 3539 959 3602 quia
980 3539 1128 3591 inter
1154 3545 1413 3590 sanctam
1436 3541 1630 3593 Eccle-

53 3606 178 3658 siam
195 3610 366 3661 mites
383 3611 738 3662 etmansueti
759 3611 986 3672 (quibus
998 3613 1202 3674 jugum
1221 3612 1320 3662 Dei
1341 3625 1520 3664 suave
1537 3619 1628 3672 est,

53 3680 100 3727 et
132 3691 270 3731 onus
293 3683 423 3745 ejus
448 3681 574 3732 leve
602 3682 618 3745 [
644 3681 836 3731 Matth.
864 3681 947 3736 11.
978 3682 992 3745 ]
1023 3683 1035 3744 )
1076 3682 1364 3734 humiliter
1386 3684 1629 3735 videndo

54 3758 420 3810 perseverant.
456 3753 591 3803 Sive
617 3753 891 3802 animalia
904 3753 1003 3802 Dei
1023 3751 1301 3806 Doctores
1325 3760 1382 3805 ct
1410 3754 1627 3818 prtelati

54 3820 300 3876 Ecclesiae
316 3828 566 3888 possunt
587 3823 847 3886 intelligi,
873 3825 971 3886 qui
986 3824 1047 3874 in
1071 3826 1178 3875 hac
1201 3825 1537 3878 hazreditate
1552 3827 1633 3876 in-

54 3889 294 3945 habitant
313 3911 325 3945 :
344 3901 516 3959 atque
542 3908 714 3960 super
737 3907 800 3946 se
823 3894 1062 3946 aliorum
1088 3909 1261 3947 onera
1281 3900 1630 3958 compatiendo

54 3969 278 4024 portant.
297 3968 379 4018 Ibi
397 3967 702 4031 Scripturis
720 3968 898 4018 sacris
915 3971 1211 4031 tamquam
1231 3969 1384 4020 fceno
1401 3969 1554 4031 quod
1576 3971 1629 4017 in

55 4035 313 4096 spirituali
332 4041 685 4101 nutriuntur,
701 4045 759 4090 et
774 4039 988 4091 caelesti
1007 4039 1162 4091 fonte
1181 4046 1495 4103 sanctoque
1519 4042 1629 4100 Spi-

53 4105 152 4156 ritu
173 4108 523 4162 imbuuntur.
544 4113 610 4161 Et
626 4112 771 4162 bene
796 4123 922 4162 cum
942 4111 1039 4174 ait,
1065 4111 1370 4175 Animalia,
1396 4111 1632 4173 subjun-

53 4176 145 4238 xit,
179 4178 302 4240 Tua,
320 4181 490 4243 idest,
517 4181 616 4232 tibi
635 4181 884 4237 subdita,
909 4193 1026 4231 non
1053 4181 1161 4232 sibi
1186 4181 1381 4232 libera.
1409 4183 1476 4231 Et
1503 4185 1630 4229 hanc

55 4245 286 4307 pluviam
301 4253 518 4302 Parast-i
539 4253 600 4301 in
620 4251 900 4302 dulcedine
926 4260 1020 4301 tua
1032 4255 1288 4317 pauperi,
1317 4252 1470 4301 Deus.
1497 4254 1629 4302 Gra-

56 4320 182 4372 tiam
199 4330 348 4376 tuam
372 4325 576 4376 humili
592 4324 904 4389 contulisti,
920 4338 1037 4376 non
1053 4337 1121 4376 ex
1145 4325 1266 4376 suis
1283 4325 1518 4386 meritis,
1542 4325 1628 4374 sed

56 4403 118 4440 ex
141 4394 254 4445 sola
276 4397 576 4450 dulcedine
601 4402 718 4449 tua}
743 4397 1011 4448 caritatis.
1041 4397 1185 4458 Quia
1213 4395 1465 4448 dilexisti
1488 4407 1630 4459 pau-

56 4473 220 4527 peres,
238 4467 362 4519 ideo
379 4482 477 4519 eos
502 4473 604 4520 tua
626 4469 809 4533 gratia
825 4468 1040 4519 ditasti.
1068 4469 1137 4518 Et
1159 4472 1289 4530 apte
1308 4468 1405 4531 ait,
1434 4467 1492 4517 in
1515 4469 1630 4514 dul-

55 4534 234 4588 cedine
265 4544 376 4591 tua.
411 4540 556 4603 Quid
581 4541 737 4592 enim
775 4541 880 4603 (Eae
903 4539 1066 4602 Aug.)
1088 4538 1314 4590 dulcius
1343 4538 1578 4589 caritate
1603 4540 1630 4587 ‘2

57 4603 199 4701 Dp‘us
215 4613 404 4662 autem
427 4612 870 4701 gratite‘non'ex.
891 4611 1094 4701 timore
1118 4623 1305 4701 pcelnaa
1323 4609 1628 4691 perficitur,
1656 4629 1712 4701 D

59 4676 149 4727 sed
172 4692 239 4730 ex
262 4693 453 4734 amore
481 4684 745 4748 justitiaa.
774 4683 992 4734 Deinde
1017 4681 1270 4733 ostendit
1304 4681 1630 4746 parationes

57 4756 186 4806 quas
207 4755 437 4818 pauperi
457 4769 564 4806 suo
588 4758 745 4807 Deus
761 4755 909 4806 fecit.
929 4755 1022 4805 Ait
1045 4753 1198 4805 enim
1215 4769 1231 4801 :

117 4818 194 4872 1‘2.
226 4823 488 4875 Dominus
511 4826 658 4875 dabit
691 4826 909 4874 verbum
932 4823 1414 4889 evangelisantibus
1445 4824 1637 4873 virtute

61 4890 230 4944 multa.
257 4896 370 4961 Ego
389 4897 609 4961 (inquit)
625 4897 776 4948 dabo
791 4897 957 4948 vobis
982 4909 1047 4948 os
1077 4902 1134 4948 et
1158 4895 1515 4959 sapientiam,
1547 4896 1638 4946 cui

62 4970 164 5011 non
205 4971 468 5028 poterunt
512 4969 778 5020 resistere
834 4981 1038 5019 omnes
1094 4967 1405 5019 adversarii
1461 4967 1639 5020 vestri

213 5035 336 5102 21.).
378 5043 447 5092 Et
485 5041 732 5092 iterum:
769 5040 939 5105 Aperi
979 5053 1044 5090 os
1071 5043 1257 5104 tuum,
1296 5044 1352 5091 et
1390 5039 1637 5102 implebo

63 5099 186 5177 illud
217 5099 370 5169 (Psat.
390 5111 516 5174 80.).
549 5113 687 5163 Haec
710 5099 848 5162 sunt
873 5111 1085 5162 cibaria
1107 5099 1388 5174 quaesuis
1417 5099 1639 5162 anima-

63 5167 197 5247 libus
221 5167 276 5230 in
293 5194 398 5233 sua
413 5167 751 5236 haereditate
765 5181 1004 5247 largitur
1032 5167 1203 5233 Deus.
1223 5185 1364 5244 Qum
1393 5190 1635 5244 quantum

63 5240 360 5303 dulcedinis
385 5255 653 5317 habeant,
677 5240 955 5305 unum'ex
980 5253 1071 5304 his
1107 5240 1452 5306 animalibus
1493 5254 1638 5306 insi-

64 5322 204 5388 nuat,
229 5323 324 5374 ubi
347 5325 462 5376 ait:
501 5328 678 5385 Quam
717 5325 906 5377 dulcia
935 5326 1199 5376 faucibus
1236 5325 1380 5376 meis
1413 5325 1640 5388 eloquia

65 5386 151 5462 tua
175 5403 338 5455 super
361 5397 471 5448 mel
497 5397 579 5449 ori
604 5410 730 5448 meo
758 5396 918 5460 (Psal.
947 5395 1108 5457 118.).
1135 5386 1639 5457 Euangelizantibus

65 5455 262 5539 εξορμῃ)
290 5468 478 5517 virtute
502 5469 692 5532 multa,
720 5455 827 5519 hoc
844 5473 951 5529 est,
977 5468 1036 5518 in
1059 5455 1385 5517 constantia
1408 5480 1636 5539 magna.

66 5526 239 5604 QCCidi
262 5539 408 5590 enim
427 5526 691 5604 possunt,
719 5539 819 5591 sed
845 5526 992 5591 flecti
1010 5544 1324 5602 nequeunt.
1347 5526 1639 5591 Audi'vir-

67 5600 230 5676 ξιμιθω
247 5600 780 5674 evangelizantium.
801 5612 938 5673 Quis
957 5600 1258 5675 (inquiunt)
1283 5623 1391 5661 nos
1418 5623 1639 5674 separa-

66 5666 137 5720 bit
158 5686 190 5723 a
211 5666 438 5735 caritate
478 5682 737 5736 Christi?
767 5666 1100 5747 Tribul‘atio,
1126 5695 1201 5733 an
1238 5666 1526 5746 angustia,
1561 5695 1636 5733 an

66 5751 378 5825 Pgl‘t'gccutio,
407 5767 480 5806 an
505 5755 706 5818 fames,
731 5768 806 5806 an
827 5755 1080 5816 nuditas,
1111 5766 1184 5805 an
1209 5753 1542 5818 periculum,
1567 5767 1634 5805 an

67 5811 308 5891 gladius?
327 5811 545 5878 Scimus
564 5811 704 5890 quia
715 5840 904 5891 neque
923 5811 1300 5889 mors,neque
1316 5825 1454 5889 vita,
1472 5811 1636 5887 neque

67 5890 304 5944 creatura
326 5895 514 5960 aliqua
537 5898 747 5962 poterit
767 5890 876 5951 nos
909 5909 1172 5961 separare
1195 5909 1229 5948 a
1253 5896 1484 5950 caritate
1516 5897 1635 5956 Dei,

3235 359 3342 419 914

1663 478 1718 550 Α
1745 485 1880 550 quae
1911 476 2002 550 est
2032 473 2092 550 in
2130 473 2352 526 Christo
2387 476 2526 550 Jesu
2552 475 2718 550 (Rom.
2751 475 2844 540 8.).
2876 474 3020 538 Quia
3056 473 3336 526 Dominus

1745 545 1904 596 dabit
1926 545 2170 596 Verbum
2203 545 2744 609 evangelizantibus.

1803 616 1888 670 13.
1913 618 2025 666 Rea:
2042 617 2291 666 virtutem
2330 618 2503 666 dilecti
2527 618 2720 682 dilecti,
2757 619 2924 678 idest,
2958 620 3114 670 Deus
3150 619 3334 678 Pater,

1737 688 1836 750 qui
1860 693 1950 739 est
1973 690 2095 739 Rex
2120 689 2418 740 virtutum.
2443 690 2582 748 Quae
2607 689 2852 740 virtutes
2880 693 3019 740 sunt
3044 687 3220 738 dilecti
3248 687 3339 737 di-

1737 759 1870 822 lecti,
1900 759 2066 819 idest,
2093 759 2217 810 Filii
2241 761 2345 811 sui.
2377 760 2631 811 Dilectus
2657 761 2812 811 enim
2836 761 3067 823 quando
3092 773 3212 811 non
3235 771 3333 823 po-

1737 831 1897 882 nitur
1912 833 2042 895 quis
2065 831 2327 896 dilectus,
2343 831 2806 883 antonomastice
2831 831 3007 882 Filius
3027 832 3235 882 unicus
3259 831 3338 882 in-

1740 901 2028 965 telligitur.
2065 903 2224 963 Quod
2265 908 2468 954 autum
2514 901 2652 952 dicit
2687 900 2872 950 Dilecti
2910 901 3100 960 dilecti,
3147 902 3338 960 ipsum

1737 986 1949 1024 nomen
1977 975 2210 1038 replicat
2231 974 2355 1026 loco
2382 972 2736 1038 pronominis
2763 987 2774 1021 :
2807 985 2871 1021 ac
2897 973 2944 1022 si
2969 972 3121 1022 dicat
3145 971 3336 1023 dilecti

1735 1045 1842 1095 sui.
1870 1045 2020 1096 Talis
2043 1045 2254 1097 locutio
2279 1046 2337 1096 in
2363 1045 2652 1109 Scriptura
2685 1043 2880 1093 divina
2903 1043 3231 1106 frequenter
3250 1043 3338 1092 in-

1736 1117 1984 1176 venitur,
2010 1121 2076 1168 ut
2107 1121 2194 1168 est
2229 1117 2367 1168 illud
2403 1133 2416 1169 :
2448 1117 2605 1168 Fecit
2629 1116 2858 1178 Moyses
2883 1115 3034 1164 sicut
3065 1113 3339 1177 praecepit

1734 1189 2016 1239 Dominus
2042 1188 2221 1253 Moysi
2257 1188 2452 1250 (Exod.
2485 1188 2612 1250 39.),
2649 1187 2818 1247 idest,
2846 1185 2955 1236 sibi
2981 1200 2992 1234 :
3019 1184 3112 1235 vel
3137 1185 3214 1235 ita
3237 1197 3336 1247 po-

1734 1263 1847 1310 test
1875 1259 2024 1324 legi:
2061 1263 2148 1312 Tu
2181 1260 2324 1310 dicis
2363 1265 2589 1307 vrtutem
2631 1258 2807 1307 dilecti
2836 1273 2847 1306 :
2889 1258 3071 1321 Cujus
3107 1255 3341 1306 dilecti?

1732 1331 1983 1390 omnino,
2009 1333 2213 1394 inquit,
2237 1336 2295 1383 et
2325 1345 2498 1395 super
2529 1329 2724 1381 omnia
2755 1341 3096 1392 semperque
3127 1327 3338 1379 dilecti.

1739 1403 1820 1452 De
1857 1416 1969 1466 quo
2007 1403 2144 1453 dicit
2177 1403 2300 1468 ipse
2340 1404 2539 1454 Pater:
2574 1401 2678 1452 Hic
2715 1403 2804 1452 est
2827 1401 3003 1452 Filius
3040 1412 3207 1450 meus
3251 1398 3333 1450 di-

1735 1472 1940 1536 lectus,
1966 1473 2019 1523 in
2047 1486 2160 1536 quo
2182 1473 2324 1524 mihi
2349 1474 2492 1524 bene
2517 1471 2838 1535 complacui
2864 1471 3074 1532 (Matth.
3102 1470 3134 1524 3
3164 1475 3209 1518 et
3234 1468 3299 1523 17
3329 1482 3339 1526 ;

1736 1545 1861 1594 Luc.
1889 1543 1978 1605 3.).
2007 1546 2194 1607 Hujus
2217 1545 2447 1607 quidem
2474 1543 2663 1595 dilecti
2691 1545 2828 1594 sunt
2849 1543 3094 1593 virtutes
3117 1552 3337 1592 omnes.

1736 1617 1805 1666 Et
1828 1616 1950 1678 ipse
1973 1621 2064 1666 est
2083 1616 2186 1667 Dei
2212 1615 2395 1667 virtus
2417 1618 2474 1667 et
2497 1615 2778 1679 sapientia
2803 1613 2870 1675 (1.
2897 1613 3016 1663 Cor.
3045 1611 3134 1674 1.).
3160 1609 3336 1678 333

1736 1689 1803 1738 Et
1828 1687 2090 1750 quisquis
2128 1687 2289 1738 fortis
2319 1692 2424 1748 est,
2457 1699 2558 1750 per
2582 1687 2871 1737 Christum
2900 1688 2988 1734 est
3009 1683 3202 1742 fortis.
3229 1682 3340 1733 Sed

1733 1759 1867 1820 quia
1892 1759 2069 1809 Filius
2095 1758 2237 1809 nihil
2276 1758 2446 1809 habet
2485 1770 2519 1808 a
2557 1770 2638 1819 se,
2663 1756 2773 1808 nisi
2806 1768 2840 1806 a
2875 1758 3037 1806 Patre
3063 1754 3239 1815 (Joan.
3282 1751 3333 1806 8.

1738 1829 1822 1884 13.
1849 1835 1894 1877 ct
1919 1829 2042 1890 16),
2078 1830 2281 1880 merito
2307 1830 2462 1879 Deus
2499 1831 2663 1879 Pater
2697 1841 2796 1878 rex
2824 1827 3033 1878 dicitur
3057 1824 3338 1875 virtutum

1736 1901 1922 1952 dilecti
1949 1900 2070 1951 Filii
2097 1901 2204 1952 sui.
2232 1901 2329 1950 Cui
2355 1900 2492 1950 dicit
2526 1900 2650 1964 ipse
2673 1899 2947 1950 dilectus:
2974 1896 3185 1949 Omnia
3207 1907 3337 1945 mea

1736 1976 1836 2024 tua
1866 1977 2004 2023 sunt
2029 1972 2207 2034 (Joan.
2238 1971 2365 2030 17.).
2392 1974 2462 2023 Et
2489 1972 2694 2022 iterum
2723 1984 2734 2018 :
2761 1982 2867 2033 ego
2893 1982 2926 2019 a
2947 1981 3040 2019 me
3065 1966 3210 2018 facio
3242 1965 3331 2016 ni-

1734 2043 1831 2094 hil.
1859 2046 2022 2094 Pater
2044 2055 2209 2094 meus
2243 2055 2431 2106 usque
2463 2041 2636 2094 modo
2674 2044 2958 2104 operatur,
2994 2042 3052 2089 et
3073 2050 3178 2102 ego
3202 2048 3337 2100 ope-

1734 2126 1826 2164 ror
1849 2114 2025 2175 (Joan.
2062 2114 2151 2177 6.).
2180 2115 2318 2164 Cum
2358 2114 2552 2176 itaque
2583 2112 2847 2170 dixisset,
2871 2109 3153 2161 Dominus
3179 2106 3339 2158 dabit

1734 2186 1978 2236 verbum
2001 2185 2536 2249 evangelizantibus
2563 2183 2772 2233 virtute
2806 2181 2990 2232 multa.
3015 2196 3026 2228 :
3055 2179 3189 2243 quia
3210 2179 3338 2242 ipsa

1734 2257 1922 2308 virtus
1944 2258 2017 2308 ab
2035 2269 2100 2308 eo
2117 2258 2351 2321 regitur.
2380 2257 2547 2319 eique
2568 2255 2776 2306 militat
2800 2265 2834 2303 a
2856 2265 2968 2315 quo
2994 2252 3180 2302 datur.
3208 2252 3336 2314 Ipse

1735 2330 1956 2393 (inquit)
1980 2329 2261 2379 Dominus
2283 2334 2373 2380 est
2395 2343 2492 2377 rea:
2515 2328 2778 2375 virtutum
2803 2323 2996 2385 dilecti,
3025 2321 3232 2393 deinde
3257 2333 3340 2393 se.

1733 2391 1960 2464 quitur:
2002 2401 2070 2448 Et
2095 2401 2284 2464 speciei
2307 2401 2498 2449 domus
2531 2399 2765 2446 dividere
2800 2394 2993 2459 spolia.
3029 2391 3339 2464 Acrsi

1731 2460 2059 2534 Augustino)
2095 2460 2382 2522 diceretur
2417 2486 2428 2519 :
2472 2468 2674 2520 Dilecti
2717 2467 2891 2517 etiam
2928 2463 3156 2522 Christi,
3176 2460 3338 2534 idivi-

1732 2533 1922 2594 dendo
1971 2533 2169 2605 spOlia.
2214 2542 2542 2605 Speciosam
2589 2539 2801 2602 quippe
2843 2536 3101 2605 domum,
3136 2533 3195 2585 id
3222 2536 3336 2605 est.

1734 2604 2048 2665 Ecclesiam
2076 2604 2337 2663 Christus
2360 2612 2493 2662 fecit
2523 2609 2829 2660 dividendo
2853 2605 2932 2657 illi
2958 2604 3158 2668 spolia,
3184 2604 3338 2654 sicut

1731 2685 2059 2746 speciosum
2101 2686 2190 2733 est
2229 2696 2441 2741 corpus
2475 2679 2876 2731 distributione
2921 2676 3330 2727 membrorum.

1731 2755 1919 2818 Spolia
1935 2767 2099 2818 porro
2126 2754 2415 2816 dicuntur,
2435 2763 2568 2814 qua:
2583 2750 2749 2801 victis
2774 2747 3041 2798 hostibus
3066 2747 3336 2818 detrahun-

1731 2815 1840 2877 tur.
1869 2815 1989 2877 Hoc
2006 2825 2145 2888 quid
2163 2825 2254 2883 sit,
2280 2815 2657 2885 Evangelium
2681 2832 2788 2871 nos
2816 2818 3104 2877 admonet,
3131 2815 3230 2867 ubi
3254 2815 3336 2867 le-

1729 2897 1921 2960 gimus
1947 2911 1957 2944 :
1985 2897 2127 2947 Cum
2151 2895 2315 2946 fortis
2340 2897 2598 2944 armatus
2631 2888 2881 2941 custodit
2903 2889 3113 2960 atrium
3139 2898 3332 2960 suum,

1728 2957 1788 3018 in
1813 2980 1951 3031 pace
1980 2972 2117 3018 sunt
2148 2979 2216 3018 ea
2251 2978 2382 3030 quae
2422 2963 2692 3028 possidet.
2733 2961 2788 3012 Si
2811 2964 3006 3012 autem
3046 2957 3242 3031 fortior
3267 2969 3332 3031 eo

1729 3029 2144 3103 superveniens
2173 3029 2372 3090 vicerit
2388 3049 2539 3098 eum,
2563 3035 2833 3086 universa
2856 3043 3015 3082 arma
3035 3029 3258 3103 auferet
3275 3029 3334 3103 in

1731 3099 1938 3173 quibus
1961 3110 2302 3168 confidebat,
2327 3114 2383 3160 et
2406 3108 2584 3173 spolia
2599 3107 2726 3170 ejus
2741 3105 3005 3152 distribuet
3032 3102 3172 3173 (huc.
3201 3099 3329 3164 11.).

1731 3172 1914 3234 Fortis
1937 3185 2196 3232 armatus
2213 3172 2476 3232 diabolus
2499 3183 2604 3238 est,
2625 3175 2890 3239 quihunc
2913 3172 3193 3224 mundum
3212 3187 3329 3232 pos-

1733 3253 1972 3304 sidebat.
1994 3253 2102 3303 Sed
2119 3252 2376 3302 Christus
2398 3263 2465 3302 eo
2485 3249 2675 3300 fortior
2699 3245 3113 3309 superveniens
3137 3243 3328 3307 ipsum

1731 3325 1935 3376 devicit
1963 3340 1973 3372 :
2006 3336 2166 3374 arma
2191 3322 2446 3381 abstulit,
2483 3321 2662 3385 spolia
2686 3317 2990 3370 distribuit.
3025 3317 3164 3366 Haec
3189 3325 3330 3365 vasa

1730 3395 2009 3446 Dominus
2032 3394 2324 3445 mundans
2347 3392 2748 3443 remissionem
2783 3392 3163 3450 peccatorum.
3190 3387 3329 3437 Haec

1731 3467 1912 3532 spolia
1928 3467 2292 3517 sanctilicans
2310 3465 2460 3516 hosti
2487 3468 2682 3526 erepta
2696 3464 3000 3532 prostrato,
3028 3462 3199 3521 atque
3216 3455 3328 3508 alli-

1729 3531 1879 3603 gato,
1899 3539 2095 3590 divisit
2110 3551 2176 3589 ea
2201 3537 2410 3601 speciei
2428 3537 2634 3586 domus
2653 3546 2795 3596 suae,
2811 3531 2953 3582 alios
2969 3532 3328 3603 constituens

1729 3600 2051 3676 Apostolos,
2074 3609 2217 3661 alios
2239 3600 2574 3673 prophetas,
2599 3605 2742 3656 alios
2765 3608 3024 3676 pastores
3048 3605 3106 3652 et
3131 3600 3329 3676 docto-

1729 3670 1844 3744 res,
1876 3682 1936 3732 in
1969 3695 2116 3742 opus
2151 3670 2478 3740 ministerii,
2508 3679 2564 3729 in
2597 3675 3036 3729 tediiicationem
3073 3670 3329 3744 corporis

1729 3743 1937 3806 Christi
1967 3753 2181 3815 (Eph-es.
2210 3753 2299 3813 4.).
2327 3750 2649 3802 Sicutenim
2679 3759 2886 3809 corpus
2912 3757 3094 3796 unum
3131 3746 3240 3805 est,
3274 3743 3331 3793 et

1729 3827 1988 3877 membra
2002 3825 2177 3876 habet
2197 3822 2380 3874 multa
2405 3836 2416 3870 :
2445 3819 2635 3872 omnia
2649 3823 2844 3870 autem
2870 3815 3123 3878 corporis
3146 3825 3331 3865 mem-

1730 3898 1852 3960 bra,
1876 3910 2009 3947 cum
2033 3896 2151 3946 sint
2174 3895 2372 3953 multa,
2400 3905 2579 3944 unum
2605 3903 2810 3952 corpus
2834 3891 2956 3960 est._
2970 3887 3064 3960 Sic
3085 3889 3143 3960 et
3172 3883 3332 3960 Chri:

1730 3953 1856 4020 stus
1884 3969 2050 4033 (Rom.
2075 3965 2198 4028 12.).
2229 3963 2502 4027 Nunquid
2527 3974 2730 4014 omnes
2756 3958 2980 4033 Apotoli
3007 3962 3031 4007 Ρ
3054 3953 3331 4033 Nunquid

1729 4027 1932 4091 omnes
1955 4027 2242 4102 prophetae
2262 4039 2288 4086 ‘I
2316 4034 2589 4098 Nunquid
2614 4045 2812 4084 omnes
2831 4031 3074 4102 virtutes?
3089 4027 3328 4102 Nunquid

1729 4123 1931 4161 omnes
1943 4100 2093 4160 dona
2105 4108 2323 4158 habent
2337 4105 2701 4157 curationum
2714 4108 2737 4153 Ρ
2754 4100 3023 4163 Nunquid
3044 4114 3217 4148 omnes
3235 4101 3330 4147 lin-

1728 4183 1861 4247 guis
1873 4181 2209 4243 loquuntur?
2226 4176 2495 4240 Nunquid
2513 4188 2716 4226 omnes
2731 4172 3206 4247 interpretantur?
3222 4173 3334 4247 Om-

1729 4242 1825 4304 nia
1843 4242 2035 4304 autem
2053 4251 2178 4302 hac
2197 4253 2466 4311 Operatur
2483 4259 2632 4297 unus
2648 4249 2824 4308 atque
2847 4243 2998 4294 idem
3014 4243 3227 4311 spiritus
3250 4242 3328 4288 di-

1729 4324 1939 4376 videns
1952 4321 2178 4386 propria
2191 4309 2500 4382 unicuique
2518 4318 2687 4381 prout
2705 4314 3040 4386 vult(1._(_.‘or.
3062 4309 3188 4374 12.).
3215 4313 3332 4386 Haec

1730 4399 1820 4448 est
1843 4384 2060 4459 species
2077 4391 2306 4451 domus,
2324 4391 2416 4440 cui
2443 4387 2780 4439 dividuntur
2803 4384 3006 4459 spolia:
3027 4385 3334 4459 utamator

1730 4468 1856 4531 ejus
1871 4455 1977 4515 hac
2002 4459 2427 4528 pulchritudine
2443 4471 2741 4531 accensus,
2765 4455 3074 4531 exclamet:
3101 4455 3328 4531 Domine.

1731 4522 1906 4589 dilexi
1931 4522 2193 4586 decorem
2219 4532 2427 4584 domus
2458 4535 2576 4581 tuae
2611 4527 2795 4590 (Psal.
2836 4524 2922 4580 25.
2955 4528 2990 4588 ).
3027 4525 3157 4574 Jam
3179 4522 3239 4572 in
3263 4535 3332 4574 eo

1736 4607 1890 4674 quod
1930 4605 2207 4670 sequitur,
2241 4617 2303 4654 se
2336 4601 2410 4654 ad
2440 4601 2566 4674 ipsa
2597 4599 2872 4674 membra,
2902 4596 2972 4674 d_e_
3011 4594 3224 4658 quibus
3269 4592 3335 4644 ﬁt

1736 4667 1954 4746 species
1981 4667 2192 4729 domus
2225 4673 2570 4737 alloquendo
2594 4669 2896 4746 convertit,
2920 4667 3154 4746 dicens:

1798 4751 1884 4806 14.
1934 4750 1993 4800 Si
2032 4747 2316 4798 dormiatis
2355 4736 2496 4794 inter
2538 4743 2740 4792 medios
2783 4741 2962 4790 cteros.
3007 4737 3052 4790 Ο
3096 4749 3202 4789 vos
3227 4736 3335 4798 (Ea;

1733 4823 1893 4886 Aug.)
1917 4821 2013 4886 qui
2038 4825 2312 4883 tanquam
2331 4816 2513 4882 spolia
2538 4813 2743 4879 speciei
2760 4808 3334 4886 domus‘dividimini,

1733 4895 1781 4942 si
1819 4881 2124 4955 dormiat-is,
2157 4881 2215 4942 id
2255 4881 2377 4952 est,
2403 4889 2451 4939 si
2486 4899 2521 4938 a
2555 4886 2799 4950 strepitu
2839 4881 3082 4955 seculari
3128 4881 3335 4955 remoti

1735 4963 2044 5029 quiescatis
2061 4952 2209 5014 inter
2225 4962 2339 5013 duo
2367 4961 2751 5015 Testamenta,
2772 4968 2903 5019 qum
2920 4953 3126 5029 media,
3150 4952 3208 5004 id
3223 4958 3333 5029 est,

1735 5027 2066 5088 communia
2093 5033 2354 5086 habendo
2376 5031 2605 5096 utrique
2617 5029 2880 5094 pereatis,
2896 5027 3131 5088 scilicet,
3151 5031 3206 5073 ut
3222 5027 3334 5096 hoc,

1736 5107 1887 5172 quod
1911 5120 2010 5171 per
2037 5106 2281 5170 figuram
2305 5095 2525 5156 dictum
2548 5105 2638 5154 est
2668 5102 2728 5152 in
2760 5099 2948 5172 priori,
2987 5099 3048 5149 in
3076 5095 3336 5172 secundo

1736 5168 2105 5245 spiritualitef-
2122 5177 2420 5241 impletum
2437 5186 2566 5227 esse
2581 5171 2912 5236 intelligatis
2939 5185 2951 5218 :
2976 5171 3114 5245 eritis
3139 5168 3336 5245 Pertusa

1736 5237 1988 5302 columbae
2011 5237 2381 5313 deargeittalae.
2406 5247 2468 5298 Id
2491 5247 3016 5304 est,ornamentum
3040 5243 3097 5291 et
3119 5237 3334 5313 exalta-

1737 5324 1815 5374 tio
1849 5307 2300 5382 Ecclesitemea
2322 5320 2474 5371 sicut
2489 5317 2757 5370 columba
2779 5327 2880 5379 per
2900 5322 3121 5382 pennas
3145 5307 3328 5382 subli-_

1736 5397 1964 5446 matur:
1990 5393 2072 5444 ita
2103 5380 2354 5444 Ecclesia
2386 5403 2486 5454 per
2522 5393 2748 5440 vestras
2794 5381 3233 5454 praedicationes
3264 5380 3334 5430 ad

1735 5465 1991 5518 caelestia
2014 5451 2608 5532 exaltabiturfSanctti
2632 5453 3098 5532 Ecclesiamerito
3126 5451 3337 5532 dicitur

1735 5537 2018 5598 columba,
2053 5535 2186 5598 quia
2208 5534 2279 5584 fel
2303 5531 2706 5584 amaritudinis
2743 5541 2859 5580 non
2885 5525 3060 5598 habet
3085 5538 3096 5572 :
3123 5527 3182 5574 et
3201 5525 3337 5586 quia

1732 5609 1940 5660 virtute
1965 5596 2344 5670 simplicitatis
2371 5602 2558 5668 pollet,
2585 5601 2656 5653 de
2683 5614 2796 5664 qua
2814 5598 2946 5652 alibi
2969 5596 3189 5670 dictum
3217 5598 3334 5670 est:

1734 5682 1859 5732 Una
1882 5683 1971 5730 est
1995 5667 2263 5729 columba
2298 5687 2426 5726 mea
2457 5674 2472 5737 (
2507 5673 2661 5723 Cant.
2698 5672 2746 5725 6.
2773 5673 2805 5733 ).
2832 5669 3216 5731 Deargentata
3247 5667 3338 5718 est

1732 5755 1946 5813 autem,
1965 5750 2100 5814 quia
2124 5747 2335 5798 divinis
2357 5743 2600 5808 eloquiis
2616 5743 2862 5795 erudita.
2889 5741 3098 5814 Eloquia
3118 5753 3338 5814 namque

1732 5809 1962 5876 Domini
1983 5809 2042 5872 in
2063 5818 2172 5870 alio
2194 5817 2318 5869 loco
2343 5816 2614 5869 dicuntur
2635 5819 2938 5879 argentum
2959 5813 3092 5877 igne
3113 5809 3339 5865 exami-

1732 5896 1957 5954 natum,
1989 5897 2159 5944 terrai
2199 5893 2513 5953 purgatum
2555 5885 2885 5950 septuplum
2910 5883 3074 5948 (Psal.
3111 5883 3240 5944 11.).
3285 5880 3343 5930 Si
