3880 6222
472 262 579 319 915

1528 259 1796 312 RUFINO
1828 259 2292 313 PRESBYTERO
2325 258 2713 313 ASGRIPTUS

3748 252 3813 309 9i.

470 374 748 451 ergoistis
765 374 931 427 cleris
955 374 1069 426 duo
1086 373 1905 451 Testamenta_signiﬁcantur:
1930 372 2068 437 quid
2093 375 2150 451 Α
2174 372 2310 451 priis
2336 391 2347 422 :
2379 376 2458 451 ut
2477 377 2672 451 autem
2696 371 3123 451 discernantur.
3164 366 3813 451 Νἰυεάςαιὸαὺαηιᾳζίι

470 438 626 499 aliud
660 446 1059 508 admonemur,
1106 445 1221 497 nisi
1254 450 1322 497 ut
1343 457 1411 498 ea
1438 444 1805 497 Testamenta
1827 445 1974 497 inter
2007 458 2070 496 se
2093 438 2150 451 ’⁵
2175 443 2408 497 Selmon.
2431 444 2728 509 Accipient
2748 444 3160 496 remissionem
3174 444 3609 508 peccatorum
3628 440 3714 489 ab

470 518 819 579 consentire,
862 530 981 568 non
1007 529 1324 582 repugnare
1352 516 1709 579 noverimus,
1736 515 1839 568 sed
1862 514 2070 568 intelli-

470 589 659 653 gendo
687 589 1127 651 acquiescamus
1142 592 1169 639 ‘2
1192 602 1413 653 nosque
1431 589 1613 642 simus
1625 601 1820 640 eorum
1838 600 2071 639 concor-

471 661 582 713 dia
606 660 838 725 signum
855 664 1029 723 atque
1048 660 1483 724 documentum,
1505 673 1638 711 cum
1655 662 1863 709 alterum
1891 657 2065 726 334

469 732 754 787 adversus
796 732 1039 783 alterum
1084 732 1227 783 nihil
1269 732 1489 783 dixisse
1521 732 1824 795 sentimus,
1854 735 1911 783 et
1934 744 2069 782 cum

469 802 707 866 paciﬁca
728 802 1106 854 admiratione
1133 803 1298 866 quasi
1323 803 1541 854 extasis
1567 814 1768 865 sopore
1792 804 2070 852 monstra-

469 886 616 925 mur.
647 876 749 925 Per
771 874 954 926 cleros
977 875 1106 926 ideo
1146 875 1401 926 divinam
1428 874 1776 936 Scripturam
1804 872 2070 936 intelligi-

467 960 615 1009 mus,
663 946 799 1009 quia
842 947 1025 997 cleros
1048 948 1244 998 Grace
1266 946 1679 1009 interpretatur
1701 959 1816 994 sors
1848 945 2066 995 Latine.

468 1018 736 1070 Divinam
749 1023 943 1069 autem
958 1018 1305 1082 Scripturam
1323 1017 1478 1069 nullo
1494 1018 1748 1068 humano
1763 1015 2069 1068 habuimus

467 1089 722 1153 arbitrio,
755 1089 855 1140 sed
896 1089 1019 1140 sola
1062 1092 1236 1151 sorte,
1273 1089 1332 1140 id
1366 1094 1474 1147 est,
1502 1088 1625 1141 sola
1646 1089 1749 1140 Dei
1773 1087 2068 1140 electione.

469 1160 633 1211 Alius
657 1160 751 1211 hic
778 1160 882 1223 (Ea:
908 1161 1233 1223 Augustino)
1251 1160 1498 1212 occurrit
1518 1173 1727 1212 sensus
1744 1160 1886 1211 forte
1907 1163 2070 1209 ante-

468 1231 793 1296 ponendus,
809 1236 875 1283 ut
896 1231 1082 1283 cleros
1105 1231 1289 1284 multo
1308 1232 1662 1295 probabilius
1677 1231 1833 1295 ipsas
1852 1232 2065 1279 haredi-

468 1308 619 1356 tates
647 1304 1034 1369 intelligamus
1062 1322 1073 1353 :
1124 1308 1192 1355 ut
1228 1304 1499 1367 quoniam
1522 1303 1830 1355 hareditas
1854 1302 2066 1355 veteris

467 1376 825 1428 Testamenti
870 1378 958 1426 est
1001 1380 1223 1427 terrena
1261 1375 1543 1439 falicitas,
1578 1374 1887 1426 hareditas
1931 1385 2068 1427 vero

467 1449 605 1499 novi
636 1447 989 1499 Testamenti
1012 1453 1103 1499 est
1128 1452 1352 1499 terrena
1369 1446 1773 1497 immortalitas
1791 1460 1803 1496 :
1823 1445 2070 1497 dormire

468 1520 545 1571 sit
564 1519 713 1570 inter
738 1517 958 1570 medios
984 1519 1187 1580 cleros,
1205 1532 1313 1570 nec
1330 1517 1486 1570 illam
1511 1530 1770 1582 quarere
1782 1517 2066 1580 ardenter,

467 1594 524 1642 et
546 1589 737 1642 adhuc
758 1590 933 1641 istam
964 1595 1268 1654 expectem
1304 1590 1604 1654 patienter.
1642 1591 1784 1640 Nam
1818 1590 1916 1652 qui
1949 1591 2067 1640 Deo

467 1666 766 1727 propterea
789 1664 1071 1725 serviunt,
1098 1661 1190 1714 vel
1217 1661 1409 1725 potius
1435 1661 1649 1712 servire
1677 1660 2067 1712 nolunt:dum

468 1737 739 1796 quarunt
765 1733 825 1784 in
848 1732 957 1785 hac
980 1734 1102 1785 vita
1122 1732 1490 1795 falicitatem,
1510 1731 1737 1783 ablatus
1753 1735 1842 1783 est
1858 1747 2064 1780 somnus

466 1806 538 1857 ab
562 1805 666 1868 eis,
682 1809 741 1856 et
761 1816 880 1856 non
903 1803 1211 1856 dormiunt.
1231 1804 1694 1855 Flammantibus
1722 1804 2065 1868 [Inﬂammati-

468 1876 642 1940 tibus]
658 1876 813 1928 enim
836 1877 1248 1940 cupiditatibus
1263 1876 1461 1941 agitati
1485 1876 1542 1926 in
1562 1876 1773 1938 ﬂagitia
1786 1882 1831 1923 et
1845 1875 2069 1924 facinora

465 1947 894 2013 propelluntur:
912 1960 1019 1998 nec
1038 1948 1276 1999 omnino
1290 1947 1665 2010 requiescunt
1688 1946 2066 1997 desiderando

468 2024 533 2072 ut
558 2020 885 2082 acquirunt:
904 2018 1214 2070 metuendo
1233 2032 1306 2070 ne
1327 2019 1613 2069 amittant.
1632 2018 1737 2079 Qui
1756 2024 1951 2069 autem
1974 2030 2068 2069 me

467 2091 630 2142 audit
655 2090 751 2152 (ait
781 2090 1071 2153 Sapientia
1120 2091 1293 2152 [Prov.
1322 2089 1415 2152 1.])
1451 2088 1737 2140 habitabit
1771 2089 1833 2140 in
1868 2102 1987 2155 spe,
2011 2094 2070 2139 et

467 2161 791 2223 requiescet
834 2160 956 2211 sine
1000 2161 1201 2212 timore
1231 2161 1303 2210 ab
1340 2160 1499 2211 omni
1533 2160 1801 2211 vanitate.
1832 2162 1953 2211 Hoc
1980 2164 2069 2211 est

469 2232 770 2296 (quantum
796 2230 937 2282 mihi
959 2230 1201 2293 videtur)
1226 2230 1472 2282 dormire
1496 2230 1645 2282 inter
1655 2230 1876 2281 medios
1888 2232 2066 2291 cleros,

468 2302 639 2365 idest,
665 2302 814 2353 inter
841 2301 1063 2353 medias
1090 2301 1477 2361 hareditates,
1504 2302 1763 2353 nondum
1786 2302 1844 2352 in
1868 2314 1946 2364 re,
1968 2300 2067 2352 sed

471 2375 665 2425 tamen
707 2372 769 2424 in
813 2372 1065 2424 calestis
1115 2372 1469 2425 hareditatis
1514 2386 1615 2438 spe
1643 2372 1928 2424 habitare:
1956 2374 2069 2424 eta

471 2447 717 2496 terrena
733 2443 1045 2496 falicitatis
1052 2443 1174 2509 jam
1186 2444 1499 2508 cupiditate
1514 2444 2067 2507 conquiescere.Cum

469 2518 665 2566 autem
690 2514 929 2575 venerit,
955 2515 1111 2579 quod
1135 2528 1434 2578 speramus
1453 2531 1465 2567 :
1487 2514 1738 2576 nonjam
1750 2515 1900 2567 inter
1922 2515 2068 2566 duas

465 2585 839 2639 hareditates
863 2586 1298 2649 requiescimus,
1328 2586 1431 2637 sed
1455 2586 1514 2637 in
1535 2598 1691 2637 nova
1713 2591 1771 2639 et
1793 2599 1942 2649 vera,
1967 2599 2069 2638 cu—

459 2658 561 2722 jus
573 2662 744 2709 vetus
768 2659 891 2709 erat
911 2658 1136 2722 umbra,
1161 2657 1552 2721 regnabimus.
1578 2659 1649 2709 Et
1663 2658 1798 2722 quia
1814 2662 1931 2709 tam
1942 2660 2070 2706 bene

468 2728 824 2781 dormierant
851 2728 1130 2792 Apostoli,
1164 2729 1248 2781 eis
1277 2729 1438 2782 velut
1460 2730 1668 2794 pennis
1690 2742 1848 2781 nunc
1871 2728 2071 2781 volitat

467 2803 527 2853 et
572 2800 843 2853 laudibus
884 2801 1174 2853 exaltatur
1208 2800 1475 2852 Ecclesia.
1504 2804 1759 2863 Quorum
1803 2799 2069 2865 exemplo

464 2873 607 2925 dum
642 2873 727 2924 sic
761 2873 936 2925 etiam
962 2873 1157 2925 cateri
1192 2872 1507 2933 dormiunt,
1531 2872 1819 2925 adduntur
1842 2883 2068 2936 penna,

468 2944 682 3007 quibus
705 2956 895 3008 usque
905 2944 965 2995 in
975 2944 1146 2996 ﬁnem
1160 2943 1336 2996 seculi
1363 2943 1686 2995 sublimiter
1697 2944 2041 3009 pradicetur
2056 2961 2067 3001 ;

469 3016 538 3065 Et
563 3016 860 3080 posteriora
885 3016 1033 3066 dorsi
1066 3016 1180 3080 ejus
1219 3016 1277 3064 in
1296 3015 1500 3080 pallore
1523 3016 1653 3065 auri
1676 3020 1863 3079 erunt,
1889 3015 1947 3067 id
1964 3017 2068 3078 est,

470 3088 529 3139 in
558 3088 741 3185 nitore
765 3088 1079 3185 sapientia.
1098 3090 1204 3140 Per
1227 3100 1401 3185 quem
1424 3088 1671 3185 nitprem
1694 3087 2070 3185 intelligimus
2095 3110 2142 3185 Ο

470 3159 580 3185 ιιι-ικῖ
610 3165 758 3185 alam
854 3172 879 3185 η
910 3172 972 3185 Α..
995 3161 1143 3185 natm
1180 3159 1373 3185 ηηηὲηιη
1406 3159 1476 3185 ἕω
1543 3159 1712 3185 ςηὲιηηι
1743 3164 1823 3185 nne
1859 3160 1969 3185 ,ειη-ιε
2005 3172 2065 3185 η...

467 3159 780 3212 caritatem.
808 3160 972 3211 Calor
994 3161 1149 3211 enim
1179 3159 1477 3223 sapientia
1502 3159 1714 3212 divina
1742 3164 1829 3210 est
1858 3160 2067 3211 caritas

467 3230 577 3282 Sed
621 3243 795 3294 quare
839 3243 875 3286 a
906 3230 1097 3292 dorso,
1123 3236 1182 3283 et
1202 3244 1321 3282 non
1354 3243 1388 3282 a
1411 3235 1646 3295 pectore
1668 3233 1695 3281 εἰ
1718 3232 1807 3282 An
1834 3231 1966 3294 quia
1988 3230 2066 3281 ibi

470 3306 606 3354 sunt
623 3301 913 3366 quomodo
936 3302 1156 3353 radices
1168 3302 1426 3354 alarum?
1451 3302 1669 3354 Caritas
1685 3307 1880 3354 autem
1896 3305 2067 3351 omnia

472 3372 669 3424 suﬁ’ert
696 3373 762 3435 (1.
784 3373 902 3425 Cor.
930 3372 1055 3436 13.).
1074 3375 1143 3424 Et
1167 3374 1274 3436 (Eae
1294 3374 1615 3438 Augustino)
1644 3374 1920 3436 scriptum
1944 3377 2064 3424 est:

468 3443 626 3495 Alter
645 3443 876 3495 alterius
900 3456 1076 3495 onera
1107 3449 1344 3508 portate,
1380 3450 1439 3497 et
1467 3444 1549 3496 sic
1585 3444 1972 3509 adimplebitis
1995 3444 2070 3495 le-

472 3526 604 3578 gem
648 3513 857 3564 Christi
895 3514 1208 3578 (Galat.-6.).
1235 3515 1339 3567 Vel
1363 3514 1562 3566 aliter:
1596 3516 1738 3578 Quid
1765 3520 1901 3567 sunt
1924 3516 2067 3580 ipsa

473 3584 600 3646 ala,
624 3583 737 3634 nisi
760 3583 874 3634 duo
899 3590 1189 3648 pracepta
1212 3585 1482 3647 caritatis,
1508 3586 1569 3636 in
1594 3587 1805 3650 quibus
1830 3590 1949 3638 tota
1973 3586 2067 3637 lex

474 3654 702 3719 pendet,
721 3659 779 3705 et
801 3655 1097 3718 propheta
1117 3656 1327 3717 (Matth.
1354 3655 1506 3718 22.)?
1530 3658 1677 3719 Quid
1698 3658 1821 3721 ipsa
1843 3660 2070 3710 sarcina

472 3725 632 3788 levis,
674 3726 788 3777 nisi
821 3726 948 3789 ipsa
984 3726 1209 3789 caritas,
1248 3739 1382 3789 qua
1414 3728 1475 3778 in
1519 3729 1645 3779 istis
1670 3729 1898 3779 duobus
1920 3742 2068 3795 pra-

474 3796 656 3859 ceptis
679 3795 948 3859 impletur
961 3796 1281 3861 ?Quicquid
1306 3798 1459 3849 enim
1486 3798 1713 3851 difﬁcile
1737 3799 1906 3851 estin
1930 3812 2071 3865 pra-

473 3872 660 3930 cepta,
678 3867 804 3919 leve
832 3872 918 3918 est
942 3868 1175 3919 amanti.
1195 3870 1310 3920 Nec
1327 3870 1398 3921 ob
1411 3868 1566 3921 aliud
1585 3870 1922 3936 intelligitur
1938 3880 2069 3921 recte

476 3938 713 4002 dictum,
741 3939 902 3990 Onus
928 3952 1122 3991 meum
1145 3940 1264 3993 leve
1284 3945 1374 3992 est
1400 3941 1607 4005 (Matth.
1626 3940 1730 4004 11.)
1758 3957 1771 3994 :
1797 3943 1910 3994 nisi
1935 3943 2070 4008 quia

474 4009 573 4061 dat
594 4010 866 4074 Spiritum
903 4015 1189 4074 sanctum,
1229 4025 1328 4075 per
1365 4025 1537 4076 quem
1572 4013 1742 4064 datur
1773 4014 1981 4066 caritas
2008 4016 2068 4067 in

474 4082 741 4133 cordibus
782 4082 998 4133 nostris
1033 4082 1202 4146 (Rom.
1233 4082 1309 4147 5.)
1342 4101 1353 4132 :
1383 4088 1448 4135 ut
1471 4084 1719 4136 amando
1744 4085 2068 4147 liberaliter,

478 4153 771 4217 faciamus,
797 4153 949 4216 quod
980 4152 1253 4217 timendo,
1300 4156 1398 4219 qui
1434 4155 1587 4217 facit,
1616 4156 1892 4208 serviliter
1914 4157 2065 4210 facit.

477 4225 783 4276 Posteriora
807 4237 942 4289 ergo
977 4224 1122 4274 dorsi
1146 4226 1259 4290 ejus
1290 4227 1348 4274 in
1371 4227 1576 4291 pallore
1600 4228 1729 4276 auri
1753 4232 1909 4291 sunt,
1934 4232 2069 4292 quia

478 4294 749 4359 quicquid
796 4300 983 4357 portat
1014 4296 1282 4359 Ecclesia,
1307 4297 1585 4360 quidquid
1615 4297 1817 4350 tolerat
1842 4312 1855 4348 :
1882 4303 2069 4351 totum

476 4367 536 4418 in
558 4379 756 4418 amore
786 4366 935 4430 facit,
962 4372 1145 4419 totum
1170 4368 1230 4419 in
1255 4368 1552 4432 sapientia,
1580 4373 1767 4421 totum
1800 4370 1858 4421 in
1882 4370 2074 4421 hilari-

477 4440 614 4489 tate.
660 4437 840 4489 Corde
888 4441 979 4489 est
1012 4437 1275 4502 simplex,
1304 4440 1477 4491 verbo
1500 4438 1708 4501 lucida,
1734 4453 1903 4504 opere
1924 4452 2075 4505 pra-

2167 517 2266 580 qui
2307 517 2411 567 ait:
2452 517 2507 567 Si
2548 516 2759 567 fuerint
2786 520 3026 581 peccata
3054 519 3265 567 vestra
3288 514 3457 565 sicut
3488 512 3817 564 coccinum.

2168 590 2440 650 tanquam
2463 588 2567 639 nix
2600 587 3028 639 dealbabuntur
3052 588 3202 652 (Isai.
3226 586 3326 651 1.).
3360 586 3543 637 Bene
3572 596 3731 647 ergo
3750 586 3817 635 ait
3841 586 3843 649 1

2165 659 2233 707 In
2290 658 2522 720 Selmon,
2571 658 2725 722 quod
2769 659 3180 723 interpretatur
3234 657 3477 721 umbra,
3518 656 3592 706 id
3635 661 3751 715 est,
3779 652 3843 704 is!

2166 730 2409 781 Christo.
2455 733 2691 782 Constat
2728 736 2924 782 autem
2960 732 3174 783 umbra
3200 743 3282 782 ex
3309 729 3567 780 lumine
3621 732 3690 778 et
3722 739 3817 776 cct-

2166 817 2317 868 pore.
2340 803 2488 854 Illud
2511 802 2708 854 lumen
2732 815 2951 867 verum,
2969 803 3125 867 quod
3141 803 3415 854 verbum
3435 803 3581 851 erat
3610 799 3680 849 in
3698 800 3820 861 piis

2166 875 2313 939 cipio
2347 874 2499 937 apud
2542 875 2725 925 Deum
2751 874 2928 936 (Joan.
2970 873 3064 936 1.),
3096 878 3162 924 ut
3198 872 3395 936 quasi
3417 872 3665 923 umbra
3682 869 3819 919 ﬂere:

2165 946 2353 1009 nobis,
2386 946 2640 997 Verbum
2661 958 2793 997 caro
2819 946 3037 997 factum
3060 951 3173 1011 est,
3204 949 3267 996 et
3295 943 3630 995 habitavit
3651 942 3714 992 in
3739 954 3821 991 ne-

2167 1018 2274 1069 bis.
2301 1020 2421 1069 Deo
2460 1018 2675 1069 scilicet
2698 1018 2870 1069 homo
2912 1021 3188 1081 tanquam
3220 1016 3451 1067 lumini
3479 1027 3722 1078 corpus
3745 1026 3821 1062 εις-

2166 1089 2361 1146 cessit,
2387 1093 2444 1140 et
2466 1089 2526 1140 in
2547 1101 2680 1140 eum
2710 1089 3010 1141 credentes
3036 1090 3259 1139 umbra
3270 1086 3703 1151 protectionis
3714 1098 3819 1147 ope-

2164 1161 2296 1212 ruit.
2326 1160 2468 1213 Nive
2483 1160 2657 1224 igitur
2680 1161 2739 1212 in
2764 1161 2996 1213 Selmon
3024 1160 3423 1220 dealbantur,
3450 1159 3565 1222 qui
3594 1168 3817 1221 pergra-

2166 1231 2306 1283 tiam
2352 1244 2486 1295 qua
2529 1232 2590 1282 in
2640 1231 2864 1284 Christo
2904 1236 3012 1293 est,
3053 1243 3089 1283 a
3117 1235 3533 1295 peccatorum
3573 1226 3813 1280 maculis

2165 1304 2538 1356 mundantur.
2565 1304 2796 1355 Selmon
2818 1303 2965 1367 dico,

2228 1373 2314 1429 16.
2334 1375 2489 1423 Mons
2504 1374 2618 1435 Dei,
2643 1389 2797 1423 mons
2816 1375 3060 1437 pinguis.
3085 1372 3376 1424 Christus
3403 1372 3580 1424 enim
3607 1382 3811 1435 pram-

2164 1446 2357 1510 gavite
2383 1445 2609 1503 dicitur,
2625 1447 2789 1497 Mons
2813 1447 2917 1498 Dei
2932 1446 3133 1506 Patris,
3149 1457 3257 1508 per
3279 1444 3700 1495 eminentiam
3718 1445 3815 1488 Dei-

2166 1520 2223 1568 ta
2234 1517 2326 1568 tis.
2351 1519 2645 1568 Intantum
2667 1519 2856 1568 autem
2886 1515 3140 1580 pinguis,
3163 1515 3312 1567 utin
3340 1527 3418 1565 eo
3437 1513 3813 1577 corporaliter

2165 1587 2452 1639 habitaret
2494 1588 2685 1639 omnis
2729 1586 3026 1651 plenitudo
3071 1585 3420 1636 divinitatis
3446 1585 3687 1645 (Coloss.
3733 1580 3812 1637 ἐς.

2168 1661 2284 1711 Nec
2329 1660 2515 1711 solum
2548 1660 2608 1710 in
2646 1673 2707 1710 se
2741 1658 2974 1724 pinguis
3000 1657 3216 1717 extitit,
3247 1658 3362 1708 sed
3392 1660 3460 1708 et
3483 1656 3561 1707 de
3586 1668 3660 1707 se
3684 1654 3813 1705 alios

2169 1730 2489 1795 pinguavit.
2527 1730 2688 1782 Unde
2710 1735 2769 1781 et
2790 1729 3058 1781 subditur
3084 1746 3095 1778 :
3124 1729 3291 1777 Mons
3314 1728 3669 1792 coagulatus
3696 1738 3811 1777 :se—

2170 1802 2427 1855 cundum
2456 1800 2603 1865 illos,
2641 1813 2755 1865 quo
2790 1801 2938 1853 lacte
2972 1801 3174 1852 nutrit.
3202 1801 3376 1848 Mons
3412 1799 3665 1863 pinguis
3694 1818 3707 1845 :
3731 1811 3809 1847 se-

2167 1874 2421 1926 cundum
2454 1875 2717 1937 niajores,
2744 1886 2889 1936 quos
2918 1885 3022 1937 per
3051 1872 3403 1923 uberiorem
3431 1870 3803 1922 dulcedinem

2168 1957 2291 1997 sua
2318 1944 2614 2008 sapientia
2640 1944 2833 1996 reﬁcit.
2862 1946 3009 1995 Nam
3024 1949 3085 1995 et
3106 1942 3309 2007 ipsum
3323 1943 3423 1993 lac
3442 1943 3610 1993 unde
3640 1941 3706 1992 ﬁt
3731 1952 3806 1991 ca-

2167 2029 2325 2079 seus,
2349 2016 2494 2067 miro
2525 2015 2693 2066 modo
2717 2015 3006 2079 signiﬁcat
3029 2015 3302 2077 gratiam.
3350 2016 3567 2065 Manet
3599 2014 3801 2076 quippe

2168 2100 2239 2139 ex
2252 2088 2608 2140 abundantia
2622 2088 2909 2139 viscerum
2926 2091 3420 2148 maternorum,et
3432 2086 3805 2135 misericordia-

2166 2159 2485 2211 delectabili
2504 2158 2758 2224 parvulis
2785 2158 3115 2210 infunditur
3148 2158 3357 2223 gratis.
3389 2161 3467 2209 Et
3490 2158 3637 2221 quia
3666 2168 3804 2207 non-

2167 2231 2311 2283 nulli
2340 2232 2411 2282 de
2434 2231 2658 2282 Christo
2681 2230 3116 2292 dubitaverunt,
3142 2233 3203 2281 et
3231 2229 3545 2293 quosdam
3571 2233 3804 2279 sanctos

2166 2302 2246 2354 illi
2286 2302 2611 2365 coaquales
2632 2302 2688 2352 in
2721 2301 2905 2366 gratia
2926 2301 3303 2353 crediderunt
3329 2318 3341 2350 :
3369 2300 3697 2364 redarguit
3714 2309 3805 2348 eos

2167 2375 2239 2426 de
2263 2386 2475 2435 errore,
2504 2386 2638 2426 cum
2664 2372 2968 2437 subjungit
2994 2387 3007 2423 :

2231 2446 2318 2500 17.
2369 2446 2432 2495 Ut
2456 2445 2590 2509 quid
2610 2445 2971 2509 suspicamini
2996 2449 3206 2493 montes
3248 2443 3627 2507 coagulalos‘?
3666 2442 3803 2492 Nam

2169 2519 2225 2570 et
2253 2516 2447 2569 cateri
2486 2515 2676 2567 Sancti
2712 2518 2939 2567 montes
2962 2516 3068 2567 Dei
3090 2515 3231 2566 dicti
3257 2520 3423 2566 sunt.
3450 2516 3578 2565 Nec
3604 2512 3804 2565 delue-

2168 2594 2305 2640 runt
2346 2588 2445 2651 qui
2489 2599 2624 2638 eum
2665 2587 2937 2651 dicerent,
2979 2586 3077 2637 alii
3111 2588 3410 2638 Joannem
3448 2586 3797 2649 Baptistam.

2169 2659 2262 2711 alii
2285 2664 2479 2711 autem
2504 2658 2745 2722 Heliam,
2769 2658 2864 2709 alii
2881 2671 3018 2710 vero
3040 2659 3377 2720 Jeremiam,
3392 2661 3502 2708 aut
3523 2670 3723 2708 unum
3736 2669 3799 2706 ex

2168 2730 2462 2795 prOphetis
2507 2730 2713 2793 (Matth.
2748 2729 2872 2793 16.).
2927 2730 3017 2781 Ad
3056 2742 3311 2793 quorum
3340 2741 3613 2780 errorem
3649 2740 3801 2780 com-

2168 2802 2541 2867 pescendum,
2571 2801 2739 2853 aliam
2764 2800 3168 2853 excellentiam
3192 2800 3393 2852 adhuc
3416 2800 3720 2859 insinuat,
3743 2798 3795 2847 in

2169 2886 2281 2936 quo
2307 2873 2462 2924 hunc
2490 2874 2752 2924 sanctum
2767 2875 3027 2924 montem
3045 2872 3121 2923 ab
3135 2872 3268 2923 aliis
3281 2871 3603 2923 montibus
3616 2874 3794 2920 sanctis

2170 2943 2394 2995 diﬁ'erre
2429 2945 2648 3008 probat.
2676 2945 2770 2995 Ait
2791 2957 2927 3007 ergo
2947 2961 2958 2992 :
2975 2944 3132 2992 Mons
3157 2944 3222 2992 in
3252 2958 3361 3007 quo
3388 2942 3787 3005 bencplacitum

2168 3020 2239 3064 est
2261 3016 2367 3064 Deo
2392 3016 2638 3066 habitare
2665 3016 2727 3065 in
2748 3030 2822 3065 eo.
2862 3016 2980 3067 Deo
3011 3015 3158 3079 patri
3185 3014 3404 3079 placuit
3437 3013 3718 3065 habitare
3740 3013 3787 3061 in

2168 3087 2280 3138 isto
2305 3092 2520 3151 monte,
2555 3087 2653 3150 qui
2676 3090 2909 3151 paratus
2932 3091 3024 3139 est
3052 3086 3115 3137 in
3139 3087 3450 3138 cacumine
3474 3086 3786 3137 montium.

2172 3158 2263 3209 cui
2296 3157 2437 3209 dicit
2462 3175 2472 3207 :
2501 3159 2589 3209 Tu
2610 3171 2673 3209 es
2703 3158 2879 3209 Filius
2909 3170 3079 3209 meus
3113 3157 3385 3215 dilectus,
3412 3158 3473 3207 in
3499 3169 3632 3219 quo
3656 3153 3784 3206 mihi

2173 3230 2319 3281 bene
2361 3229 2681 3293 complacui
2724 3230 2932 3290 (Matth.
2971 3228 3023 3283 3.
3064 3234 3115 3277 et
3148 3227 3237 3282 17.
3262 3230 3391 3279 Luc.
3419 3226 3516 3290 3.).
3546 3230 3671 3279 Nec
3695 3226 3787 3277 ha-

2176 3300 2315 3351 bitat
2338 3302 2494 3352 Deus
2516 3300 2577 3351 in
2600 3313 2667 3352 eo
2696 3313 2792 3364 per
2816 3297 3220 3365 particularem
3250 3299 3523 3363 gratiam,
3554 3299 3713 3349 sicut
3734 3296 3789 3345 in

2174 3372 2397 3423 cateris
2422 3372 2795 3435 Sanctis,sive
2818 3371 2889 3422 ad
2916 3374 3165 3434 tempus.
3180 3373 3255 3422 Et
3270 3370 3383 3421 hoc
3405 3370 3648 3434 probat,
3661 3379 3783 3419 cum

2173 3444 2369 3495 subdit
2394 3458 2407 3494 :
2433 3444 2651 3493 Etenim
2675 3443 2940 3492 Dominus
2964 3441 3231 3491 habitabit
3246 3443 3309 3490 in
3321 3443 3512 3505 ﬁnem.
3534 3440 3607 3491 Id
3618 3442 3724 3499 est,
3740 3442 3785 3485 in

2172 3515 2579 3581 perfectionem
2603 3514 2987 3565 habitationis.
3024 3515 3323 3564 Intantum
3344 3512 3582 3564 habitat
3608 3513 3673 3562 in
3709 3521 3785 3561 eo.

2174 3592 2240 3640 ut
2263 3588 2392 3651 plus
2426 3587 2683 3639 habitare
2706 3598 2824 3637 non
2847 3585 3067 3650 possit:
3092 3584 3314 3636 scilicet
3336 3584 3401 3635 in
3420 3583 3659 3635 unitate
3678 3594 3787 3645 per-

2175 3671 2350 3721 sona,
2401 3663 2458 3710 et
2507 3656 2834 3720 aqualitate
2880 3655 3176 3720 potentia.
3210 3657 3340 3707 Non
3362 3654 3509 3718 quia
3534 3653 3654 3717 (Ea:
3677 3654 3785 3702 Au-

2173 3730 2402 3793 gustino)
2449 3729 2505 3780 in
2538 3728 2665 3780 aliis
2709 3740 2827 3779 non
2862 3727 3103 3791 habitat,
3126 3726 3228 3777 sed
3278 3726 3422 3789 quia
3444 3727 3504 3776 in
3532 3725 3671 3778 aliis
3693 3735 3787 3787 per

2173 3800 2380 3863 ipsum.
2406 3803 2472 3852 In
2503 3800 2627 3865 ipso
2652 3800 2860 3863 quippe
2885 3798 3107 3850 habitat
3130 3798 3326 3849 omnis
3346 3800 3625 3859 plenitudo
3655 3799 3783 3845 divi-

2172 3873 2369 3924 nitatis
2395 3888 2407 3924 :
2430 3885 2549 3923 non
2574 3871 2923 3933 umbraliter,
2941 3870 3094 3921 sicut
3108 3870 3169 3921 in
3186 3871 3405 3934 templo
3432 3869 3784 3921 aSalomone

2172 3945 2341 4007 facto,
2388 3943 2487 3995 sed
2522 3942 2884 4006 corporaliter
2934 3940 3148 4006 (Coloss.
3198 3939 3273 4004 2)
3311 3946 3371 3992 et
3400 3940 3592 3992 solide
3614 3946 3781 4003 atque

2175 4016 2452 4067 veraciter
2475 4030 2486 4064 :
2516 4015 2788 4076 quoniam
2812 4016 2971 4065 Deus
2996 4015 3118 4064 erat
3140 4014 3200 4063 in
3230 4011 3465 4063 Christo
3488 4011 3778 4063 mundum

2172 4085 2546 4138 reconcilians
2592 4085 2700 4136 sibi
2744 4084 2812 4145 (2.
2844 4085 2964 4135 Car.
2993 4082 3085 4146 5.).
3112 4082 3218 4134 Vel
3238 4082 3373 4134 ideo
3396 4082 3561 4144 dicit,
3600 4082 3779 4132 Domi-

2174 4172 2278 4206 nus
2302 4156 2563 4207 habitavit
2595 4157 2658 4205 in
2683 4158 2849 4220 ﬁnem
2881 4173 2891 4205 :
2919 4154 3055 4218 quia
3078 4154 3189 4206 hoc
3213 4153 3426 4204 melius
3451 4154 3779 4204 manifesta-

2174 4228 2327 4280 bitur
2371 4228 2431 4278 in
2465 4228 2593 4292 ﬁne,
2647 4227 2881 4291 quando
2916 4226 2977 4278 in
3002 4238 3111 4279 sua
3142 4225 3450 4290 apparebit
3479 4226 3779 4288 majestate

2174 4300 2383 4359 (Matth.
2443 4297 2573 4361 25.),
2625 4304 2684 4350 et
2723 4298 3073 4361 aequalitate.
3126 4297 3229 4348 Vel
3268 4295 3565 4347 Dominus
3611 4296 3778 4345 Jesus

2173 4370 2435 4422 Christus
2478 4370 2760 4422 habitabit
2808 4369 2869 4421 in
2914 4369 3141 4421 Sanctis
3187 4367 3333 4429 suis,
3371 4366 3777 4431 perducensin

2172 4441 2367 4505 ﬁnem,
2390 4441 2498 4493 hoc
2523 4447 2613 4493 est
2634 4442 2694 4493 in
2719 4441 2993 4505 seipsum.
3025 4439 3183 4491 Finis
3217 4439 3375 4490 enim
3390 4439 3539 4504 legis
3551 4441 3776 4487 Christus

476 4507 646 4604 clara.
691 4509 979 4571 Quamdiu
1014 4509 1122 4561 hoc
1159 4508 1312 4575 facit,
1338 4509 1684 4563 determinat
1706 4516 1952 4576 tempus,
1987 4512 2068 4563 di-
2092 4530 2150 4604 D
2176 4513 2261 4604 ad.
2285 4513 2572 4604 justitiam
2615 4513 2772 4604 o‘mni
2808 4511 3059 4604 credenti
3094 4511 3267 4572 (Rom.
3310 4509 3444 4604 10.)ἱ
3466 4512 3777 4604 Postquam

479 4591 617 4631 cens
644 4596 656 4629 :

541 4649 630 4704 15.
674 4650 818 4699 Dum
855 4646 1109 4700 discernit
1129 4653 1347 4702 molestis
1368 4668 1512 4717 reges
1548 4669 1709 4718 super
1728 4668 1866 4706 eam.
1895 4655 1958 4707 Id
1981 4659 2072 4707 est

478 4720 759 4784 quamdiu
780 4721 959 4773 Filius
982 4721 1085 4773 Dei
1106 4723 1334 4776 ordinat
1355 4729 1415 4777 et
1442 4726 1738 4777 constituit
1763 4732 1997 4779 sanctos
2017 4731 2074 4778 et

480 4791 769 4856 pralatos,
794 4792 896 4855 qui
918 4793 1065 4845 bene
1087 4800 1290 4858 regnat
1312 4799 1370 4847 et
1399 4809 1460 4847 se
1483 4801 1541 4848 et
1563 4796 1705 4847 alios
1730 4810 1902 4862 super
1924 4810 2072 4862 eam,

479 4863 741 4915 videlicet
765 4862 1108 4916 columbam.
1136 4867 1274 4926 Quis
1300 4872 1391 4919 est
1418 4867 1526 4919 iste
1550 4868 1813 4931 calestis,
1840 4870 1954 4920 nisi
1982 4869 2073 4922 ille

480 4933 581 4997 qui
603 4934 863 4986 ascendit
893 4948 1063 4998 super
1086 4949 1287 4988 omnes
1311 4938 1503 4999 caios,
1527 4942 1590 4989 ut
1608 4938 2074 5003 impleretomnia

480 5005 697 5071 (Ephes.
725 5007 833 5069 4.)?
851 5008 918 5059 Et
934 5008 1072 5072 quid
1095 5013 1201 5072 est,
1225 5009 1381 5060 aliud
1396 5023 1558 5071 reges
1576 5010 1899 5064 discernere
1918 5028 2072 5073 super

481 5091 629 5140 eam,
642 5078 755 5130 nisi
771 5078 987 5143 inopus
1004 5080 1839 5139 ministerii,inadiﬁcationem
1852 5088 2074 5145 corporis

479 5150 687 5203 Christi
707 5163 1025 5216 praparare
1052 5151 1120 5215 (1.
1148 5151 1269 5202 Cor.
1290 5150 1438 5214 12.)?
1461 5152 1744 5204 Dicuntur
1768 5155 1943 5207 etiam
1966 5155 2073 5216 (Ex

479 5223 640 5285 Aug.)
658 5222 736 5274 illi
758 5235 922 5287 reges
944 5223 1144 5286 utique
1166 5235 1201 5275 a
1224 5222 1495 5286 regendo,
1511 5226 1568 5274 et
1583 5224 1721 5287 quid
1737 5230 2068 5289 magis,quam

478 5295 668 5345 carnis
679 5294 1176 5358 concupiscentias
1186 5297 1212 5345 ‘t
1223 5307 1295 5346 ne
1307 5298 1504 5357 regnet
1522 5298 1817 5357 peccatum
1829 5301 1882 5345 in
1897 5312 2069 5347 eorum

477 5365 702 5417 mortali
726 5378 960 5429 corpore
983 5366 1055 5417 ad
1073 5365 1460 5419 obediendum
1483 5366 1781 5420 desideriis
1799 5371 1949 5435 ejus:
1966 5383 2071 5422 nec

476 5435 787 5487 exhibeant
812 5435 988 5504 335
1009 5439 1265 5489 membra
1285 5449 1389 5489 sua
1408 5439 2070 5502 armainiquitatlspecmto

478 5506 583 5557 sed
601 5506 917 5560 exhibeant
942 5522 1004 5561 se
1026 5510 1144 5562 Deo
1170 5512 1441 5572 tanquam
1456 5523 1526 5560 ex
1550 5514 1796 5562 mortuis
1813 5514 2069 5560 viventes:

475 5579 837 5656 et.membra
888 5593 995 5632 sua
1037 5594 1218 5656 arma,
1240 5581 1485 5656 justitia
1509 5581 1832 5656 Deo_(Rom.
1860 5582 1951 5656 6.).
1980 5583 2069 5656 Sic

475 5652 629 5724 enim
652 5655 820 5702 erunt
854 5664 1021 5724 reges
1056 5652 1322 5724 primitus
1347 5652 1579 5705 discreti
1605 5653 1677 5705 ab
1712 5654 2064 5719 alienigenis,

476 5722 613 5792 quia
639 5729 779 5792 _no_n
830 5726 970 5792 sunt
999 5722 1210 5786 jugum
1247 5723 1526 5775 ducentes
1561 5736 1693 5775 cum
1717 5725 2065 5777 inﬁdelibus.

475 5783 695 5835 Deinde
715 5787 942 5840 discreti
959 5783 1110 5844 inter
1138 5806 1201 5844 se
1225 5794 1580 5847 concorditer
1605 5798 1938 5850 muneribus
1953 5812 2071 5859 pro-

2175 4583 2431 4637 ostendit
2453 4583 2815 4635 altitudinem
2832 4582 3060 4644 Christi,
3085 4586 3515 4645 consequenter
3533 4584 3777 4637 insinuat,

2171 4655 2308 4719 quid
2353 4655 2486 4706 inde
2532 4667 2654 4707 sua
2690 4653 2961 4706 Ecclesia
2984 4653 3302 4718 proveniat.
3335 4655 3419 4705 Ac
3445 4653 3497 4704 si
3518 4652 3779 4703 dicatur:

2174 4730 2316 4779 Ecce
2368 4722 2542 4793 336
2589 4738 2756 4777 mons
2795 4737 3049 4790 magnus
3092 4730 3268 4787 atque
3313 4722 3780 4788 incomparabilis

2171 4798 2453 4850 Dominus
2485 4799 2695 4848 Jesus:
2743 4797 2885 4861 quid
2928 4801 3100 4850 erunt
3140 4795 3240 4856 illi,
3288 4796 3391 4860 qui
3424 4796 3782 4860 putabantur

2170 4874 2403 4921 montes
2428 4866 2713 4933 coagulati
2725 4871 2752 4919 εἰ
3418 4922 3427 4926 ,

2235 4940 2321 4995 18.
2362 4940 2569 4991 Curras
2604 4939 2717 4999 Dei,
2754 4938 2963 5003 inquit,
3001 4944 3186 4991 erunt.
3225 4941 3297 4990 Et
3328 4951 3404 4991 ne
3427 4938 3599 5003 pauci
3623 4938 3778 4990 asti-

2174 5017 2418 5073 mentur,
2434 5011 2522 5076 adj
2534 5010 2714 5075 ungit.
2742 5010 2927 5061 Decem
2941 5009 3182 5059 millibus
3196 5010 3492 5074 multiplex
3506 5009 3684 5058 millia
3702 5009 3776 5057 ιδ

2175 5083 2409 5133 tantium
2422 5085 2574 5145 .Quis
2590 5081 2745 5134 enim
2760 5082 2996 5146 auriga?
3008 5082 3281 5131 Dominus
3292 5082 3354 5129 in
3367 5082 3776 5142 eis,inquit.Ubi?

2172 5154 2235 5204 in
2269 5155 2432 5205 Sinai
2470 5155 2531 5203 in
2561 5159 2762 5204 sancto.
2788 5155 3091 5217 Ingentem
3112 5153 3313 5217 itaque
3338 5152 3772 5205 multitudinem

2173 5228 2527 5289 sanctorum,
2563 5229 2738 5287 atque
2784 5224 3066 5285 ﬁdelium,
3114 5224 3212 5288 qui
3262 5223 3546 5288 portando
3590 5225 3771 5275 Deum

2170 5297 2319 5350 ﬁunt
2343 5295 2767 5362 quodammodo
2792 5308 2997 5348 currus
3017 5296 3139 5355 Dei,
3178 5294 3536 5359 signiﬁcavit
3555 5293 3665 5346 hoc
3679 5307 3771 5345 no-

2170 5370 2345 5430 mine,
2362 5380 2583 5434 ponens
2594 5367 2823 5419 ﬁnitum
2836 5379 2938 5432 pro
2956 5367 3196 5419 inﬁnito.
3216 5368 3388 5418 Hanc
3399 5365 3767 5419 inhabitando

2170 5445 2228 5491 et
2273 5439 2518 5503 regendo
2565 5439 2716 5489 sicut
2751 5439 2942 5489 bonus
2982 5438 3179 5502 auriga
3203 5437 3476 5502 perducit
3495 5438 3552 5489 in
3580 5438 3765 5491 ﬁnem.

2173 5516 2448 5575 tanquam
2473 5522 2705 5561 currum
2731 5522 2924 5575 suum,
2939 5507 3378 5561 velutinlocum
3391 5512 3608 5571 aliquem
3619 5511 3760 5556 desti-

2170 5588 2394 5635 natum.
2418 5584 2483 5632 In
2505 5594 2573 5633 eo
2601 5585 2813 5643 autem,
2838 5581 2993 5645 quod
3014 5580 3320 5645 multiplex
3332 5581 3394 5632 in
3405 5581 3601 5633 decem
3613 5579 3754 5627 milli-

2171 5655 2281 5706 bus
2306 5654 2530 5715 dicitur,
2555 5651 2827 5716 perfectio
2851 5653 3129 5706 doctrina
3152 5649 3753 5713 commendatur:quia

2171 5725 2369 5777 decem
2418 5728 2647 5788 propter
2689 5724 3037 5789 Decalogum
3072 5724 3367 5789 signiﬁcat
3408 5723 3751 5776 doctrinam:

2169 5795 2342 5857 mille,
2373 5795 2509 5859 quia
2517 5793 2806 5859 perfectus
2818 5801 3215 5857 estuumerus,
3229 5795 3505 5861 designat
3515 5794 3750 5858 perfectio-
