3880 6222
134 292 288 350 917
1182 297 1256 347 ΙΝ
1290 297 1614 350 PSALMOS
1649 297 1742 348 LX

1846 295 1858 320 ν
1891 296 2475 352 COMMENTARIUS.
3372 295 3477 352 918

132 408 574 485 nem._Currus
597 419 734 471 ergo
756 406 856 459 Dei
880 406 1182 472 multiplex
1215 409 1276 460 in
1299 408 1499 485 decem
1525 409 1779 485 millibus
1803 412 1857 485 Α
1876 409 2112 485 humilis
2148 415 2501 485 moreretur,
2520 415 2712 485 tamen
2743 411 3149 464 condemnabit
3173 411 3470 476 superbos.

135 481 414 531 existit:
435 480 572 543 quia
589 493 870 532 numerus
889 485 1217 532 sanctorum
1245 483 1564 534 secundum
1581 483 1777 534 decem
1803 480 1857 485 ““
1878 483 1946 532 Et
1972 482 2080 534 hoc
2106 487 2212 543 est,
2239 483 2391 545 quod
2419 483 2642 535 subdit:

137 555 469 616 praecepta
485 553 628 615 legis
645 551 1034 614 multipliciter
1047 553 1356 616 etperfecte
1374 554 1532 605 vivit.
1548 555 1778 606 Mirifice
1939 551 2030 606 22.
2067 555 2442 602 Verumtamen
2454 555 2591 602 Deus
2603 553 2904 619 confringet
2918 555 3097 618 capita
3114 555 3473 604 inimicorum

137 627 394 676 autem.
443 637 577 674 cum
625 623 891 674 dixisset.
936 623 1114 672 Mitlia
1147 624 1462 688 laetantium,
1507 626 1778 677 continuo
1876 624 3472 690 suorum.Capitaconfringere,estsuperbasmenteshu-

140 696 452 758 subjecit:
479 695 745 745 Dominus
762 694 964 745 initiis.
989 695 1775 759 Nemiremur,quocllzrteutur:
1877 697 2112 748 miliare.
2157 699 2352 758 Juxta,
2399 696 2551 759 quod
2591 697 2866 760 scriptum
2909 703 2998 748 est
3023 716 3034 747 :
3062 698 3262 748 Omnis
3287 697 3386 760 qui
3411 710 3472 748 se

140 767 464 818 Dominus
497 767 649 818 enim
679 767 734 816 in
760 767 886 818 illis.
916 767 1048 818 Ideo
1073 769 1178 818 etsi
1209 773 1347 818 sunt
1371 770 1534 831 quasi
1565 770 1776 832 tristes,
1877 769 2093 819 exaltat
2116 768 2512 819 liumiliabitur
2543 769 2750 828 (Matth.
2776 767 2872 829 23;
2907 770 3032 818 Luc.
3060 769 3183 833 17.).
3211 769 3471 820 Confrin-

140 851 408 902 semper
433 844 623 890 tamen
645 838 963 902 gaudentes
989 836 1060 898 (2.
1093 838 1211 888 Cor.
1253 837 1342 900 6.).
1375 841 1490 890 Nec
1508 839 1628 902 jam
1651 839 1776 900 ipso
1875 845 1974 901 get
2010 841 2180 891 etiam
2215 841 2455 889 verticem
2478 839 2681 902 capilli,
2708 839 2766 889 id
2800 845 2905 900 est,
2931 841 3234 892 elationem
3259 842 3469 905 cogita-

137 909 305 973 flne,
330 923 447 973 quo
473 910 730 961 nondum
752 914 1033 961 venerunt
1062 910 1193 960 :sed
1217 923 1316 972 spe
1334 914 1472 961 sunt
1487 915 1776 973 gaudentes,
1878 911 2067 970 tionis,
2107 911 2604 976 perambulantium
2637 910 2695 958 in
2724 909 2924 958 delictis
2945 912 3056 959 suis
3081 926 3093 961 :
3129 912 3185 962 id
3210 917 3316 975 est,
3344 925 3470 975 per-

135 980 221 1031 in
277 981 649 1033 tribulatione
697 982 981 1045 patientes
1017 982 1184 1043 (Rom.
1215 979 1340 1044 12.).
1369 983 1646 1043 Quoniam
1672 983 1778 1030 Do-
1879 984 2264 1034 severantium
2289 983 2344 1033 in
2370 982 2636 1048 peccatis.
2656 982 2953 1032 Confracta
2970 984 3470 1033 suntetiaminimi-

135 1055 364 1101 minus
390 1053 450 1101 in
476 1053 584 1102 illis
601 1053 659 1100 in
686 1052 851 1102 Sinai
875 1053 935 1101 in
958 1059 1158 1102 sancto.
1184 1051 1249 1102 ld
1269 1056 1376 1110 est,
1401 1053 1460 1102 in
1485 1053 1773 1104 mandato.
1877 1067 2075 1104 corum
2107 1055 2307 1119 capita,
2323 1054 2378 1104 id
2403 1058 2509 1110 est,
2533 1053 2954 1104 dominationes
2974 1057 3028 1102 et
3045 1053 3470 1115 imperiuminﬂ-

132 1123 308 1174 Sina
333 1124 1263 1186 eniminterpretaturmandatum.
1281 1124 1668 1187 EtApostolus
1687 1124 1775 1174 di-
1876 1124 2107 1180 delium,
2133 1131 2190 1176 et
2215 1125 2469 1188 quotidie
2495 1125 2774 1188 frangitur
2806 1139 2816 1170 :
2844 1128 2909 1174 ut
2933 1123 3032 1173 uni
3056 1124 3225 1187 capiti
3248 1124 3470 1176 Christo

133 1194 241 1244 cit
269 1211 286 1243 :
316 1196 460 1256 Quia
482 1195 575 1246 lex
592 1194 826 1258 quidem
839 1199 1055 1259 sancta,
1073 1194 1713 1246 etmandatumbonum
1731 1202 1774 1244 et
1875 1199 2034 1246 totus
2059 1196 2305 1246 mundus
2337 1195 2688 1260 subjiciatur.
2703 1193 2807 1246 Vel
2820 1194 3115 1258 per'capita
3130 1195 3472 1257 possuntin-

136 1270 445 1316 sanctum
473 1268 642 1328 (Rom.
663 1265 755 1326 7.).
786 1266 894 1317 Sed
929 1265 1066 1329 quid
1094 1265 1392 1326 prodesset
1415 1265 1774 1325 mandatum,
1877 1267 2053 1331 telligi
2077 1267 2358 1332 capitalia,
2383 1268 2440 1319 id
2470 1272 2575 1324 est,
2601 1265 2917 1317 criminalia
2941 1267 3191 1329 peccata.
3219 1268 3320 1316 Per
3345 1278 3470 1317 ver-

135 1336 281 1386 nisi
332 1338 612 1388 Dominus
655 1337 733 1388 ibi
770 1341 959 1388 esset?
1002 1336 1073 1388 de
1115 1349 1230 1400 quo
1250 1337 1488 1389 dicitur:
1517 1338 1668 1388 Deus
1688 1343 1777 1388 est
1876 1339 2046 1390 ticem
2062 1352 2193 1391 vero
2211 1339 2397 1403 capilli
2417 1339 2638 1390 minuta
2654 1336 2968 1390 etvenialia
2983 1337 3179 1388 valent
3195 1339 3467 1398 designari.

132 1407 348 1468 enim,
375 1409 475 1472 qui
512 1414 779 1474 operatur
809 1408 868 1459 in
891 1407 1070 1470 vobis,
1096 1412 1152 1459 et
1181 1407 1326 1459 velle
1351 1412 1409 1459 et
1432 1409 1649 1472 operari
1673 1422 1774 1472 pro
1875 1412 1941 1461 In
1981 1411 2192 1472 quibus
2237 1410 2502 1473 quisquis
2539 1409 2876 1461 delectando
2898 1408 2977 1460 ita
2999 1407 3381 1472 perambulat,
3405 1413 3472 1460 ut

136 1479 326 1531 bona
359 1481 658 1532 voluntate
681 1479 906 1543 (Philip.
939 1479 1021 1541 1.).
1050 1481 1248 1543 Itaque
1278 1479 1560 1530 Dominus
1584 1479 1645 1531 in
1669 1480 1771 1543 eis,
1874 1483 2206 1545 corrigendo
2259 1483 2398 1534 dum
2444 1483 2605 1544 vivit,
2643 1494 2759 1532 non
2797 1481 2960 1532 finiat
2984 1498 2994 1528 ε
3022 1481 3144 1545 ipse
3166 1482 3323 1532 Deus
3338 1486 3471 1545 post

136 1551 216 1602 in
239 1549 1616 1615 mandatoadjuvanseos,utfaciantmandatum.
1638 1554 1774 1606 Quo—
1872 1558 2117 1606 mortem
2154 1566 2270 1605 non
2302 1554 2563 1604 minutus
2595 1552 2650 1602 in
2675 1552 2904 1616 deitate,
2945 1552 3263 1615 confringet
3286 1557 3340 1604 et
3365 1552 3466 1605 de-

137 1622 345 1674 modo
368 1625 429 1672 in
444 1625 552 1674 eis?
575 1625 795 1675 Caritas
807 1624 964 1675 enim
986 1622 1313 1674 Deidifl‘usa
1325 1623 1489 1674 estin
1503 1622 1771 1674 cordibus
1875 1628 2055 1676 struet
2070 1638 2202 1677 eum
2229 1625 2472 1676 districti
2497 1623 2698 1686 judicii
2712 1623 2800 1673 sui
2826 1623 3343 1675 animadversione.
3365 1624 3468 1675 Per

138 1696 388 1746 nostris
434 1708 533 1759 per
556 1695 827 1759 Spiritum
853 1699 1138 1754 sanctum,
1159 1694 1258 1758 qui
1283 1694 1454 1745 datus
1479 1699 1570 1746 est
1604 1694 1771 1744 nobis
1871 1696 2105 1760 capillos
2139 1698 2266 1748 ideo
2290 1696 2664 1758 cogitationes
2688 1695 3024 1758 accipimus,
3052 1697 3186 1758 quia
3211 1697 3362 1746 sicut
3382 1707 3468 1746 ca-

136 1765 352 1825 (Rom.
377 1765 449 1830 5.)
476 1781 488 1817 :
539 1769 596 1819 et
627 1767 753 1819 hmo
779 1770 886 1831 est,
913 1779 1027 1830 qua
1050 1766 1389 1817 mandatum
1412 1765 1696 1830 impletur,
1715 1767 1772 1817 et
1793 1828 1832 1832 _
1871 1768 1990 1831 pilli
2015 1768 2312 1820 adhaerent
2337 1768 2527 1832 capiti,
2555 1767 2637 1818 sic
2661 1766 3038 1829 cogitationes
3061 1766 3258 1817 menti.
3290 1769 3466 1817 Bona:

143 1835 298 1888 ideo
313 1828 491 1890 millia
503 1838 788 1890 laetantur.
809 1828 1104 1900 Quomodo
1118 1838 1227 1889 hoc
1252 1837 1466 1888 factum
1479 1828 1604 1889 est?
1621 1839 1765 1888 Con-
1792 1828 1846 1902 B
1872 1828 2064 1891 autem
2089 1828 2462 1904 cogitationes
2475 1828 2683 1891 ornant
2697 1828 2951 1890 mentem
2969 1855 2978 1884 :
2994 1838 3162 1890 malm
3177 1840 3460 1897 deturpant.

142 1909 343 1961 vertit
385 1911 458 1961 ad
500 1911 710 1976 ipsum,
751 1911 849 1974 qui
873 1910 1020 1972 fecit,
1047 1913 1104 1962 et
1127 1908 1413 1974 quomodo
1440 1909 1515 1960 sit
1530 1909 1762 1972 factum,
1872 1911 2165 1973 Quosdam
2187 1911 2521 1976 confringet,
2549 1910 2829 1974 quosdam
2853 1909 2926 1962 ad
2952 1923 3013 1960 se
3042 1908 3466 1960 convertetzita

143 1981 342 2032 nobis
367 1982 640 2042 ostendit,
666 1981 864 2034 dicens
892 1999 902 2030 :
1871 1983 2024 2044 quod
2047 1982 2188 2034 alios
2220 1982 2390 2034 faciat
2413 1985 2712 2045 martyres,
2732 1981 2872 2032 alios
2886 1994 3022 2032 vero
3034 1980 3460 2044 praedicatores.

222 2068 321 2123 19.
361 2070 661 2120 Ascendisti
698 2072 761 2119 in
807 2070 1001 2132 altum,
1026 2069 1085 2121 id
1131 2070 1237 2133 est,
1263 2070 1322 2120 in
1346 2067 1552 2121 caelum
1576 2081 1768 2119 resur-
1869 2057 1938 2106 Et
1973 2055 2047 2133 ad
2081 2053 2685 2133 h00_00nﬂl‘mandum
2708 2051 3018 2104 ῘΙὶῐΓοάυείι
3045 2051 3357 2103 Dominum
3379 2050 3462 2102 Ιο-

142 2140 377 2204 gendo.
408 2141 618 2206 Cepisti
641 2125 1022 2205 captivitatem.
1048 2141 1111 2192 Id
1136 2125 1764 2204 est,genushumanum,
1867 2128 2139 2206 qtlgptgm
2166 2125 2287 2206 §ic_=
2377 2196 2387 2205 _
2549 2194 2598 2206 η
2695 2196 2705 2206 _
2761 2194 2789 2206 η
2893 2193 2924 2206 ,ι
3034 2193 3071 2206 ν
3263 2193 3273 2203 ε

147 2191 328 2274 quod
352 2191 613 2263 diabolus
637 2191 1474 2277 captivaveratperipecciatum,
1493 2191 1764 2260 redemisti:
1877 2267 1910 2277 ﬁ
1927 2194 2013 2250 23.
2048 2197 2203 2246 Dixit
2228 2195 2512 2277 Dominus,
2546 2194 2602 2277 id
2627 2196 2731 2277 est,
2758 2193 2997 2276 firmiter
3019 2193 3304 2277 giSPOSEIif»
3336 2208 3347 2242 ε
3373 2191 3462 2241 Ex

145 2265 428 2347 :iccepisti
461 2284 608 2333 dona
633 2285 692 2333 in
709 2265 1071 2334 hominibus?
1107 2265 1260 2334 sicut
1281 2282 1414 2333 alibi
1445 2265 1677 2332 dicitur:
1708 2294 1738 2332 e

1867 2267 2049 2316 Basan
2069 2272 2374 2316 convertam
2389 2268 2444 2314 in
2459 2266 2799 2330 profundum
2812 2266 3001 2313 maris.
3019 2265 3206 2344 Basan
3223 2268 3462 2324 interpre-

145 2353 317 2405 dabo
339 2355 665 2407 tibiGentes
692 2355 1090 2407 hmreditatem
1116 2359 1292 2417 tuam,
1317 2358 1372 2404 et
1395 2355 1761 2414 possessionem

144 2427 326 2477 tuam
371 2428 643 2479 terminos
681 2431 850 2479 terrm
875 2426 1035 2490 (Psat.
1062 2425 1157 2490 2.),
1181 2428 1229 2477 Α
1253 2424 1496 2476 Domino
1523 2425 1636 2474 lieo
1660 2436 1760 2474 no-

144 2503 282 2548 stro
325 2503 490 2561 capta
523 2503 614 2551 est
651 2503 850 2550 nostra
889 2497 1212 2562 captivitas,
1239 2499 1304 2548 ut
1324 2496 1486 2548 fieret
1508 2494 1759 2546 libertas.

1867 2342 2020 2390 tatur
2063 2339 2326 2401 confusio.
2369 2341 2436 2389 Et
2472 2351 2545 2388 ex
2582 2336 2917 2388 confusione
2949 2334 3164 2400 peccati
3200 2335 3308 2396 (Ea:
3341 2336 3458 2383 Au-

1862 2411 2094 2472 gustino)
2121 2411 2187 2460 iit
2207 2409 2508 2460 conversio
2534 2409 2605 2460 ad
2631 2410 2833 2459 Deum.
2851 2408 2988 2458 Inde
3006 2411 3112 2466 est,
3128 2406 3281 2468 quod
3297 2407 3460 2454 Publi-

1863 2494 2044 2532 canus
2090 2495 2194 2532 nec
2228 2481 2476 2532 audebat
2507 2481 2702 2532 oculos
2726 2480 2800 2531 ad
2824 2480 3031 2531 caelum
3056 2478 3258 2529 levare.
3287 2480 3372 2528 Ita
3398 2490 3458 2528 se

145 2568 314 2619 Hinc
364 2550 781 2622 P‘etro’dictum
804 2574 929 2621 est:
961 2550 1056 2621 “Ex
1078 2550 1328 2631 hocjam
1362 2567 1626 2618 homines
1650 2567 1761 2617 eris
1861 2550 3458 2631 qpnsideransconfandebatur,seddescenditiwiﬁgagqs

150 2639 404 2702 capiens
431 2640 648 2704 (Luc.5.)
665 2642 825 2705 Capti
859 2655 994 2705 ergo
1019 2653 1243 2702 sumus,
1263 2639 1399 2702 quia
1423 2638 1551 2701 subj
1564 2637 1719 2700 ugati
1744 2653 1756 2690 :

150 2713 277 2762 sub
300 2711 421 2762 leve
444 2711 584 2764 illud
601 2713 808 2777 jugum
829 2713 1012 2772 missi,
1032 2711 1252 2763 liberati
1271 2723 1306 2762 a
1321 2713 1571 2775 peccato,
1589 2709 1758 2771 cujus

148 2782 321 2832 servi
345 2795 573 2834 eramus
598 2785 769 2845 (Rom.
796 2784 888 2845 6.),
914 2788 972 2835 et
990 2783 1231 2847 justitiaa
1256 2779 1570 2841 servifacti,
1589 2781 1758 2839 cujus

144 2852 326 2904 liberi
351 2854 584 2906 fuimus.
612 2855 773 2908 Unde
793 2860 850 2906 et
872 2855 992 2919 ipse
1007 2856 1064 2904 in
1082 2854 1193 2904 illis
1214 2858 1322 2916 est,
1339 2853 1437 2915 qui
1453 2849 1613 2902 dedit
1628 2853 1758 2898 dona

145 2923 516 2989 hominibus,
541 2928 821 2991 etAccepit
845 2927 991 2975 dona
1016 2927 1074 2974 in
1090 2923 1425 2975 hominibus:
1445 2924 1758 2986 ideoquein

142 2995 270 3048 ista
309 2999 703 3062 captivatione,
740 2997 799 3048 in
840 2997 950 3048 isto
975 3010 1170 3060 cursu,
1205 2997 1314 3048 sub
1345 2997 1457 3046 isto
1475 2996 1617 3059 jugo
1641 3005 1757 3044 non

142 3073 298 3118 sunt
322 3068 498 3120 millia
513 3069 880 3133 plorantium,
900 3069 1002 3120 sed
1020 3068 1197 3120 millia
1211 3067 1556 3121 laetantium.
1572 3065 1754 3116 Domi-

1864 2623 2006 2686 (Luc.
2059 2622 2164 2686 18.)
2212 2627 2356 2675 Item
2387 2625 2573 2674 Basan
2613 2623 3022 2684 interpretatur
3053 2621 3282 2670 siccitas.
3307 2619 3457 2671 Talis

1861 2700 1982 2748 erat
2025 2697 2236 2756 anima,
2286 2707 2420 2758 quae
2467 2694 2692 2745 dicebat
2721 2713 2729 2742 :
2758 2694 2964 2744 Anima
2987 2705 3115 2743 mea
3137 2691 3286 2742 sicut
3311 2696 3458 2742 terra

1861 2769 1983 2819 sine
2028 2779 2180 2830 aqua
2219 2766 2320 2817 tibi
2362 2766 2519 2830 (Psat.
2556 2763 2684 2826 42).
2713 2767 2779 2815 Et
2805 2763 2955 2815 beati
2983 2763 3080 2826 qui
3105 2763 3368 2813 esuriunt
3400 2765 3455 2812 et

1859 2840 2062 2890 sitiunt
2095 2838 2401 2902 justitiam,
2433 2837 2705 2900 quoniam
2725 2835 2835 2900 ipsi
2859 2837 3219 2883 saturabuntur
3241 2834 3450 2893 (Matth.

1857 2910 1945 2973 5.).
1976 2909 2195 2960 Deinde
2218 2908 2357 2972 quid
2381 2907 2731 2972 profundum
2756 2906 2948 2970 maris,
2975 2905 3085 2955 nisi
3108 2903 3450 2969 profundam

1855 2981 2130 3033 malitiam
2153 2980 2436 3044 significat
2463 2979 2826 3043 peccatoris?
2856 2977 3015 3027 Unde
3033 2976 3309 3038 scriptum
3331 2977 3446 3025 est:

1857 3055 2123 3105 Peccator
2146 3065 2275 3103 cum
2301 3051 2516 3102 venerit
2539 3051 2598 3100 in
2617 3048 2963 3115 profundum
2977 3050 3242 3107 malorum,
3271 3044 3446 3113 338

142 3151 268 3188 uns
293 3119 503 3204 quippe
514 3119 1002 3202 ‘in'illisinwsinai,
1021 3119 1088 3192 in
1106 3119 1320 3190 sancito.
1347 3141 1418 3190 Et
1439 3150 1566 3189 vere
1593 3137 1742 3188 erant

1855 3125 2175 3204 contemnit
2212 3124 2387 3185 (onv.
2422 3121 2635 3204 i8.).‘1n
2661 3119 3012 3201 profundum
3036 3119 3208 3204 maris
3225 3126 3450 3204 peccator

140 3190 494 3274 captivitas;
507 3190 666 3274 quos,
682 3190 1030 3274 tiuvaceepis’ti
1047 3190 1074 3262 ἧς)
1097 3211 1312 3260 Etenim
1333 3225 1443 3259 non
1468 3210 1742 3266 credentes,

1853 3195 2221 3274 convertitur,
2249 3193 2480 3256 quando
2503 3192 2578 3274 ad
2598 3191 2882 3255 propriam
2901 3190 3330 3274 conscientiam,
3347 3190 3448 3238 Do-

139 3281 468 3331 inhabitare
504 3283 800 3332 Dominum
824 3284 1011 3332 Deum.
1041 3281 1593 3344 Noncredentesipsi
1613 3285 1749 3331 sunt

139 3353 469 3416 captivitas.
501 3356 624 3406 Non
649 3355 933 3406 credendo
957 3356 1109 3405 enim
1132 3352 1748 3418 possidebanturadia-

136 3424 298 3482 bolo,
323 3426 423 3488 qui
453 3431 722 3490 operatur
741 3426 802 3477 in
827 3425 961 3477 filiis
979 3425 1313 3476 diffidentiae
1341 3425 1549 3488 (Ephes.
1575 3423 1746 3486 2.).Ιη

137 3496 361 3559 quibus
386 3503 442 3548 et
462 3510 562 3548 vos
584 3497 810 3561 (inquit)
826 3497 1015 3548 fuistis
1031 3496 1359 3560 aliquando,
1386 3509 1518 3547 cum
1536 3495 1748 3547 vivere-

139 3567 216 3618 tis
245 3567 307 3617 in
329 3567 412 3619 eis
437 3567 649 3630 (Ephes.
672 3566 760 3630 5.).
784 3567 952 3620 Fides
975 3581 1075 3620 eos
1090 3568 1221 3618 inde
1246 3566 1522 3630 liberavit,
1548 3572 1614 3617 ut
1623 3566 1745 3629 jam

137 3638 446 3690 credentes
482 3639 874 3690 inhabitentur
910 3651 944 3690 a
983 3641 1116 3702 Deo,
1156 3639 1284 3690 facti
1309 3638 1517 3690 domus
1540 3638 1657 3696 Dei,
1690 3642 1746 3689 et

137 3722 351 3760 currus
377 3709 476 3761 Dei
500 3708 740 3760 millium
763 3709 1103 3761 lmtantium.
1130 3710 1292 3763 Unde
1317 3710 1412 3773 qui
1436 3711 1562 3760 haec
1586 3721 1746 3760 cane-

137 3779 260 3843 bat,
287 3780 347 3831 in
371 3781 574 3845 spiritu
599 3794 666 3832 ea
682 3780 1022 3844 praevidens,
1048 3781 1318 3846 impletus
1332 3786 1388 3833 et
1407 3781 1530 3845 ipse
1546 3780 1744 3833 laetitia

137 3853 422 3904 eructavit
445 3853 749 3917 hymnum,
775 3852 974 3904 dicens
1003 3866 1016 3903 :

227 3947 402 4017 337
438 3949 526 4006 20.
554 3949 868 4000 Benedictus
891 3950 1158 3999 Dominus
1178 3950 1262 3998 die
1287 3949 1542 4013 quotidie.
1557 3949 1740 4012 Idest,

138 4022 380 4072 assidue
405 4035 593 4086 usque
617 4023 674 4072 in
701 4023 894 4073 tinem.
933 4024 1001 4072 Et
1025 4022 1296 4085 quoniam
1323 4034 1555 4072 currum
1580 4021 1740 4072 illum

139 4093 277 4144 duci
298 4093 515 4146 viditin
541 4099 849 4146 aeternum:
871 4094 1132 4156 sequitur
1149 4099 1203 4144 et
1228 4093 1364 4143 dicit
1385 4108 1397 4144 :
1417 4095 1740 4158 Prosperum

140 4164 243 4213 iter
264 4165 422 4227 faciet
447 4165 616 4224 nobis,
644 4166 782 4214 Deus
803 4166 1134 4214 salutarium
1168 4170 1495 4214 nostrorum.
1537 4165 1743 4216 Omnia

138 4237 299 4287 enim
325 4242 701 4301 coeperantur
714 4237 772 4288 in
797 4238 1013 4288 bonum
1035 4236 1141 4297 his,
1157 4237 1252 4298 qui
1271 4235 1589 4286 secundum
1613 4249 1742 4300 pro-

136 4308 396 4372 positum
423 4310 611 4360 vocati
637 4313 773 4360 sunt
796 4309 982 4360 sancti
1010 4309 1176 4367 (Rom.
1196 4306 1264 4368 8.)
1283 4321 1294 4356 :
1310 4311 1364 4357 et
1381 4320 1492 4357 non
1507 4308 1742 4371 permit-

138 4381 208 4431 tit
241 4392 338 4431 eos
366 4381 571 4432 tentari
597 4393 790 4444 supra,
817 4392 990 4443 quam
1015 4381 1156 4430 ferre
1180 4384 1441 4442 possunt,
1475 4378 1576 4428 sed
1607 4379 1741 4430 facit

137 4454 316 4505 etiam
344 4465 418 4504 ex
443 4453 755 4505 tentatione
776 4455 1114 4516 proventum
1139 4448 1204 4514 (2.
1223 4449 1342 4499 Cor.
1368 4449 1470 4511 10.)
1493 4451 1744 4513 Propter-

137 4537 208 4576 ea
255 4525 411 4576 enim
446 4530 599 4576 recte
646 4523 855 4574 dicitur
893 4522 1229 4573 salutarium
1262 4523 1437 4579 Deus,
1466 4521 1600 4584 quia
1633 4521 1740 4573 iter

136 4601 406 4647 nostrum
431 4596 620 4658 dirigit
643 4595 716 4646 ad
742 4593 1489 4655 salutem,atqueintantum
1509 4605 1740 4656 prospe—

138 4681 272 4719 rum
310 4666 461 4727 facit,
500 4671 564 4718 ut
590 4666 660 4719 de
683 4667 792 4717 hoc
816 4665 1035 4716 mundo
1074 4665 1243 4715 faciat
1267 4665 1508 4716 transire
1530 4665 1602 4716 ad
1638 4667 1739 4716 Pa-

137 4743 310 4799 trem,
336 4744 392 4790 et
417 4739 534 4797 flat,
559 4737 713 4802 quod
732 4738 856 4800 ipse
881 4737 1164 4788 Dominus
1189 4736 1298 4787 ait:
1344 4736 1485 4787 Volo
1515 4752 1525 4786 :
1553 4741 1618 4789 ut
1642 4738 1737 4789 ubi

135 4825 247 4875 ego
303 4824 452 4874 sum,
499 4815 556 4862 et
581 4809 688 4875 ipsi
719 4810 836 4859 sint
860 4821 1088 4860 mecum
1126 4808 1304 4872 (Joan.
1330 4807 1456 4872 17.).
1483 4809 1623 4871 Quis
1651 4813 1742 4861 est

137 4881 252 4933 iste
269 4883 458 4934 Deus?
484 4881 752 4945 sequitur
775 4885 832 4933 et
855 4879 1020 4931 dicit:

200 4969 291 5024 21.
329 4972 468 5020 Deus
501 4976 694 5032 noster,
722 4971 862 5019 Deus
888 4969 1058 5018 salvos
1079 4969 1337 5030 faciendi.
1365 4969 1609 5021 Multum
1633 4970 1740 5033 (Ea:

136 5042 467 5106 Augustino)
497 5041 678 5105 gratia
706 5041 1159 5092 commendatur.
1187 5041 1324 5103 Quis
1357 5043 1515 5092 enim
1541 5042 1740 5094 salvus

136 5115 314 5177 esset,
362 5113 476 5164 nisi
507 5114 630 5178 ipse
661 5115 924 5165 sanaret?
951 5113 1062 5164 Sed
1084 5118 1148 5164 ut
1179 5119 1499 5165 occurreret
1527 5114 1742 5178 cogita-

137 5186 280 5237 tioni
303 5198 317 5244 ;
357 5199 460 5236 cur
483 5197 619 5249 ergo
645 5185 939 5248 morimur,
970 5185 1018 5235 si
1045 5197 1143 5248 per
1172 5185 1300 5249 ejus
1323 5185 1568 5250 gratiam
1593 5186 1740 5238 salvi

137 5257 272 5308 facti
307 5269 510 5308 sumus
534 5260 560 5307 εξ
585 5256 861 5308 continuo
887 5256 1174 5319 subjecit:
1198 5262 1242 5305 et
1253 5257 1496 5316 Domini,
1514 5257 1740 5306 Domini

136 5329 315 5378 ascitus
337 5327 544 5378 mortis.
565 5329 866 5391 Tanquam
880 5326 1118 5379 diceret:
1137 5327 1280 5390 Quid
1305 5327 1622 5392 indignaris
1637 5329 1741 5380 hu-

139 5411 313 5450 mana
333 5398 606 5462 conditio,
635 5403 688 5450 te
715 5398 924 5451 habere
937 5399 1156 5450 exitum
1181 5399 1383 5450 mortis
1397 5402 1424 5450 ?
1441 5403 1496 5451 et
1512 5401 1738 5453 Domini

139 5471 225 5522 tui
251 5470 445 5521 exitus
470 5483 588 5522 non
621 5469 787 5533 alius,
814 5482 989 5533 quam
1015 5471 1215 5522 mortis
1244 5470 1366 5522 fuit.
1385 5472 1580 5524 Potius
1603 5485 1739 5538 ergo

139 5541 457 5604 consolare,
497 5553 672 5605 quam
706 5539 1039 5606 indigneris.
1072 5543 1356 5593 Patienter
1395 5556 1528 5607 ergo
1566 5545 1739 5596 etiam

142 5613 329 5678 ipsam
343 5617 587 5665 mortem
612 5613 882 5677 feramus,
897 5613 1048 5666 illius
1065 5615 1346 5678 exemplo,
1364 5616 1462 5678 qui
1477 5615 1608 5668 licet
1625 5633 1741 5678 pec-

142 5691 272 5736 cato
302 5685 460 5736 nullo
482 5690 637 5738 esset
665 5685 890 5736 debitor
917 5688 1210 5745 mortis,et
1234 5687 1512 5739 Dominus
1525 5695 1680 5740 esset
1707 5703 1740 5740 a

145 5769 259 5820 quo
290 5769 460 5808 nemo
486 5757 738 5808 animam
773 5756 1012 5819 tolleret,
1039 5757 1281 5809 sedeam
1299 5758 1739 5823 ipseasemetipso

145 5832 400 5891 poneret,
425 5827 598 5879 etiam
613 5827 800 5893 ipsius
816 5827 923 5880 fuit
939 5828 1131 5882 exitus
1143 5830 1362 5882 mortis.
1382 5829 1492 5885 Sed
1509 5833 1741 5894 quamvis

1763 4565 1819 4638 D

1851 3267 2005 3317 mino
2023 3263 2364 3329 impellente,
2393 3263 2720 3325 retruditur,
2743 3261 2987 3324 utmala,
3006 3273 3137 3323 qua:
3157 3259 3357 3323 gessit,
3371 3274 3444 3306 rc-

1849 3338 2081 3401 cogitet,
2107 3341 2282 3399 atque
2307 3348 2372 3385 ea
2393 3334 2722 3399 paenitendo
2745 3333 3016 3398 deploret.
3040 3332 3186 3383 Hinc
3207 3335 3294 3382 est
3309 3332 3442 3391 quod

1848 3411 1967 3460 Deo
1985 3408 2195 3459 dicitur
2210 3406 2504 3470 aquodam
2527 3406 2872 3469 poenitente:
2895 3404 3240 3468 Recogitabo
3254 3404 3343 3449 tibi
3361 3416 3446 3449 an-

1847 3493 1956 3532 nos
1988 3492 2147 3531 meos
2183 3480 2244 3530 in
2281 3477 2663 3530 amaritudine
2708 3477 2918 3528 animm
2954 3488 3100 3526 mete
3140 3474 3287 3536 ([sai.
3313 3471 3437 3531 38.).

1848 3553 2007 3602 Tunc
2036 3550 2244 3614 quippe
2267 3553 2356 3600 est
2380 3562 2512 3600 vera
2534 3548 2851 3608 conversio,
2892 3545 3122 3609 quando
3147 3543 3355 3595 animm
3379 3541 3443 3592 tit

1847 3634 2128 3682 amarum,
2141 3621 2252 3672 hoc
2272 3620 2427 3682 quod
2440 3624 2573 3671 ante
2596 3619 2780 3670 fuerat
2795 3617 2959 3669 dulce
2976 3621 3295 3682 peccatum.
3316 3618 3438 3663 Con—

1846 3694 2012 3745 vertit
2048 3706 2183 3757 ergo
2207 3695 2363 3744 Deus
2387 3692 2445 3743 in
2474 3691 2823 3756 profundum
2852 3690 2924 3740 ad
2960 3702 3057 3740 eos
3089 3699 3353 3750 quosque
3375 3685 3439 3735 li-

1845 3764 2153 3828 berandos,
2181 3764 2281 3827 qui
2303 3767 2465 3814 erant
2485 3762 2586 3814 des
2596 3761 2934 3826 peratissimi
2955 3764 3298 3824 peccatores.
3325 3759 3442 3812 Quae

1843 3836 2163 3900 conversio,
2208 3847 2385 3898 quam
2429 3834 2682 3900 perfecta
2720 3834 2813 3897 sit,
2837 3832 3114 3894 insinuat,
3139 3843 3270 3882 cum
3301 3828 3441 3879 sub-

1846 3907 2032 3958 iungit
2055 3921 2066 3956 :

1865 3921 1944 3958 11D
1990 3920 2066 3958 1L:

1836 3920 1856 3971 J
1903 3921 1991 4031 21?.
2030 3979 2091 4027 Ut
2111 3977 2774 4040 intingualurpestuusin
2789 3973 3438 4037 sanguine.L'nusquisque

1843 4047 2330 4112 praedicatordum
2346 4046 3023 4108 deambulando,verbum
3039 4047 3137 4095 Dei
3152 4045 3435 4099 annuntiat,

1840 4119 1902 4170 in
1925 4119 2198 4170 membris
2223 4117 2428 4169 Christi
2447 4116 2606 4179 pedis
2631 4117 2881 4167 officium
2901 4120 3104 4166 servat.
3119 4113 3281 4166 Unde
3301 4113 3438 4162 scri-

1843 4196 2006 4254 ptum
2031 4195 2118 4240 est
2139 4207 2149 4237 :
2182 4192 2360 4251 Quam
2388 4188 2628 4252 speciosi
2653 4187 2826 4250 pedes
2849 4199 3068 4246 eorum,
3087 4186 3186 4248 qui
3207 4196 3433 4235 annun-

1843 4262 1988 4314 tiant
2025 4273 2247 4324 pacem,
2273 4259 2370 4323 qui
2394 4259 2740 4311 annuntiant
2768 4259 2919 4308 bona
2946 4257 3084 4320 (lsai.
3112 4255 3248 4317 522.)!
3284 4254 3436 4304 Talis

1840 4345 1941 4396 pes
1977 4335 2098 4382 erat
2140 4331 2366 4394 Paulus,
2405 4343 2539 4382 cum
2568 4329 2780 4380 diceret
2808 4344 2818 4378 :
2848 4341 2964 4378 non
2991 4325 3174 4377 solum
3197 4324 3434 4396 alligari,

1842 4394 1943 4455 sed
1973 4407 2031 4454 et
2046 4402 2190 4453 mori
2206 4407 2440 4466 paratus
2466 4414 2594 4452 sum
2615 4412 2714 4463 pro
2739 4399 2971 4450 nomine
2990 4399 3130 4448 Jesu
3153 4396 3280 4466 (Act.
3305 4394 3432 4466 21.).

1843 4477 1947 4526 Pes
1973 4485 2108 4536 ergo
2130 4465 2229 4523 Dei
2252 4473 2312 4523 in
2327 4471 2609 4534 sanguine
2633 4469 2954 4532 intingitur,
2978 4465 3210 4530 quando
3234 4465 3436 4530 praedi-

1844 4549 2000 4596 cator
2023 4543 2231 4594 Christi
2258 4556 2356 4607 pro
2382 4543 2493 4593 fide
2519 4539 2861 4605 Evangelica
2873 4538 3159 4590 coloratur
3174 4538 3434 4595 martyrio.

1843 4615 2059 4668 Deinde
2075 4614 2337 4678 adjungit
2363 4628 2376 4664 :
2407 4614 2622 4675 Lingua
2645 4626 2842 4660 canum
2871 4617 3092 4658 tuorum
3105 4623 3172 4656 ea:
3195 4607 3436 4656 inimicis

1841 4687 1906 4738 ab
1931 4689 2064 4745 ipso.
2088 4688 2199 4737 Eos
2224 4686 2379 4749 ipsos
2407 4685 2511 4747 (Eae
2529 4683 2872 4746 Augustino),
2891 4681 2990 4745 qui
3016 4693 3198 4743 usque
3210 4679 3281 4730 ad
3301 4691 3435 4730 san-

1839 4758 2073 4822 guinem
2100 4757 2329 4807 fuerant
2359 4755 2644 4815 certaturi,
2671 4755 2845 4806 etiam
2877 4766 3049 4804 canes
3076 4757 3244 4803 vocat
3271 4767 3282 4802 :
3316 4764 3432 4803 non

1841 4829 2228 4886 detestabiles,
2255 4827 2355 4878 sed
2373 4825 2688 4878 laudabiles
2709 4843 2720 4876 :
2744 4825 2988 4877 Domino
3013 4837 3118 4875 suo
3139 4823 3310 4874 fidem
3327 4838 3434 4871 ser-

1839 4905 2061 4963 vantes,
2087 4904 2145 4951 et
2167 4911 2268 4963 pro
2285 4899 2411 4962 ejus
2436 4898 2604 4950 domo
2631 4901 2829 4949 contra
2853 4897 3118 4948 inimicos
3135 4894 3430 4946 latrantes.

1841 4973 1964 5024 Non
1981 4971 2136 5024 enim
2151 4970 2550 5022 tantummodo
2567 4982 2776 5022 canum
2794 4969 2953 5021 dixxt.
2971 4967 3072 5019 sed
3093 4967 3306 5015 Canum
3324 4971 3435 5015 tuo-

1840 5057 1967 5092 rum
1991 5057 2002 5093 :
2027 5055 2132 5094 nec
2158 5055 2356 5094 eorum
2378 5042 2602 5104 dentes,
2618 5041 2719 5093 sed
2736 5040 2933 5105 lingua
2948 5039 3178 5090 laudata
3194 5048 3284 5088 est.
3303 5040 3434 5093 Quos

1840 5113 2116 5180 propheta
2138 5126 2208 5165 ex
2232 5114 2478 5166 inimicis
2505 5114 2728 5165 futuros
2743 5126 2868 5165 esse
2881 5111 3159 5177 praedixit,
3186 5126 3271 5171 per
3295 5111 3434 5158 illam

1841 5186 2060 5238 scilicet
2079 5185 2532 5250 conversionem,
2553 5185 2622 5237 de
2646 5197 2760 5249 qua
2787 5184 3054 5250 superius
3070 5182 3429 5245 loquebatur.

1840 5260 1926 5310 Ex
1950 5257 2199 5309 inimicis
2225 5269 2361 5322 ergo
2388 5257 2520 5310 fecit
2542 5257 2867 5309 misericors
2891 5258 3044 5307 Deus
3059 5252 3276 5304 amicos
3293 5265 3430 5301 suos:

1839 5334 1905 5381 ut
1918 5330 2014 5393 qui
2031 5334 2196 5381 erant
2212 5329 2696 5394 blasphemantes,
2711 5326 3081 5392 postmodum
3095 5324 3438 5394 fierentpree-

1839 5392 2114 5473 dicantes,
2151 5405 2209 5453 et
2242 5392 2357 5465 qui
2374 5401 2664 5473 Christum
2692 5397 3198 5473 persequebantur,
3222 5392 3435 5473 deinde

1838 5485 1939 5538 pro
1964 5472 2186 5523 Christo
2217 5462 2574 5524 morerentur
2595 5471 2665 5532 (1.
2693 5462 2835 5518 'Tim.
2877 5467 2966 5530 1.).
2992 5462 3060 5516 Et
3082 5463 3261 5515 veluti
3284 5475 3416 5538 quae

1841 5535 2080 5606 reretur,
2112 5543 2266 5595 unde
2309 5544 2418 5595 hoc
2462 5544 2573 5594 illis
2621 5545 2846 5593 tantum
2870 5539 3122 5590 bonum?
3161 5535 3433 5588 continuo

1840 5627 2187 5679 responsum
2213 5619 2302 5666 est
2329 5615 2436 5663 :Ab
2461 5615 2594 5678 ipso,
2622 5611 2900 5664 subaudis
2923 5611 3055 5659 Deo.
3083 5608 3414 5679 Nam‘quan

1840 5687 1912 5739 do
1939 5677 1996 5737 id
2021 5691 2257 5750 possent
2277 5699 2311 5736 a
2336 5686 2540 5749 scipsis
2560 5677 2588 5735 εἴ
2618 5685 2834 5736 Etenim
2871 5693 3003 5734 cum
3037 5677 3251 5730 inimici
3289 5690 3440 5730 esse-

1839 5772 1992 5823 mus,
2040 5757 2381 5811 reconciliati
2417 5770 2621 5810 sumus
2665 5759 2783 5808 Deo
2835 5767 2935 5821 per
2971 5756 3214 5806 mortem
3251 5750 3436 5819 ipsius

1841 5833 2012 5894 (Rom.
2045 5831 2139 5895 5.).
2163 5830 2327 5884 Unde
2360 5834 2418 5883 et
2439 5829 2748 5882 subditur:
