3880 6222
386 272 493 329 919

1446 269 1713 324 RUFINO
1744 265 2208 320 PRESBYTERO
2240 263 2632 318 ASCRIPTUS

3658 257 3772 314 920

450 384 537 441 25.
573 384 833 436 Viderunt
857 384 1128 455 ingressus
1153 388 1289 455 tuos,
1314 380 1741 455 Deus.Qualiter
1762 380 1986 444 ingres—
2011 384 2066 455 Α
2092 377 2262 455 diuis,
2299 376 2620 455 latitudinis
2654 389 2667 426 :
2705 373 3198 455 principesdfidei,
3246 375 3403 438 spei,
3450 370 3766 424 caritatis.

390 471 491 511 sus
507 470 570 509 es
581 456 640 507 in
653 455 808 507 hunc
822 454 1130 515 mundum,
1146 453 1756 517 qualiterincarnatus,
1769 455 1989 513 qualiter

388 531 758 588 humanatus,
793 526 1036 590 qualiter
1058 526 1304 589 occisus,
1331 524 1573 589 qualiter
1595 525 1904 584 exaltatus,
1932 530 1990 577 et

387 598 1066 666 glorificatus.Viderunt,
1080 597 1464 659 crediderunt,
1483 602 1656 660 atque
1668 597 1900 648 eosdem
1914 598 1991 645 in-

387 684 627 738 gressus
643 674 815 735 prout
829 668 1440 733 potuerunt,imitando
1455 668 1637 719 secuti
1658 673 1811 719 sunt.
1829 671 1989 727 Cujus

387 745 729 809 ingressus?
768 742 895 792 Non
940 740 1151 805 angeli,
1194 752 1309 791 non
1340 739 1699 804 patriarcha,
1726 752 1840 789 non
1866 751 1990 802 pro-

388 817 600 881 pheta,
642 826 757 865 non
789 811 1261 877 cujuslibetjusti
1286 827 1298 861 :
1327 811 1428 861 sed
1452 810 1730 874 Ingressus
1747 810 1843 859 Dei
1863 810 1986 858 mei.

392 887 531 949 Quia
549 885 621 936 ad
638 884 941 936 utilitatem
959 896 1144 935 meam
1157 894 1387 933 carnem
1399 893 1681 945 assumes,
1696 884 1785 942 qui
1799 897 1851 929 es
1863 885 1991 929 Deus

390 957 621 1021 genitus
644 967 678 1006 a
701 957 865 1007 Patre
878 955 1032 1018 Regis
1058 953 1181 1004 mei.
1199 953 1304 1015 Qui
1320 952 1431 1003 eris
1444 964 1545 1003 rex
1562 952 1797 1003 meusin
1813 956 1993 999 huma-

390 1028 594 1081 nitate.
614 1028 733 1077 Hoc
757 1031 865 1084 est,
891 1025 996 1076 Tui
1014 1026 1312 1088 ingressus
1335 1036 1452 1074 non
1470 1024 1988 1084 suntvilipendendi,

391 1100 529 1162 quia
552 1098 663 1150 eris
683 1100 837 1148 Deus
862 1099 916 1147 et
930 1096 1121 1158 homo,
1148 1106 1421 1157 reparans
1436 1094 1700 1145 homines
1714 1098 1772 1145 et
1792 1109 1988 1153 regens.

390 1171 473 1221 De
487 1182 598 1231 quo
621 1172 774 1221 recte
800 1166 1103 1218 subditur:
1134 1166 1275 1224 Quid
1286 1170 1355 1213 est
1380 1165 1437 1213 in
1466 1170 1667 1213 sancto.
1688 1166 1813 1215 Non
1838 1164 1993 1215 enim

391 1241 614 1294 habitat
655 1242 813 1291 Deus
848 1239 908 1289 in
928 1250 1159 1301 corpore
1184 1236 1419 1287 subdito
1445 1236 1693 1299 peccatis
1725 1236 1872 1301 (Sap.
1902 1235 1991 1300 1.),

393 1311 494 1366 sed
519 1312 576 1362 in
600 1324 686 1374 eo,
711 1311 883 1374 cujus
906 1308 1259 1360 conscientia
1276 1312 1473 1359 sancta
1505 1312 1595 1358 est
1617 1309 1673 1359 et
1697 1319 1861 1370 pura.

455 1382 542 1439 26.
581 1383 669 1434 Ad
710 1383 817 1433 hos
840 1382 1137 1445 ingressus
1169 1378 1581 1431 insinuandos:
1616 1378 1993 1427 Praevenerunt

393 1456 684 1521 principes,
728 1453 789 1505 id
835 1456 943 1511 est,
982 1452 1254 1516 primitivi
1287 1450 1693 1515 praedicatores
1717 1449 1991 1513 Apostoli,

393 1526 606 1589 quibus
629 1538 801 1589 super
822 1523 1133 1575 Ecclesiam
1157 1522 1331 1573 datus
1354 1525 1440 1573 est
1462 1521 1830 1585 principatus.
1852 1522 1996 1572 Prae-

393 1600 681 1649 venerunt
703 1608 838 1659 ergo
872 1600 1133 1656 caeteros,
1160 1595 1309 1645 sicut
1332 1593 1616 1657 principes
1633 1596 1690 1644 et
1714 1592 1990 1656 magistri;

396 1672 454 1719 et
494 1680 611 1719 non
647 1666 771 1723 soli,
803 1678 865 1717 se
893 1665 1170 1729 conjuncti
1211 1662 1578 1728 psaltentibus.
1622 1664 1702 1714 De
1747 1675 1993 1727 quorum

395 1738 562 1790 bonis
579 1736 867 1802 operibus,
886 1740 1164 1800 tanquam
1179 1734 1501 1785 visibilibus
1515 1733 1764 1798 organis,
1782 1732 1991 1795 gloriﬁ-

395 1815 623 1862 caretur
662 1808 831 1857 Deus.
880 1806 986 1868 Qui
1020 1806 1304 1870 principes
1345 1810 1620 1868 tanquam
1649 1805 1895 1855 ministri
1937 1808 1994 1855 et

395 1879 706 1946 prwpositi,
737 1880 925 1941 erunt,
949 1879 1011 1926 In
1036 1878 1208 1927 medio
1224 1876 1667 1941 juvencularum,
1689 1876 1746 1927 id
1763 1880 1871 1939 est,
1891 1878 1995 1927 Ec-

396 1951 718 2008 clesiarum,
741 1961 873 2012 quae
897 1948 1087 1999 adhuc
1099 1953 1261 1998 erant
1280 1948 1547 2011 novellae,
1563 1947 1714 1997 sicut
1729 1948 1996 2007 primitivae

397 2020 686 2073 Ecclesiae.
720 2021 985 2081 Ipsarum
1021 2018 1167 2077 dico,
1214 2018 1750 2082 lympanistriarum,
1793 2017 1852 2067 id
1889 2022 1993 2077 est,

396 2104 566 2144 carne
589 2089 936 2142 mortiﬁcata
962 2090 1140 2139 Deum
1156 2088 1515 2139 laudantium
1533 2090 1827 2151 Tympana
1843 2088 1997 2139 enim

396 2163 505 2224 (Eae
526 2160 850 2225 Augustino)
881 2156 1057 2227 339
1085 2160 1306 2210 siccato
1330 2160 1481 2210 corio
1503 2158 1719 2209 ﬂuntet
1734 2163 1995 2211 extenso.

397 2236 629 2296 Propter
661 2232 790 2283 hac
813 2232 1006 2281 omnia
1031 2232 1199 2289 bona,
1224 2242 1257 2280 ο
1283 2229 1501 2280 fideles.

457 2302 546 2357 27.
570 2308 627 2351 tn
671 2301 920 2352 Ecclesiis
963 2300 1247 2349 benedicite
1285 2300 1404 2349 Deo.
1452 2301 1557 2352 Ubi
1596 2304 1688 2352 est
1722 2300 1884 2352 locus
1908 2301 2000 2352 be-

396 2373 719 2434 nedicendi,
766 2373 909 2435 Quia
949 2371 1048 2435 qui
1090 2376 1255 2423 extra
1283 2371 1595 2423 Ecclesiam
1627 2376 1784 2434 sunt,
1815 2374 1997 2424 Deum

397 2446 571 2511 digne
606 2443 839 2495 laudare
864 2456 982 2494 non
1014 2447 1277 2505 possunt.
1312 2444 1425 2493 Deo
1452 2443 1598 2503 dico,
1623 2444 1875 2503 Domino,
1903 2444 1999 2508 qui

398 2529 503 2567 nos
527 2514 743 2566 creavit
766 2518 824 2566 et
844 2514 1010 2577 regit.
1037 2511 1120 2564 Illi
1153 2512 1421 2575 (inquam)
1451 2513 1765 2564 benedicite
1789 2514 1850 2562 de
1873 2516 2000 2576 fon-

396 2588 554 2650 tibus,
594 2585 759 2648 idest,
804 2589 1036 2650 propter
1067 2584 1255 2634 fontes
1282 2598 1294 2633 :
1337 2587 1569 2647 propter
1593 2588 1826 2635 sanctos
1849 2588 2002 2649 Apo-

400 2658 605 2721 stulos,
632 2656 731 2720 qui
757 2668 862 2707 vos
890 2655 1172 2720 spirituali
1197 2654 1455 2706 doctrina
1467 2654 1745 2707 reficiunt.
1764 2659 2003 2705 Fontibus

396 2730 546 2787 dico,
584 2728 768 2778 Israel.
814 2727 988 2785 Idest,
1027 2726 1470 2790 procedentibus
1514 2739 1587 2777 ex
1622 2726 1842 2782 Judaaa.
1866 2728 2003 2778 Inde

401 2801 613 2865 quippe
659 2798 767 2863 (Eae
789 2798 954 2861 Aug.)
976 2797 1133 2860 prius
1159 2796 1346 2860 elegit,
1379 2810 1525 2861 quos
1553 2797 1742 2849 fontes
1774 2798 1999 2850 faceret.

399 2873 545 2923 Nam
577 2870 710 2921 inde
734 2874 873 2921 sunt
895 2868 1059 2920 electi
1075 2867 1352 2931 Apostoli,
1370 2868 1501 2919 ethi
1525 2868 1792 2931 primitus
1808 2869 2005 2919 audie-

398 2946 537 2994 runt
561 2957 573 2992 :
600 2940 708 3003 Qui
734 2939 1025 2991 biberitde
1044 2951 1197 3002 aqua
1214 2939 1346 2999 ista,
1370 2951 1545 3002 quam
1568 2952 1676 3003 ego
1699 2940 1867 3001 dabo,
1885 2952 2003 2991 non

399 3012 832 3074 sitietunquam
859 3026 870 3060 :
900 3009 1001 3061 sed
1026 3008 1123 3061 ﬂet
1145 3010 1206 3060 in
1228 3021 1296 3061 eo
1319 3010 1449 3061 fons
1472 3022 1640 3073 aquae
1665 3010 1923 3062 salientis
1946 3010 2004 3062 in

395 3084 575 3136 vitam
603 3087 879 3133 aeternam
909 3080 1086 3145 (Joan.
1114 3080 1208 3141 4.).

455 3152 543 3208 28.
575 3151 653 3202 Ibi
685 3152 977 3215 Benjamin
1009 3150 1430 3200 adolescentulus
1466 3152 1528 3200 in
1551 3152 1744 3202 mentis
1767 3167 1995 3202 excessu.

398 3225 483 3276 Ibi
507 3224 610 3287 (Εω
636 3223 791 3286 eod.).
829 3223 1039 3274 Paulus
1062 3223 1422 3274 novissimus
1453 3222 1879 3288 Apostolorum,
1905 3224 2004 3287 qui

396 3297 533 3349 dicit
551 3296 720 3347 :Nam
747 3299 804 3345 et
823 3307 931 3359 ego
946 3294 1204 3346 Israelita
1228 3307 1465 3359 sum,ex
1491 3295 1711 3346 semine
1733 3294 2004 3360 Abrahae,

397 3369 468 3421 de
499 3367 651 3419 tribu
676 3366 982 3427 Benjamin
1011 3366 1182 3429 [Rom.
1211 3363 1321 3429 12.)
1348 3385 1360 3414 :
1388 3366 1487 3429 qui
1512 3365 1699 3417 factus
1720 3371 1808 3416 est
1833 3367 1894 3417 in
1916 3380 2009 3417 ex-

396 3452 569 3491 cessu
588 3437 819 3500 mentis,
836 3450 967 3487 cum
1000 3450 1185 3500 usque
1208 3437 1281 3487 ad
1307 3437 1540 3487 tertium
1562 3437 1770 3488 caelum
1784 3450 2009 3501 rapere-

397 3515 510 3573 tur,
558 3514 614 3560 et
658 3507 886 3559 audiret
916 3506 1227 3559 ineffabilia
1267 3508 1457 3564 verba,
1502 3520 1635 3570 quae
1664 3522 1784 3560 non
1815 3510 2009 3561 liceret

395 3577 617 3633 homini
662 3576 840 3639 loqui.
880 3576 1014 3627 Sive
1065 3575 1282 3639 (inquit)
1332 3576 1391 3626 in
1415 3588 1668 3639 corpore,
1696 3579 1819 3630 sive
1843 3585 2011 3631 extra

399 3662 627 3714 corpus.
653 3659 760 3709 ego
785 3647 1000 3709 nescio,
1027 3647 1179 3697 Deus
1201 3647 1310 3697 scit
1342 3647 1357 3710 (
1380 3645 1430 3699 2.
1461 3647 1579 3697 Cor.
1608 3647 1738 3712 12.).
1765 3651 1834 3700 Et
1857 3651 2011 3702 unde

400 3723 541 3774 sunt
563 3717 870 3783 principes,
884 3718 981 3780 qui
1011 3721 1459 3780 praevenerunt?
1477 3720 1752 3784 sequitur,
1771 3727 1827 3773 et
1844 3722 2007 3775 dicit:

399 3791 689 3852 Principes
718 3788 886 3847 Juda,
901 3788 1057 3837 duces
1077 3803 1263 3837 eorum
1283 3790 1554 3853 principes
1576 3791 1621 3839 Ζ
1624 3790 1841 3854 abulon,
1860 3796 2015 3857 prin-

402 3864 540 3928 cipes
560 3859 1137 3925 Nephthatiﬁebraea
1187 3865 1324 3911 sunt
1364 3861 1576 3926 quippe
1602 3863 1706 3923 (Ex
1742 3864 1876 3928 eod.)
1905 3865 2013 3917 ista

398 3934 653 3996 nomina,
679 3944 933 3994 quorum
948 3933 980 3983 J
986 3932 1116 3995 uda,
1132 3932 1393 3994 confessio
1413 3932 2008 3999 diciturinterpretari:

405 4004 660 4058 Zabulon
678 4002 1048 4053 habitaculum
1064 4004 1423 4067 fortitudinis:
1441 4004 1745 4068 Nephthali
1764 4007 2014 4058 dilatatio

403 4092 540 4127 mea.
554 4079 696 4140 Quae
709 4076 903 4127 omnia
917 4075 1248 4127 verissimos
1267 4076 1438 4127 nobis
1449 4076 1749 4128 insinuant
1762 4081 2014 4141 principes

405 4147 807 4203 Ecclesiarum,
832 4146 1041 4211 dignos
1064 4146 1299 4211 ducatu,
1326 4145 1533 4211 dignos
1557 4148 1893 4214 imitatione,
1928 4151 2014 4201 di-

405 4232 553 4285 gnos
576 4219 892 4273 honoribus
920 4236 930 4268 :
960 4222 1243 4283 martyres
1277 4230 1528 4282 namque
1552 4219 1613 4270 in
1638 4220 1908 4272 Ecclesiis
1928 4221 2014 4274 lo-

404 4303 536 4342 cum
569 4301 587 4320 ·
620 4304 793 4344 suum
834 4293 1050 4353 tenent,
1083 4294 1258 4353 atque
1282 4289 1442 4353 apice
1468 4293 1690 4343 sancta
1715 4291 2012 4357 dignitatis

405 4361 717 4415 excellunt.
734 4366 764 4415 J
770 4375 865 4415 am
888 4375 1021 4415 vero
1039 4363 1097 4413 in
1108 4362 1383 4424 martyrio
1404 4362 1587 4425 prima
1603 4362 1886 4416 confessio
1897 4371 2012 4418 est:

404 4437 463 4485 et
506 4447 606 4497 pro
638 4434 734 4485 illa
766 4433 1049 4498 quidquid
1080 4432 1371 4495 acciderit,
1413 4432 1711 4499 tolerandi,
1764 4447 2016 4499 sequens

405 4505 723 4556 assumitur
746 4504 1037 4556 fortitudo.
1072 4503 1291 4556 Deinde
1315 4506 1447 4567 post
1464 4505 1658 4555 omnia
1682 4504 1938 4566 tolerata,
1958 4507 2019 4557 ﬂ-

406 4574 541 4626 nitis
563 4575 868 4637 angustiis,
883 4574 1127 4626 latitudo
1141 4574 1409 4637 sequitur
1419 4575 1476 4625 in
1493 4575 1765 4639 praemiis.
1786 4580 1943 4625 Potest
1970 4591 2016 4633 et

409 4645 492 4696 sic
524 4646 766 4709 intelligi
794 4661 806 4696 :
832 4650 897 4696 ut
930 4645 1224 4709 (quoniam
1262 4646 1372 4697 tria
1394 4645 1520 4698 haec
1544 4646 1829 4711 prmcipue
1855 4660 2015 4700 com-

408 4716 645 4767 mendat
699 4715 1026 4780 Apostolus,
1082 4716 1276 4775 fidem,
1324 4729 1506 4779 spem,
1544 4722 1603 4769 et
1626 4718 1917 4770 caritatem
1943 4719 2014 4783 [1.

413 4787 533 4839 Cor.
568 4786 693 4851 'l3.])
728 4786 1015 4838 confessio
1051 4787 1125 4838 sit
1148 4788 1208 4838 in
1242 4787 1372 4846 ﬂde,
1401 4788 1672 4840 fortitudo
1694 4789 1755 4840 in
1780 4803 1899 4855 spe,
1934 4790 2018 4843 la-

412 4857 597 4909 titudo
620 4858 681 4908 in
706 4857 958 4909 caritate.
982 4858 1139 4910 Fidei
1165 4859 1375 4923 quippe
1388 4872 1480 4911 res
1505 4864 1612 4919 est,
1631 4862 1695 4912 ut
1717 4861 1888 4913 corde
1906 4876 2020 4914 cre-

411 4929 582 4980 datur
605 4928 677 4979 ad
694 4929 981 4991 justitiam
1010 4945 1021 4980 :
1060 4942 1155 4981 ore
1180 4935 1372 4980 autem
1398 4930 1683 4983 confessio
1706 4931 1807 4983 flat
1829 4932 1897 4983 ad
1927 4946 2019 4985 sa-

411 5000 592 5051 lutem
611 5000 776 5062 (Rom.
808 4999 931 5060 10.).
969 5003 1035 5052 In
1071 5001 1440 5065 passionibus
1461 5006 1657 5053 autem
1695 5003 2020 5058 tribulatio-

412 5083 554 5121 num
588 5069 609 5098 δ
637 5069 819 5121 tristis
849 5073 965 5122 est:
995 5071 1096 5124 sed
1122 5086 1255 5136 spes
1277 5072 1437 5123 fortis
1462 5076 1567 5123 est.
1588 5072 1644 5123 Si
1667 5073 1840 5137 enim,
1866 5076 2019 5138 quod

413 5154 529 5192 non
553 5140 819 5193 videmus
844 5154 1178 5207 speramus:
1206 5156 1306 5207 per
1327 5143 1659 5207 patientiam
1675 5154 2018 5205 exspectamus

415 5218 426 5276 (
436 5214 581 5262 Rom.
610 5211 704 5276 8.).
731 5213 1119 5265 Latitudinem
1135 5227 1270 5265 vero
1286 5218 1525 5277 prastat
1540 5214 1794 5266 caritatis
1809 5217 1861 5264 in
1875 5222 2020 5267 cordo

412 5282 659 5335 dill'usio.
687 5285 833 5335 Nam
857 5287 1262 5335 consummata
1285 5283 1396 5333 carl
1407 5286 1491 5333 tas
1506 5282 1659 5335 foras
1678 5285 1855 5337 mittit
1874 5291 2020 5337 timo-

413 5366 532 5406 rem
549 5354 591 5419 (I
601 5355 842 5418 Joan.4.)
859 5355 965 5418 Qui
985 5355 1156 5407 timor
1174 5354 1709 5408 tormentumhabet
1720 5370 1821 5422 per
1835 5362 2015 5410 extimae

412 5426 729 5488 angustias.
771 5427 1056 5490 Principes
1094 5439 1229 5490 ergo
1253 5425 1402 5475 Juda
1424 5426 1579 5476 duces
1604 5443 1810 5492 eorum,
1836 5431 1933 5494 qui
1960 5431 2021 5483 in

412 5496 681 5567 Ecclesiis
711 5497 1059 5549 benedicunt
1079 5497 1407 5550 Dominum.
1445 5499 1725 5565 Principes
1746 5502 2014 5567 Zabulon,

410 5566 680 5629 principes
695 5568 1067 5632 Nephthalim.
1088 5570 1375 5635 Principes
1393 5571 1794 5635 confessionis,
1813 5566 2014 5624 fortitué

475 5710 492 5771 τ
529 5703 811 5771 vulgatus
838 5709 1221 5771 Augustinus,
1253 5710 1428 5762 locum
1450 5727 1729 5764 summum
1762 5718 1955 5768 tenent.

472 5769 495 5797 δ
516 5770 677 5823 Idem
720 5769 961 5841 plenius,
996 5795 1079 5829 res
1104 5769 1269 5831 tristis
1291 5788 1382 5834 est.
1412 5784 1545 5836 Mox
1583 5788 1779 5838 autem
1813 5786 2017 5840 vitiose

2093 450 2293 501 Tantis
2311 448 2664 514 principibus
2684 447 2753 499 ad
2756 448 2775 512 j
2785 447 2979 499 unctis
3003 446 3130 505 tibi,

2152 518 2238 574 29.
2287 520 2493 569 Manda
2533 520 2689 576 Deus,
2735 518 2984 584 prmoipe
3015 516 3213 566 virtuti
3248 521 3381 582 tuae,
3420 515 3598 567 Filio
3640 519 3766 577 tuo,

2089 604 2189 656 per
2233 604 2403 654 quem
2441 591 2700 642 virtuose
2730 589 3002 654 oper-aris.
3042 591 3177 652 Ipse
3201 589 3371 640 enim
3401 586 3767 652 principum

2090 663 2422 725 imperator:
2444 662 2565 726 ipse
2593 667 2682 712 est
2705 661 2890 712 virtus
2906 664 2966 713 et
2989 660 3285 724 sapientia
3308 664 3423 711 tua
3450 656 3763 722 (Heln-4.),

2090 747 2191 799 per
2213 746 2384 798 quem
2403 733 2563 796 facis,
2581 732 2862 796 quidquid
2878 731 3037 783 facis.
3062 734 3094 783 J
3104 731 3270 783 ussio
3297 735 3429 790 tua,
3450 730 3762 782 voluntas

2095 811 2206 857 tua.
2234 804 2649 854 Mandavirtuti
2666 810 2792 853 tuae:
2820 809 2921 855 tua
2946 803 3224 855 voluntas
3240 802 3593 866 impleatur
3613 819 3629 849 ε
3657 807 3761 852 tua

2090 876 2349 941 potentia
2376 874 2715 927 declaretur.
2759 875 3058 938 Conﬁrma,
3093 875 3256 937 Deus,
3288 875 3399 923 hoc
3431 872 3607 937 quod
3628 888 3763 936 ope-

2089 953 2244 996 ratus
2267 962 2317 995 es
2350 947 2410 995 in
2434 946 2602 996 nobis.
2640 946 2847 998 Manda
2869 947 3078 1006 Verbo,
3105 951 3172 998 ut
3199 946 3325 997 ﬂat.
3358 944 3627 1007 Manda,
3655 956 3759 1009 per

2092 1020 2367 1070 Verbum.
2401 1017 2704 1080 Conﬂrma,
2732 1030 2833 1082 per
2857 1017 3127 1082 Spiritum
3154 1021 3470 1069 sanctum.
3504 1015 3752 1077 blanda,

2093 1101 2112 1120 ο
2133 1089 2404 1142 dicendo:
2423 1090 2719 1153 conﬁrma,
2741 1088 3093 1152 adjuvando.
3123 1090 3284 1141 Jube
3316 1087 3496 1153 quod
3518 1088 3647 1147 vis,
3667 1087 3751 1138 fac

2093 1162 2248 1227 quod
2265 1162 2455 1225 jubes.
2483 1161 2646 1222 Quod
2680 1161 2728 1211 si
2752 1160 2975 1223 feceris,
2999 1160 3098 1212 fiet
3120 1159 3284 1224 quod
3313 1158 3658 1222 sequitur:

2156 1232 2240 1288 30.
2268 1233 2312 1282 Α
2359 1231 2549 1296 templo
2592 1237 2682 1281 tuo
2733 1232 2791 1280 in
2838 1231 3162 1292 Jerusalem,
3208 1243 3353 1294 qua
3404 1236 3509 1282 est
3564 1229 3749 1281 libera

2092 1309 2273 1355 mater
2318 1308 2536 1354 nostra.
2562 1303 2629 1353 Et
2653 1303 2779 1366 ipsa
2807 1307 2895 1353 est
2922 1301 3201 1366 templum
3227 1307 3530 1353 sanctum
3575 1303 3747 1351 tuum

2096 1373 2269 1442 340
2298 1375 2385 1425 Ab
2406 1374 2516 1425 hoc
2541 1373 2753 1436 templo
2782 1378 2905 1437 tuo,
2928 1372 3043 1423 Tibi
3062 1371 3290 1436 o/ferent
3304 1388 3463 1436 reges
3476 1387 3746 1421 munem.

2094 1446 2317 1498 Scilicet
2346 1446 2588 1510 seipsos,
2635 1446 2757 1497 sive
2790 1445 2979 1495 laudis
3020 1444 3321 1497 sacrificia.
3357 1443 3474 1494 Vel
3500 1443 3745 1495 manda.

2095 1518 2247 1568 sicut
2267 1517 2483 1568 dictum
2509 1521 2618 1576 est,
2634 1527 2667 1567 a
2691 1515 2904 1580 templo
2918 1520 3019 1567 tuo
3034 1516 3095 1567 in
3112 1516 3475 1568 Jerusalem.
3492 1516 3592 1567 Ibi
3609 1518 3741 1564 enim

2092 1588 2304 1651 incepit
2328 1588 2733 1651 Apostolorum
2746 1587 3101 1651 praedicatio.
3126 1586 3298 1640 Unde
3313 1600 3463 1638 cum
3485 1588 3743 1634 Dominus

2093 1660 2382 1723 Apostolis
2434 1659 2745 1721 praedicare
2778 1660 3119 1723 praeciperet
3140 1658 3555 1722 Evangelium
3588 1657 3739 1708 omni

2022 1746 2076 1819 B
2101 1731 2625 1819 ῗῖθὲἮῖθΡᾸἮίέῧῖ
2638 1728 2753 1819 2δέ
2768 1730 3501 1819 ρίστὲῖὲίξῖτ.ἓὲ¹ῗίέἓῗ¹ἓξθέ
3509 1729 3740 1819 in}???

2101 1803 2173 1853 ab
2202 1802 2523 1853 Jerusalem
2549 1802 2693 1863 (Luc.
2721 1800 2847 1863 24.).
2874 1801 3038 1864 Quod
3062 1801 3214 1852 alius
3238 1800 3549 1865 propheta
3572 1800 3739 1864 longe

2093 1877 2225 1924 ante
2254 1872 2612 1936 praeviderat,
2639 1885 2771 1923 cum
2798 1872 3145 1924 dicebatzDe
3169 1872 3311 1923 Sion
3324 1872 3529 1927 exibit
3551 1871 3670 1931 lex,
3686 1875 3738 1922 et

2096 1945 2333 1995 verbum
2364 1944 2598 1995 Domini
2627 1942 2697 1994 de
2719 1943 3043 1995 Jerusalem
3082 1944 3225 2005 (Isai.
3252 1941 3352 2005 2.),
3390 1941 3737 1994 Pravidens

2096 2019 2295 2066 autem
2318 2014 2378 2065 in
2404 2014 2657 2066 Ecclesia
2682 2015 2779 2065 Dei
2808 2014 3036 2066 futuros
3059 2013 3399 2075 haereticos,
3425 2013 3734 2077 adjunxit:

2166 2085 2253 2140 31.
2293 2087 2516 2149 Increpa
2538 2086 2695 2147 feras
2722 2085 3044 2136 arundinis.
3078 2087 3241 2138 Fem
3269 2098 3400 2137 non
3440 2085 3734 2136 immerito

2098 2155 2460 2222 appellantur
2516 2156 2792 2220 hteretici,
2838 2156 2972 2219 quia
3010 2157 3124 2220 ipsi
3165 2156 3469 2207 dilaniant
3508 2157 3733 2207 animas

2101 2226 2408 2292 simplices,
2449 2226 2942 2290 quemadmodum
2986 2227 3126 2279 ferte
3156 2240 3325 2280 oves.
3354 2230 3434 2279 Et
3456 2231 3625 2279 recte
3655 2226 3735 2277 di-

2101 2304 2315 2351 cuntur
2364 2299 2684 2361 arundinis,
2736 2300 2875 2363 quia
2908 2299 3139 2350 mobilis
3183 2304 3242 2351 et
3276 2299 3736 2351 instabilissunt

2102 2370 2401 2423 sermonis.
2434 2372 2544 2421 Eos
2568 2370 2706 2421 dicit
2731 2369 3041 2434 Apostolus
3058 2372 3264 2422 Petrus
3288 2371 3579 2423 indoctos
3595 2369 3734 2421 etin.

2104 2442 2339 2494 stabiles
2360 2454 2489 2493 esse
2511 2439 2583 2500 (2.
2610 2442 2750 2492 Petr.
2769 2440 2845 2503 3.)
2871 2458 2883 2492 :
2919 2446 3095 2505 atque
3118 2442 3192 2494 ad
3223 2455 3405 2494 suum
3436 2442 3730 2507 proprium

2102 2515 2395 2565 interitum
2422 2518 2745 2577 pervertere
2768 2514 3111 2577 Scripturas.
3135 2514 3243 2575 Qui
3269 2515 3562 2578 quoniam
3574 2514 3732 2564 durae

2104 2591 2160 2637 et
2184 2584 2484 2637 indomitae
2509 2584 2751 2636 cervicis
2777 2589 2934 2647 sunt,
2955 2586 3097 2648 jugo
3126 2585 3466 2649 disciplinae
3496 2584 3731 2650 paciﬁca

2104 2657 2331 2719 lenique
2360 2668 2474 2708 non
2510 2656 2746 2720 subditi,
2788 2655 3153 2719 impatientes
3176 2658 3355 2709 aratri
3384 2662 3574 2720 atque
3601 2656 3730 2707 doc-

2104 2728 2312 2779 trinae:
2349 2727 2478 2779 ideo
2514 2731 2811 2779 taurorum
2842 2728 3019 2778 etiam
3052 2728 3291 2779 nomine
3316 2728 3725 2791 designantur,

2105 2812 2238 2851 cum
2264 2799 2563 2851 subditur:
2592 2799 2944 2862 Congregatio
2970 2804 3260 2852 taurorum
3287 2800 3354 2847 in
3366 2801 3725 2864 vaccispopu-

2106 2870 2302 2920 lorum.
2354 2871 2480 2920 Non
2516 2870 2670 2921 enim
2706 2869 3016 2921 universos
3048 2869 3295 2935 populos
3323 2870 3645 2930 seducunt,
3666 2870 3723 2920 in

2106 2942 2320 3006 quibus
2338 2947 2689 3005 suntgraves
2701 2941 3021 2993 etstabiles.
3040 2941 3205 2994 Unde
3221 2942 3517 3006 scriptum
3535 2946 3651 2993 est:
3667 2942 3722 2991 in

2108 3011 2320 3077 populo
2365 3012 2528 3075 gravi
2569 3011 2819 3062 laudabo
2864 3014 2920 3063 te
2946 3010 3247 3075 (Psat.34.).
3278 3012 3394 3063 Sed
3421 3012 3487 3062 in
3513 3012 3606 3063 his
3628 3023 3721 3075 po-

2107 3082 2256 3148 pulis
2301 3087 2742 3147 congregantur,
2775 3095 2923 3146 quos
2960 3082 3271 3134 inveniunt
3293 3083 3473 3147 quasi
3503 3095 3717 3137 vaccas,

2106 3154 2325 3206 scilicet
2348 3154 2637 3217 simplices
2653 3159 2710 3205 et
2735 3153 2982 3205 lascivas
2996 3154 3242 3217 animas,
3270 3166 3411 3217 quae
3434 3153 3601 3205 facile
3622 3166 3719 3204 au-

2106 3225 2316 3277 diendo
2335 3229 2679 3287 sequuntur.
2703 3225 2789 3276 Ad
2810 3225 2921 3276 hoc
2944 3229 3139 3276 autem
3156 3226 3224 3276 ﬂt
3256 3237 3328 3277 ea
3363 3228 3717 3287 congregatio:

2114 3297 2176 3345 Ut
2200 3296 2603 3356 excludanteos,
2631 3297 2728 3360 qui
2749 3296 2962 3360 probati
2976 3302 3105 3346 sunt
3119 3302 3369 3360 argento.
3390 3300 3561 3348 Hanc
3577 3296 3716 3348 enim

2107 3367 2482 3419 intentionem
2499 3368 2716 3419 habent
2730 3367 2988 3419 haeretici
3004 3367 3290 3427 doctores,
3311 3373 3383 3419 ut
3396 3369 3477 3419 ab
3490 3368 3719 3419 auribus

2107 3439 2460 3490 animarum.
2487 3451 2633 3501 quas
2658 3439 2931 3491 seducere
2958 3439 3297 3498 moliuntur,
3325 3442 3606 3504 separent
3625 3451 3717 3489 eos

2107 3510 2244 3573 quia
2304 3514 2539 3574 argento
2599 3512 2734 3561 sunt
2777 3510 2998 3573 probati
3041 3509 3210 3572 idest,
3245 3509 3458 3561 divino
3503 3509 3716 3573 eloquio

2108 3581 2333 3633 eruditi.
2383 3581 2545 3634 Unde
2586 3581 2933 3646 Apostolus:
2972 3582 3225 3633 Necesse
3258 3586 3353 3632 est
3394 3582 3615 3644 (inquit)
3655 3586 3718 3632 ut

2110 3653 2344 3704 veniant
2367 3652 2638 3716 haereses,
2660 3653 2835 3715 utqui
2850 3652 3072 3717 probati
3088 3658 3250 3712 sunt,
3268 3652 3575 3704 manifesti
3589 3652 3715 3704 fiant

2114 3724 2181 3782 (1.
2212 3724 2329 3774 Cor.
2380 3723 2507 3785 11.).
2545 3725 2625 3775 De
2662 3724 2875 3787 quibus
2916 3722 3210 3775 haereticis
3235 3735 3311 3774 ne
3344 3724 3709 3788 praevaleant,

2112 3795 2383 3859 postulat,
2422 3795 2617 3846 dicens
2643 3811 2654 3845 :
2680 3796 2899 3859 Dissipa
2945 3800 3138 3858 gentes,
3189 3809 3309 3858 qua:
3353 3795 3491 3843 bella
3519 3795 3709 3844 volunt.

2111 3869 2237 3918 Non
2253 3867 2407 3918 enim
2438 3866 2542 3932 (Ea:
2562 3868 2810 3930 August.)
2833 3865 3177 3929 correptioni
3196 3866 3462 3927 student,
3478 3867 3583 3918 sed
3598 3878 3713 3919 con-

2112 3937 2370 3989 tentioni.
2386 3939 2455 3987 Et
2470 3937 2914 3988 contradicendo
2927 3936 3174 3999 veritati,
3193 3935 3525 3988 discordias
3543 3938 3713 3985 inferre

2115 4007 2660 4059 studentcatholicte
2676 4008 2827 4059 fidei.
2846 4008 2959 4071 Ipsi
2973 4020 3110 4071 ergo
3130 4007 3329 4071 potius
3347 4011 3711 4069 disperguntur,

2114 4080 2162 4130 si
2195 4079 2398 4143 corrigi
2430 4084 2718 4140 recusant,
2761 4080 2859 4141 qui
2883 4090 3125 4143 gregem
3154 4078 3370 4129 Christi
3392 4078 3712 4143 dispergere

2112 4149 2396 4201 affectant.
2424 4150 2632 4201 Gentes
2654 4154 2851 4201 autem
2873 4148 3202 4213 appellavit,
3235 4161 3353 4200 non
3381 4154 3612 4215 propter
3630 4161 3711 4212 ge-

2112 4223 2440 4272 nerationes
2483 4220 2842 4284 familiarum,
2892 4220 2991 4271 sed
3036 4224 3271 4285 propter
3316 4221 3710 4284 generationes

2115 4295 2402 4343 sectarum
2434 4308 2446 4342 :
2480 4293 2578 4343 ubi
2617 4292 2794 4343 series
2829 4291 3217 4343 successionis
3240 4292 3552 4343 conﬁrmat
3575 4302 3710 4343 erro-

2119 4376 2254 4414 rem.
2282 4363 2349 4413 Et
2372 4375 2502 4413 vere
2526 4362 2853 4426 dissipabis.
2881 4361 3026 4423 Quia
3050 4375 3064 4412 :

2184 4432 2269 4488 32.
2303 4434 2521 4483 Venient
2544 4433 2704 4497 legati
2738 4448 2805 4482 ea:
2826 4432 3092 4497 (Egi/pio:
3120 4432 3421 4497 ﬁthiopia
3443 4432 3709 4497 prmia

2044 4524 2100 4596 Ι)
2119 4520 2319 4596 res
2333 4506 2445 4569 εάαε
2616 4506 2721 4596 νει·
2744 4504 2851 4596 he
2874 4503 3707 4596 sensusensu?

2117 4576 2436 4628 haereticos.
2471 4576 2719 4641 Egypti,
2761 4574 2852 4627 vel
2874 4575 3177 4639 Ethiopite
3201 4575 3444 4627 nomine
3468 4575 3707 4626 omnium

2114 4647 2378 4713 gentium
2401 4647 2574 4699 fidem
2605 4646 2968 4711 significavit,
2998 4659 3032 4697 a
3054 4652 3215 4710 parte
3239 4651 3450 4698 totum.
3485 4648 3708 4709 Legatos

2115 4717 2848 4783 appellatreconciliationis
2861 4717 3290 4782 praedicatores.
3309 4716 3479 4770 Unde
3495 4717 3704 4779 Paulus,

2117 4792 2221 4842 Pro
2251 4791 2475 4842 Christo
2518 4790 2708 4852 inquit
2752 4788 2824 4851 (2.
2874 4789 2995 4839 Cor.
3042 4787 3134 4852 5.),
3175 4788 3471 4853 legatione
3500 4789 3705 4852 iungor.

2024 3112 2073 3187 C

2119 4865 2396 4924 tanquam
2420 4863 2539 4913 Deo
2562 4860 2903 4912 exhortante
2928 4873 3029 4924 per
3048 4871 3176 4921 nos,
3202 4860 3579 4911 obsecramus
3594 4871 3708 4924 pro—

2118 4933 2361 4996 Christo,
2386 4930 2833 4984 reconciliamini
2855 4933 2991 4983 Deo.
3020 4931 3149 4983 Non
3182 4943 3320 4995 ergo
3358 4931 3468 4995 (Eae
3502 4931 3593 4980 eod
3613 4931 3627 4995 )
3647 4929 3708 4981 de

2119 5004 2256 5055 solis
2282 5002 2575 5065 Israelitis,
2610 5002 2764 5054 unde
2788 5001 3047 5067 Apostoli
3072 5000 3237 5053 electi
3268 5002 3706 5064 sunt,sedetiam

2118 5075 2189 5127 de
2210 5075 2436 5128 caeteris
2458 5074 2729 5138 gentibus
2752 5074 2975 5126 futuros
3000 5072 3414 5137 pradicatores
3432 5075 3705 5123 Christianae

2119 5147 2275 5211 pacis
2300 5146 2407 5198 hoc
2426 5145 2599 5197 modo
2624 5145 2869 5210 mystice
2892 5145 3294 5210 prophetatum
3317 5144 3705 5209 est.Ethiopia

2118 5230 2368 5282 quoque,
2410 5217 2577 5273 idest.
2620 5216 2815 5268 anima
2845 5216 3098 5282 peccatis
3122 5215 3428 5280 denigrata
3450 5216 3703 5281 praeveniet

2117 5304 2318 5339 manus
2343 5289 2472 5353 ejus,
2497 5288 2666 5354 idest,
2690 5288 2992 5341 antecedet
3015 5286 3333 5341 vindictam
3357 5288 3506 5352 ejus.
3520 5289 3702 5337 credens

2119 5362 2256 5424 Deo,
2281 5363 2346 5411 ut
2368 5364 2603 5424 peccata
2627 5359 3026 5411 dimittantur:
3056 5372 3129 5411 ne
3146 5359 3445 5423 peccatrix
3466 5373 3699 5408 remanens

2118 5433 2408 5497 puniatur.
2439 5430 2545 5482 Vel
2569 5431 2719 5494 quia,
2755 5434 2823 5482 ut
2845 5432 2998 5482 bona
3021 5442 3192 5495 opera
3216 5435 3554 5495 sequantur.
3572 5441 3695 5494 prte-

2118 5503 2269 5557 cedit
2291 5503 2470 5555 fides:
2497 5514 2604 5553 nec
2632 5502 2750 5555 ulla
2774 5506 2912 5554 sunt
2934 5503 3087 5554 bona
3110 5514 3304 5565 opera,
3328 5501 3449 5553 nisi
3477 5512 3596 5565 quae
3617 5513 3691 5550 se-

2118 5576 2377 5639 quuntur
2404 5574 2824 5639 praecedentem
2862 5573 3076 5626 fidem:
3109 5571 3257 5626 nihil
3300 5571 3464 5624 aliud
3499 5571 3691 5623 videtur

2119 5716 2318 5782 diffuso
2343 5729 2443 5782 pro
2473 5715 2710 5781 diffusio.

2182 5799 2200 5818 °
2222 5788 2396 5851 Idem,
2422 5787 2669 5838 docendo.
