3880 6222
51 346 146 403 121

51 461 295 527 lictum,
340 461 629 528 (Ethiopia
670 463 948 528 praveniet
990 479 1190 514 manus
1231 465 1344 529 ejus
1387 466 1511 524 Deo,
1549 465 1662 517 nisi

51 532 344 595 Ethiopia
388 535 584 586 credet
625 537 762 587 Deo.
811 535 902 587 Sic
935 537 1086 587 enim
1113 537 1428 600 praeveniet
1451 550 1658 589 manus

51 607 191 669 ejus,
218 604 400 668 idest,
426 618 599 670 opera
625 609 768 671 ejus.
795 607 974 672 Cujus
1001 607 1149 675 34|
1184 611 1327 670 ejus,
1354 609 1664 672 nisiipsius

52 677 362 740 Ethiopian
383 681 410 728 ‘i
433 678 552 730 Hoc
576 679 632 728 in
658 682 855 731 Craaco
872 681 1211 743 ambiguum
1229 694 1344 732 non
1370 686 1459 732 est
1486 697 1497 732 :
1527 683 1663 744 quia

52 749 134 809 bi,
150 747 321 811 Ejus,
340 749 701 813 apertissime
725 751 1022 802 fceminino
1043 764 1252 815 genere
1276 752 1526 816 positum
1552 756 1660 804 est.

51 820 289 871 )icatur
311 834 448 884 ergo
472 821 757 885 Ᾱῖιὴἰορία
788 826 1068 886 praeveniet
1097 839 1294 872 manus
1320 824 1434 886 ejus
1458 824 1580 886 Deo,
1604 824 1662 874 id

51 897 146 953 :st,
175 891 478 944 credendo
511 893 570 944 in
598 896 801 952 Deum,
841 897 1155 957 praeveniet
1179 907 1352 958 opera
1373 907 1496 946 sua.
1527 896 1664 946 Exi-

51 963 221 1013 ;timo
253 963 412 1014 enim
447 964 545 1026 (ait
573 965 897 1028 Apostolus)
919 966 1222 1028 justilicari
1249 967 1542 1017 hominem
1568 979 1664 1029 per

51 1034 243 1095 idem,
270 1034 400 1086 sine
416 1036 686 1098 operibus
709 1035 855 1100 legis
872 1037 1040 1097 (Rom.
1068 1036 1158 1099 3.).
1184 1037 1332 1088 Hinc
1352 1038 1472 1100 jam
1491 1037 1664 1088 veluti

51 1104 314 1156 lecursis
364 1107 536 1157 rebus
574 1107 864 1164 omnibus,
904 1120 1047 1171 quas
1093 1108 1358 1172 impletas
1390 1121 1519 1159 esse
1543 1110 1661 1171 jam

52 1177 347 1228 :ernimus
374 1193 386 1228 :
412 1178 674 1229 hortatur
697 1179 973 1242 propheta
995 1179 1068 1230 ad
1101 1179 1332 1231 laudem
1359 1179 1666 1238 Christi,ac

51 1250 259 1301 leinde
283 1250 546 1302 futurum
569 1251 696 1314 ejus
725 1251 1030 1302 denuntiat
1050 1251 1398 1311 adventum,
1426 1251 1624 1303 dicens
1651 1266 1664 1302 :

98 1321 197 1376 33.
231 1323 422 1386 Regna
447 1327 612 1384 terrae,
643 1322 699 1372 id
723 1327 830 1385 est,
870 1323 1132 1374 homines
1169 1324 1240 1374 de
1269 1323 1428 1374 omni
1458 1337 1666 1387 genere

53 1406 239 1454 erraa,
288 1398 498 1443 cantate
534 1395 655 1456 Deo,
688 1407 828 1446 voce
865 1399 921 1445 et
947 1395 1150 1447 corde:
1179 1395 1387 1459 psallite
1413 1397 1664 1463 Domino,

52 1478 202 1517 )ona
227 1466 577 1530 operatione.
605 1467 734 1516 Non
757 1479 941 1517 unum
956 1479 1214 1531 regnum.
1231 1479 1342 1517 non
1355 1479 1531 1518 unam
1546 1483 1666 1527 gen-

56 1551 164 1588 em
194 1541 426 1588 tantum
451 1537 656 1588 invitat
685 1538 759 1588 ad
783 1537 1014 1589 laudem
1041 1539 1162 1589 Dei.
1191 1539 1486 1588 Neminem
1511 1540 1666 1590 enim

51 1609 174 1660 rult
213 1608 403 1674 perire
439 1609 767 1662 misericors
806 1610 985 1672 Deus,
1021 1610 1121 1660 sed
1157 1622 1358 1661 omnes
1383 1611 1577 1662 venire
1595 1612 1665 1662 ad

51 1679 446 1744 :ognitionem
472 1681 721 1731 nominis
753 1681 842 1730 sui
868 1681 935 1744 (1.
966 1681 1099 1730 Tim.
1126 1680 1215 1744 2.).
1240 1680 1402 1734 Unde
1440 1687 1495 1734 et
1521 1683 1661 1733 sub-

51 1750 133 1801 iit
163 1766 176 1801 :
203 1750 425 1800 Psallile
440 1751 559 1801 Deo.
587 1753 656 1802 Et
689 1751 854 1815 quasi
878 1756 1254 1816 quaereretur,
1278 1753 1417 1815 Quis
1447 1756 1534 1805 est
1552 1754 1662 1806 iste

51 1825 252 1874 Deus?
276 1823 538 1887 sequitur
559 1828 618 1874 et
643 1823 724 1874 ait
750 1841 760 1871 :

108 1893 202 1947 34.
232 1893 340 1952 Qui
361 1893 596 1942 ascendit
620 1909 782 1958 super
805 1893 993 1943 coelum
1017 1895 1132 1944 coeli
1157 1895 1229 1943 ad
1262 1895 1545 1947 Orientem.
1572 1896 1660 1947 Ad

51 1977 160 2016 noc
209 1964 464 2027 replicat,
513 1969 578 2016 ut
629 1965 702 2015 ad
745 1965 1102 2017 laudandum
1150 1967 1332 2017 Deum
1357 1968 1585 2029 excitet,
1611 1974 1666 2019 et

52 2039 345 2100 quatenus
397 2036 469 2086 sit
508 2035 621 2098 ille,
668 2035 765 2098 qui
796 2036 1082 2100 laudatur,
1109 2037 1493 2089 commendet.
1519 2039 1666 2090 Hinc

51 2106 372 2170 Apostolus
398 2106 534 2156 dicit
562 2124 572 2154 :
593 2108 724 2170 Ipse
748 2112 854 2167 est,
876 2108 976 2170 qui
995 2108 1253 2159 ascendit
1275 2122 1449 2172 super
1463 2123 1665 2162 omnes

51 2177 237 2228 caelos
284 2177 497 2244 (Eph-es.
550 2177 646 2230 4.).
678 2180 743 2228 In
787 2178 896 2229 hoc
940 2179 1092 2242 quod
1137 2180 1402 2228 Orientem
1425 2181 1664 2244 addidit,

52 2250 228 2300 etiam
249 2249 442 2312 ipsum
477 2249 670 2300 locum
696 2250 1000 2313 expressit.
1027 2251 1300 2313 quoniam
1324 2253 1384 2302 in
1409 2255 1666 2316 partibus

52 2321 294 2372 orientis
338 2324 443 2380 est,
483 2321 578 2371 ubi
626 2321 958 2386 resurrexit,
1003 2328 1058 2373 et
1093 2322 1247 2374 unde
1284 2324 1566 2376 ascendit.
1599 2327 1667 2375 Et

52 2391 332 2454 quoniam
355 2391 487 2441 inde
512 2393 792 2443 venturus
817 2392 889 2442 ad
909 2392 1256 2456 judicandos
1272 2394 1433 2445 vivos
1447 2400 1666 2446 etmor-

51 2467 210 2524 tuos,
257 2464 504 2512 ostendit
549 2462 703 2524 quod
750 2463 1012 2526 sequitur
1037 2480 1049 2514 :
1077 2464 1203 2512 Ecce
1230 2465 1377 2514 dabit
1403 2468 1514 2515 voci
1538 2483 1663 2532 suae,

52 2548 234 2581 vocem
266 2533 496 2582 virtutis.
536 2533 635 2584 Ille
680 2534 780 2596 qui
824 2533 931 2585 fuit
965 2535 1088 2586 sine
1114 2548 1272 2594 voce,
1305 2537 1455 2588 sicut
1477 2550 1666 2602 agnus

51 2616 250 2656 coram
279 2604 549 2656 tondente
571 2617 634 2655 se
647 2604 904 2669 (Isai.53.)
918 2620 931 2667 ;
946 2618 1076 2658 ecce
1090 2619 1288 2658 vocem
1307 2607 1465 2659 dabit
1479 2622 1663 2662 suam.

52 2680 173 2727 Nec
200 2688 402 2727 vocem
439 2675 792 2727 infirmitatis
831 2682 1109 2741 tanquam
1152 2679 1518 2742 judicandus,
1566 2682 1664 2732 sed

55 2763 234 2797 vocem
260 2748 472 2796 virtutis
497 2753 772 2808 tanquam
793 2749 1174 2812 judicaturus.
1192 2753 1317 2802 Non
1341 2754 1493 2803 enim
1508 2755 1665 2804 Deus

52 2819 321 2870 occultus
364 2819 512 2870 sicut
564 2819 741 2884 prius,
789 2821 890 2871 sed
932 2823 1087 2872 Deus
1121 2823 1424 2875 manifeste
1456 2827 1664 2889 veniet,

57 2893 216 2942 Deus
239 2895 452 2953 noster,
482 2894 538 2941 et
557 2903 672 2942 non
697 2891 903 2943 silebit.
931 2894 999 2943 Et
1024 2892 1152 2943 ideo
1179 2908 1191 2943 ε

119 2960 208 3015 35.
236 2962 366 3010 Date
409 2962 643 3024 gloriam
673 2963 778 3011 Deo
815 2978 976 3026 super
1000 2964 1178 3014 Israel.
1220 2965 1282 3015 Id
1304 2969 1416 3022 est,
1445 2979 1584 3017 voce
1607 2971 1665 3018 et

52 3033 230 3084 corde
271 3033 573 3095 ostendite,
608 3035 792 3084 Deum
818 3047 946 3085 esse
979 3035 1312 3098 gloriosum,
1352 3050 1523 3099 super
1547 3051 1663 3097 eos,

53 3105 157 3167 qui
184 3106 322 3154 sunt
347 3103 720 3167 spiritualiter
733 3105 926 3166 Israel.
951 3108 1032 3156 De
1046 3106 1256 3169 quibus
1271 3109 1551 3159 veraciter
1565 3112 1667 3158 dici

1083 351 1155 402 IN
1189 351 1515 404 PSALMOS
1546 350 1756 404 LXXV
1787 352 2374 407 COMMENTARIUS.

1690 1841 1742 1914 B

3269 351 3374 408 922

1687 468 1740 540 Α
1761 471 2073 540 monstravit,
2089 470 2139 514 in
2169 469 2602 540 tribulationibus,
2624 469 2868 540 atqui-bus
2893 470 3171 528 praesertim
3199 483 3370 518 neces-

1761 532 1951 578 sarium
1977 538 2068 591 est,
2093 532 2318 589 exemplo
2341 533 2512 578 doceat
2537 545 2698 580 orare.
2725 533 2848 579 Dicit
2879 544 2995 590 ergo
3028 545 3041 581 :

2193 644 2355 709 PSA
2368 644 2601 708 LMUS
2634 645 2936 710 LXVIII.

1824 753 1876 807 2.
1903 751 2125 802 Salvum
2161 767 2244 799 me
2280 751 2368 813 fac
2404 751 2561 801 Deus.
2593 753 2662 801 Et
2687 752 2823 803 dicit
2856 767 3122 806 caussam
3147 766 3320 818 quare

1764 826 2038 884 Quoniam
2062 825 2403 872 intraverunt
2426 838 2595 886 aqua,
2615 823 3011 877 idest.Judaici
3029 825 3221 891 populi
3237 839 3373 874 more

1765 908 1952 958 aquas,
1978 908 2106 945 cum
2128 895 2319 946 sonitu
2341 897 2398 944 et
2414 893 2632 956 impetu
2657 893 2989 947 extulerunt
3014 910 3092 954 se,
3108 900 3166 947 et
3184 895 3370 958 magis

1765 967 1914 1018 mala
1972 965 2289 1028 inferendo,
2345 967 2740 1029 accesserunt,
2790 980 2953 1028 usque
3002 969 3074 1015 ad
3120 968 3372 1016 animam

1770 1053 1960 1099 meam,
1987 1037 2319 1088 tollendam.
2345 1037 2520 1098 Quasi
2555 1047 2722 1098 aquae
2742 1035 2812 1086 ad
2842 1037 3095 1087 animam
3120 1038 3372 1089 intrave-

1767 1113 1913 1162 runt.
1934 1108 2166 1171 quando
2190 1108 2506 1160 insensataa
2527 1109 2710 1160 turbae
2737 1119 2926 1171 usquo
2947 1107 3020 1158 ad
3041 1111 3369 1156 occidendum

1767 1181 2056 1231 Christum
2090 1180 2516 1242 praevaluerunt
2538 1179 2720 1241 (Joan.
2749 1178 2832 1233 10.
2862 1185 2909 1228 et
2931 1179 3056 1240 10.).
3089 1178 3197 1228 Sed
3222 1191 3373 1229 nun-

1766 1251 1904 1314 quid
1929 1252 2037 1302 hoc
2065 1257 2315 1314 possent.
2340 1252 2450 1302 nisi
2473 1252 2544 1302 ab
2569 1251 2664 1302 illo
2679 1250 2942 1314 permissi
2963 1253 3187 1300 essent!
3210 1249 3372 1300 Unde

1765 1336 1902 1387 ergo
1943 1329 2218 1385 tanquam
2253 1323 2463 1386 aliquid
2499 1323 2716 1373 invitus
2752 1322 3016 1384 patiatur,
3047 1321 3128 1372 sic
3145 1319 3372 1383 clamat,

1767 1395 1875 1446 nisi
1903 1395 2037 1457 quia
2059 1397 2229 1458 caput
2244 1397 2504 1445 membra
2529 1407 2634 1444 sua
2657 1394 2988 1457 praeﬂgurat
3006 1397 3028 1440 ν
3052 1395 3268 1443 Passus
3287 1394 3374 1442 est

1768 1467 1974 1529 quippe
1998 1464 2109 1529 ille,
2147 1465 2283 1528 quia
2309 1465 2504 1516 voluit.
2535 1465 2694 1516 Passi
2726 1469 2864 1516 sunt
2897 1470 3198 1528 martyres,
3235 1465 3293 1514 et
3324 1463 3374 1514 si

1767 1538 2092 1588 noluerunt.
2120 1537 2284 1588 Unde
2310 1538 2472 1587 Petro
2497 1537 2717 1588 dictum
2744 1542 2834 1587 est
2860 1554 2870 1584 :
2900 1536 3061 1587 Alius
3093 1538 3149 1587 te
3162 1535 3369 1597 cinget,

1766 1613 1823 1660 et
1869 1608 2058 1668 ducet,
2095 1620 2209 1670 quo
2234 1620 2349 1658 non
2389 1607 2478 1659 vis
2503 1607 2678 1670 (Joan.
2705 1607 2834 1668 21.).
2864 1608 3137 1668 Quamvis
3161 1606 3314 1657 enim
3339 1618 3374 1658 a

1767 1679 1930 1730 malis
1955 1679 2028 1730 ad
2050 1680 2201 1729 bona
2225 1684 2608 1744 transeamus,
2633 1682 2827 1732 tamen
2847 1680 2968 1743 ipse
2983 1679 3260 1730 transitus
3272 1675 3374 1728 ali-

1763 1755 2044 1815 quantum
2081 1763 2314 1802 amarus
2340 1756 2446 1811 est,
2485 1753 2541 1802 et
2572 1751 2748 1802 habet
2772 1751 2870 1814 fel,
2897 1751 3048 1814 quod
3084 1750 3373 1802 dederunt

1763 1823 2007 1874 Domino
2036 1824 2093 1872 in
2119 1824 2387 1886 passione
2410 1823 2616 1874 Judaei.
2637 1823 3000 1874 Habetetiam
3015 1821 3288 1885 quiddam
3304 1825 3372 1867 to-

1764 1888 2083 1952 lerandum,
2112 1907 2225 1958 quo
2250 1895 2648 1950 ostenduntur,
2673 1896 2770 1958 qui
2795 1907 2927 1945 eum
2952 1897 3113 1945 aceto
3140 1897 3372 1957 potave-

1763 1968 1914 2016 runt.
1939 1965 2086 2015 Hinc
2121 1978 2276 2026 ergo,
2309 1969 2373 2016 ut
2396 1964 2719 2029 liberemur,
2746 1963 3062 2016 clamemus
3089 1980 3100 2014 :
3128 1977 3202 2014 ne
3227 1963 3370 2014 forte

1763 2037 1824 2088 in
1837 2037 2122 2100 pressuris
2136 2037 2426 2099 iniquitati
2439 2038 2892 2096 consentiamus,
2910 2041 2966 2087 et
2981 2037 3370 2097 irreparabiliter

1765 2122 1898 2160 vere
1923 2109 2352 2159 absorbeamur.
2381 2109 2644 2170 Denique
2669 2113 2951 2170 quantum
2965 2121 3161 2159 eorum
3180 2108 3370 2154 malitia

1763 2181 1822 2232 in
1845 2181 2134 2231 Christum
2159 2180 2422 2241 desaevit,
2451 2181 2571 2244 ipse
2589 2180 2867 2237 insinuat,
2886 2193 3018 2230 cum
3038 2178 3366 2242 subjungit:

1829 2252 1877 2307 3.
1916 2253 2130 2314 Inﬁmus
2172 2266 2294 2299 sum
2332 2252 2395 2298 in
2429 2251 2559 2299 limo
2599 2251 2881 2314 profundi,
2929 2256 2972 2299 et
3019 2266 3127 2299 non
3153 2249 3370 2299 estsub-

1763 2324 1984 2373 stantia.
2013 2323 2241 2374 Terreni
2267 2321 2531 2373 homines
2553 2322 2691 2372 dum
2713 2334 2863 2373 vana
2886 2326 3183 2384 appetunt,
3197 2326 3371 2383 atque

1764 2395 1905 2447 alios
1932 2396 2039 2446 sibi
2064 2395 2137 2446 ad
2161 2395 2642 2446 consentiendum
2672 2395 2894 2447 trahere
2918 2394 3177 2457 cupiunt,
3196 2392 3370 2443 limus

1767 2472 1902 2519 sunt
1929 2482 1941 2518 :
1966 2468 2115 2518 inter
2139 2479 2286 2529 quos
2313 2469 2450 2517 sunt
2467 2465 2730 2517 nonnulli
2755 2463 3182 2516 sceleratissimi
3205 2468 3263 2514 et
3283 2462 3372 2514 de-

1767 2540 1990 2604 sperati.
2041 2539 2107 2588 Hi
2142 2550 2261 2587 non
2289 2537 2477 2587 solum
2501 2537 2674 2587 limus
2701 2541 2858 2595 sunt,
2908 2536 3009 2587 sed
3034 2535 3208 2585 etiam
3241 2547 3371 2598 pro-

1767 2609 1944 2661 fundi.
1973 2609 2139 2660 Tales
2164 2613 2323 2658 erant
2349 2607 2519 2670 illi,in
2549 2609 2760 2672 quibus
2785 2609 3064 2658 Dominus
3080 2607 3370 2657 nosterin—

1765 2681 1918 2732 fixus
1953 2685 2092 2739 erat,
2125 2679 2183 2729 id
2222 2684 2327 2741 est,
2367 2679 2636 2740 haeserat,
2663 2683 2727 2730 ut
2751 2681 2822 2729 ab
2852 2678 2963 2729 illis
2993 2681 3280 2728 teneretur
3313 2680 3371 2728 et

1765 2752 2130 2803 occideretur.
2163 2751 2335 2801 Venit
2381 2763 2514 2814 ergo
2563 2751 2739 2800 Filius
2776 2751 2880 2800 Dei
2915 2749 2987 2799 ad
3010 2748 3212 2799 limum
3236 2760 3370 2811 pro-

1764 2822 1945 2883 fundi,
1971 2831 2164 2873 etnon
2191 2826 2312 2873 erat
2337 2822 2664 2873 substantia
2687 2823 2744 2872 in
2758 2821 3367 2884 quaiuilxusestzquia

1762 2895 2062 2958 iniquitate
2107 2893 2332 2945 illorum
2370 2893 2586 2944 infixus
2610 2897 2717 2945 est.
2744 2893 2897 2943 Vitia
2919 2905 2991 2943 ex
3014 2891 3183 2942 nobis
3208 2895 3266 2941 et
3294 2903 3367 2940 ex

1763 2970 1964 3017 nostra
2004 2965 2301 3016 voluntate
2344 2965 2628 3016 habemus
2653 2981 2668 3013 :
2695 2970 2752 3016 et
2776 2965 2914 3015 vitia
2935 2976 3053 3014 non
3079 2966 3214 3014 sunt
3238 2962 3366 3016 sub-

1764 3038 1996 3088 stantia.
2022 3039 2086 3087 In
2111 3037 2199 3087 his
2229 3037 2446 3086 inﬁxus
2470 3040 2560 3087 est
2574 3035 2872 3098 Dominus,
2891 3033 3122 3098 quando
3140 3047 3366 3094 persecu-

1767 3111 1980 3160 tionem
2006 3121 2214 3170 passus
2230 3112 2337 3169 est,
2354 3121 2469 3158 non
2485 3107 2544 3158 in
2559 3107 2884 3158 substantia
2898 3106 3216 3168 hominum,
3236 3116 3366 3166 quae

57 3180 288 3244 potest:
323 3177 463 3226 Ecce
514 3189 647 3228 vere
696 3177 969 3238 Israelita,
1017 3179 1076 3228 in
1108 3191 1223 3241 quo
1249 3178 1415 3230 dolus
1435 3193 1554 3230 non
1579 3186 1668 3232 est
1767 3192 1868 3243 per
1903 3182 2092 3244 ipsum
2127 3180 2271 3230 facta
2302 3184 2408 3241 est,
2443 3179 2545 3230 sed
2581 3179 2637 3229 in
2666 3179 2803 3229 vitio
2826 3178 3181 3238 Judaaorum,
3225 3176 3367 3240 quin

54 3243 243 3332 (.Joan;
269 3246 340 3332 ξ.)
365 3261 377 3296 :
406 3248 564 3332 'Ij‘unc
599 3249 1140 3332 eritidlaqn'iﬁ'centia
1165 3251 1278 3332 ejus
1302 3256 1347 3332 et
1371 3251 1669 3332 uirtucejus
1771 3264 1867 3314 per
1895 3243 2054 3315 ipsos
2099 3251 2312 3301 factum
2343 3254 2452 3332 est...
2484 3253 2601 3332 I‘Icc
2625 3250 2753 3332 ideo
2780 3249 2994 3332 infixus
3025 3262 3174 3330 sum,
3211 3247 3364 3332 quod

55 3320 119 3366 in
145 3316 393 3369 nubibus.
424 3319 660 3379 Quando
676 3320 941 3370 videbitis
955 3321 1159 3371 Filium
1181 3321 1436 3373 hominis
1457 3325 1664 3371 venien-

59 3396 178 3440 tem
205 3389 262 3439 in
285 3389 539 3441 nubibus
564 3404 694 3442 cum
715 3395 1000 3455 potestate
1023 3404 1236 3455 magna
1259 3398 1317 3444 et
1341 3396 1660 3457 majestate,

55 3466 116 3513 et
141 3461 382 3512 virtutes
399 3459 673 3513 caelorum
692 3465 1028 3511 movebuntur
1046 3463 1252 3526 (Matth.
1286 3462 1380 3525 ‘24;
1407 3465 1660 3529 Luc.‘2'l.).

124 3530 213 3585 36.
249 3531 513 3581 Mirabilis
550 3533 689 3582 Deus
725 3534 782 3581 in
813 3534 1012 3582 sanctis
1045 3535 1177 3594 suis,
1205 3535 1499 3595 subaudis,
1535 3538 1662 3588 erit.

59 3605 300 3666 Quando
345 3618 445 3668 per
499 3607 775 3656 Sanctum
820 3618 993 3655 suum
1038 3606 1328 3657 mundum
1359 3607 1660 3672 judicabit,

60 3675 293 3738 quando
312 3676 456 3740 justi
480 3676 784 3740 fulgebunt
810 3677 959 3727 sicut
985 3676 1069 3727 sol
1094 3677 1153 3727 in
1177 3690 1351 3741 regno
1372 3680 1553 3730 Patris
1567 3693 1663 3730 eo-

62 3759 191 3798 rum
217 3748 420 3808 (Matth.
453 3746 578 3810 13.),
623 3747 856 3810 quando
901 3748 1022 3812 ipse
1060 3750 1215 3798 Deus
1249 3749 1356 3800 erit
1386 3751 1579 3802 omnia
1603 3751 1664 3801 in

60 3818 332 3869 omnibus
373 3818 582 3881 (Ephes.
617 3817 704 3881 1.).
742 3820 892 3870 Bene
936 3823 1130 3870 autem
1176 3819 1479 3871 subditur:
1525 3823 1665 3870 Deus

64 3889 242 3938 Israel.
269 3889 408 3951 Quia
435 3893 570 3939 tunc
592 3902 804 3940 nomen
823 3890 1014 3954 ipsum
1034 3891 1333 3942 verissime
1354 3905 1420 3942 ac
1449 3891 1665 3954 plenis-

64 3961 210 4011 sime
246 3959 587 4023 implebitur,
630 3960 823 4022 Israel,
863 3961 1015 4022 quod
1053 3961 1459 4026 interpretatur
1481 3965 1666 4012 videns

63 4033 250 4090 Deum,
275 4031 547 4094 quoniam
577 4031 900 4083 videbimus
925 4045 1059 4085 eum
1086 4034 1256 4085 sicuti
1281 4039 1370 4085 est
1405 4035 1473 4093 (1.
1500 4037 1664 4088 Joan.

61 4103 152 4164 3.).
195 4104 316 4152 Non
341 4109 531 4152 autem
556 4103 798 4165 quilibet
817 4104 987 4162 alius,
1020 4105 1141 4166 sed,
1184 4107 1295 4168 Ipse
1319 4105 1466 4155 dabit
1490 4107 1666 4155 virtu-

62 4179 164 4221 tem
200 4189 215 4220 :
242 4185 414 4236 quam
440 4173 500 4224 in
523 4185 630 4224 sua
653 4187 823 4226 carne
848 4176 1005 4238 prius
1023 4176 1293 4237 ostendit,
1323 4176 1537 4228 scilicet
1555 4178 1666 4228 im-

61 4247 466 4299 mortalitatem
486 4253 542 4299 et
570 4248 1104 4311 impassibilitatem.
1125 4248 1362 4298 Etdabit
1383 4249 1667 4310 fortitudi-

61 4334 186 4368 nem
218 4319 382 4381 :quia
405 4319 638 4369 inimica
661 4318 990 4370 destruetur
1021 4331 1175 4369 mors
1199 4318 1338 4378 (Osee
1363 4318 1489 4380 13.).
1517 4319 1666 4368 Plebi

59 4405 186 4451 suae,
217 4389 272 4440 id
296 4394 401 4451 est,
424 4390 530 4440 sibi
556 4403 744 4453 usque
767 4391 824 4440 in
850 4391 1026 4440 tinem
1047 4389 1366 4443 famulanti.
1384 4390 1488 4441 Vel
1505 4390 1665 4441 dabit

59 4461 208 4526 plebi
235 4474 355 4513 suae
380 4461 647 4512 virtutem
664 4466 949 4525 quantum
961 4461 1033 4511 ad
1057 4460 1333 4523 animam,
1354 4464 1660 4511 facienseam

62 4532 316 4582 divinam
339 4537 396 4583 et
420 4532 664 4583 beatam.
680 4534 747 4582 Et
769 4531 927 4582 dabit
951 4532 1362 4587 fortitudinem.
1379 4538 1659 4596 quantum

62 4603 135 4653 ad
159 4615 381 4665 corpus,
409 4601 624 4654 faciens
646 4601 785 4653 illud
811 4604 1206 4665 incorruptum
1235 4602 1299 4666 (1.
1324 4604 1444 4653 Cor.
1478 4602 1581 4667 15.)
1608 4609 1664 4655 et

62 4680 362 4726 aeternum.
389 4675 492 4725 Pro
513 4674 690 4726 tantis
715 4687 850 4738 ergo
875 4674 1165 4725 beneficiis
1193 4675 1314 4725 suis
1352 4676 1663 4725 Benedictus

65 4747 140 4796 sit
166 4746 318 4805 Deus,
343 4749 451 4796 etc.

328 4911 690 4976 TITULUS
733 4912 1018 4976 PSALM
1029 4913 1057 4976 Ι
1091 4911 1394 4977 LXVIII.

129 5073 171 5118 1.
201 5070 422 5130 sequens
442 5067 666 5130 psalmus
683 5065 970 5130 intitulatur
995 5067 1086 5130 ligc
1110 5067 1256 5130 modo
1274 5078 1286 5114 :
1305 5065 1371 5113 In
1385 5065 1666 5130 finempro

70 5129 151 5177 his
163 5129 256 5191 qui
267 5143 376 5176 com
386 5127 747 5175 mutabuntur
758 5126 998 5188 psalmus
1015 5127 1439 5177 David.Psalmus
1453 5131 1542 5177 iste
1555 5126 1668 5178 con-

70 5203 203 5248 venit
225 5200 508 5258 signiﬁcato
535 5199 712 5254 David,
941 5199 988 5245 id
1015 5205 1105 5257 est,
1133 5201 1344 5259 Christo,
1373 5203 1461 5260 qui
1486 5202 1567 5248 hic
1592 5202 1662 5248 lo-

66 5274 254 5331 quitur.
277 5272 330 5317 Et
358 5270 534 5329 dirigit
558 5283 652 5317 nos
671 5269 724 5315 in
740 5271 908 5331 ﬁnem,
935 5271 985 5315 id
1003 5274 1095 5332 est,
1115 5271 1168 5316 iu
1186 5272 1669 5332 seipsum,Psalmus

67 5330 194 5395 diro,
219 5334 420 5380 habitus
440 5346 526 5391 pro
550 5333 630 5378 his
647 5330 1668 5393 exhortandis,quicommutabuntur,de

69 5397 360 5445 infidelitate
402 5396 463 5441 ad
493 5396 660 5455 ﬁdem,
687 5395 748 5440 de
789 5400 1028 5441 vetustate
1065 5395 1127 5440 ad
1151 5396 1438 5452 novitatem,
1463 5397 1524 5442 de
1560 5410 1668 5444 cor-

69 5463 295 5519 ruptione
331 5458 391 5503 ad
420 5457 868 5519 incorruptionem.
902 5459 1100 5504 Materia
1126 5457 1306 5515 psalmi
1339 5464 1410 5503 est
1437 5459 1666 5506 Christus

67 5535 258 5580 passus,
281 5518 560 5567 secundum
587 5520 902 5577 fragilitatem
921 5520 1372 5566 humanasnaturaa.
1399 5521 1668 5580 Etexequi-

69 5592 144 5632 tur
168 5598 306 5632 suam
335 5583 621 5643 passionem
644 5595 730 5641 per
768 5582 954 5629 multas
991 5587 1154 5642 partes
1191 5582 1394 5641 psalmi,
1423 5595 1583 5642 usque
1605 5585 1664 5629 ad

66 5645 712 5695 ciinsummationemﬂnde
723 5649 770 5690 et
781 5645 879 5691 dici
890 5649 903 5691 t
916 5658 929 5693 ;
943 5643 1212 5692 Dederunt
1227 5643 1287 5692 in
1305 5657 1478 5692 escam
1489 5659 1667 5694 meam

65 5709 149 5770 fcl,
176 5713 266 5758 etc.
296 5707 511 5755 Intentio
540 5706 725 5755 Clu-isti
749 5712 838 5770 est,
866 5707 919 5754 in
953 5707 1045 5755 hoc
1067 5721 1214 5768 opere
1235 5720 1326 5754 nos
1342 5708 1401 5754 ad
1417 5721 1557 5755 suam
1577 5722 1662 5767 pa-

68 5769 289 5820 tientiam
311 5771 542 5817 invitare.
571 5771 638 5817 De
659 5769 891 5828 passione
915 5774 1077 5817 autem
1103 5783 1244 5818 suam
1270 5770 1401 5818 sicut
1421 5783 1526 5818 mos
1549 5785 1663 5831 pro-

66 5835 290 5895 pheticus
312 5839 405 5895 est,
440 5832 629 5879 orando
652 5831 830 5890 incipit
855 5831 1022 5895 dicere
1049 5847 1058 5878 :
1083 5837 1129 5878 et
1159 5846 1210 5879 se
1237 5833 1389 5881 Patris
1417 5833 1665 5882 auxilium

67 5893 346 5945 manifestat
366 5894 419 5942 in
439 5895 677 5943 omnibus
702 5893 955 5954 postulare
981 5912 993 5943 :
1019 5899 1178 5942 utnos
1203 5896 1389 5954 quibus
1416 5898 1551 5945 viam
1568 5897 1665 5945 de-

1690 4630 1744 4701 Ι.)

1765 3335 1994 3385 possem
2015 3333 2341 3386 praecavere
2356 3321 2515 3372 mihi.
2544 3326 2755 3384 Sponte
2779 3322 2931 3372 enim
2965 3321 3249 3384 meipsum
3275 3318 3368 3370 ob-

1765 3394 1883 3444 tuli.
1923 3395 1992 3444 Et
2029 3393 2136 3443 hoc
2174 3395 2279 3454 est,
2332 3393 2481 3442 Venit
2505 3393 2564 3440 in
2590 3392 2933 3441 altitudinem
2956 3392 3144 3452 maris,
3173 3395 3216 3439 et
3236 3395 3366 3438 tem-

1759 3471 1930 3530 pestas
1961 3464 2207 3512 demersit
2224 3478 2323 3514 me.
2348 3465 2500 3515 Mare
2524 3463 2658 3514 dicit
2675 3476 2773 3513 eos
2790 3468 3020 3527 propter
3041 3460 3370 3514 amaritudi-

1762 3550 1896 3588 nem
1922 3536 2076 3596 vitae,
2095 3535 2475 3597 altitudinem,
2503 3535 2826 3586 elationem.
2845 3535 3016 3587 Venit
3041 3547 3174 3597 ergo
3207 3533 3368 3584 Chri-

1765 3614 1890 3660 stns
1918 3607 2077 3658 nulla
2101 3608 2416 3667 coactione,
2443 3607 2544 3657 sed
2571 3613 2889 3670 spontanea
2908 3607 3205 3658 voluntate
3221 3605 3368 3656 inter

1764 3681 2040 3744 superbos
2054 3679 2386 3731 homineset
2408 3691 2661 3729 amaros:
2683 3683 2739 3729 et
2766 3678 3041 3730 seditiosa
3061 3676 3368 3728 commotio

1763 3764 1960 3803 eorum
2003 3756 2273 3813 tanquam
2312 3755 2625 3812 tempestas
2645 3750 2973 3813 vehemens,
3000 3749 3292 3810 demersit,
3312 3751 3371 3800 et

1763 3823 2014 3874 extinxit
2049 3835 2197 3872 eum.
2248 3824 2316 3872 Et
2348 3821 2408 3871 in
2428 3821 2535 3872 hoc
2560 3833 2660 3872 eos
2684 3834 2814 3872 esse
2838 3820 3258 3873 inexcusabiles
3283 3832 3371 3871 os-

1765 3894 1969 3956 tendit,
1997 3906 2132 3943 cum
2162 3893 2399 3943 subdit:

2054 3965 2103 4017 li.
2129 3965 2396 4013 Laboravi
2411 3963 2662 4013 clama-ns
2683 3983 2696 4012 ι
2717 3979 2895 4012 rauca:
2925 3965 3079 4027 factae
3099 3962 3368 4024 suntfau-

1764 4051 1841 4084 σεε
1863 4051 2002 4084 meae.
2037 4036 2178 4097 Quid
2207 4035 2418 4086 clamat
2440 4035 2736 4085 Christus?
2752 4037 2855 4086 Vae
2873 4036 3056 4092 vobis,
3083 4035 3295 4086 Scribat
3313 4039 3371 4085 et

1767 4107 2035 4157 Pharisaei
2052 4107 2259 4169 (Matth.
2274 4105 2399 4167 “23.).
2419 4107 2522 4157 Vae
2534 4106 2753 4156 mundo
2765 4107 2836 4155 ab
2852 4105 3142 4156 scandatis
3158 4105 3366 4168 (Matth.

1766 4178 1889 4240 18.).
1926 4177 2186 4238 Quotidie
2217 4177 2388 4227 etiam
2411 4181 2531 4226 erat
2555 4176 2770 4227 docens
2795 4176 2853 4225 in
2886 4175 3102 4238 templo
3129 4181 3369 4239 etsyna-

1765 4250 1928 4312 gogis
1956 4249 2094 4311 (Luc.
2123 4247 2231 4310 19.)
2255 4263 2266 4297 :
2305 4247 2404 4299 sed
2430 4247 2563 4310 quia
2589 4259 2790 4309 parum
2815 4247 2872 4296 in
2888 4247 2971 4298 eis
2989 4247 3370 4298 fructificabat

1766 4323 2061 4383 propterea
2081 4319 2392 4369 laborabat.
2423 4318 2568 4368 Hinc
2604 4319 2693 4367 est
2725 4317 2879 4379 quod
2905 4330 3001 4379 per
3029 4317 3368 4380 Prophetam

1763 4392 1843 4442 ait
1871 4408 1880 4438 :
1925 4391 2203 4441 Laboravi
2241 4389 2535 4440 sustinens
2560 4388 2702 4449 (Isai.
2731 4387 2820 4449 1.).
2870 4387 3001 4438 Ideo
3027 4388 3202 4438 etiam
3236 4400 3367 4439 ran-

1764 4475 1848 4514 csa
1883 4461 2075 4513 fauces
2111 4462 2238 4521 ejus
2265 4460 2549 4521 dicuntur,
2577 4473 2692 4510 non
2726 4462 3011 4520 quantum
3043 4458 3115 4509 ad
3148 4471 3228 4522 se,
3266 4458 3370 4510 sed

1763 4537 2043 4596 quantum
2063 4532 2137 4584 ad
2159 4532 2254 4583 illo
2267 4545 2312 4591 s,
2336 4543 2370 4581 a
2398 4530 2611 4593 quibus
2639 4544 2757 4582 non
2781 4528 3226 4592 intelligebatur,
3252 4541 3370 4582 non

1763 4604 2112 4656 credebatur.
2127 4604 2307 4653 Tanta
2326 4607 2520 4653 autem
2533 4602 2639 4652 fuit
2661 4603 2788 4664 ejus
2812 4601 3154 4666 persecutio,
3171 4605 3236 4652 ut
3253 4613 3368 4652 non

1765 4675 1954 4727 solum
1996 4675 2093 4726 isti
2115 4687 2231 4725 non
2256 4673 2573 4736 crederent,
2609 4673 2709 4726 sed
2731 4673 2810 4725 illi
2835 4673 2932 4736 qui
2950 4673 3072 4734 jam
3113 4671 3369 4724 credide-

1767 4752 1921 4805 runt,
1945 4747 2292 4798 dubitarent.
2313 4748 2380 4797 Et
2402 4745 2511 4796 hoc
2527 4750 2615 4796 est
2639 4745 2790 4809 quod
2809 4744 3034 4796 subdit:
3057 4745 3370 4807 Defecerunt

1767 4819 1908 4870 oculi
1928 4819 2052 4880 mei,
2084 4818 2216 4866 dum
2231 4833 2383 4882 spero
2409 4818 2469 4865 in
2501 4817 2672 4866 Deum
2710 4831 2907 4866 meum.
2947 4819 3096 4867 Dum
3131 4815 3285 4867 enim
3307 4816 3368 4867 in

1767 4891 2035 4955 passione
2054 4893 2395 4955 perseverat,
2421 4893 2594 4953 atque
2620 4889 2680 4940 in
2699 4887 3014 4940 Dominum
3049 4901 3224 4940 suum
3250 4893 3370 4940 ten—
3462 4903 3474 4915 ’

1768 4963 1930 5026 dens,
1957 4967 2150 5026 sperat
2166 4966 2230 5012 ut
2253 4961 2544 5012 amortuis
2567 4966 2831 5026 resurgat
2852 4960 3029 5012 :oculi
3057 4960 3186 5023 ejus
3213 4959 3370 5012 defe-

1767 5039 1985 5094 cerunt,
2012 5033 2144 5094 quia
2167 5032 2338 5083 etiam
2365 5033 2470 5094 ipsi
2497 5031 2756 5096 Apostoli
2772 5032 2886 5096 (qui
2904 5031 3370 5096 tanquamlucer-

1767 5118 1858 5157 me
1885 5105 2332 5168 praeeminebant
2354 5105 2412 5154 in
2450 5104 2697 5168 corpore)
2725 5103 3154 5155 dubitaverunt.
3189 5103 3256 5153 Et
3295 5116 3368 5153 ne

1767 5176 1932 5242 pauci
1961 5176 2291 5228 viderentur
2315 5175 2395 5226 illi
2426 5176 2522 5240 qui
2549 5176 3062 5239 persequebantur,
3089 5174 3369 5235 subiunc-

1767 5253 1894 5300 tum
1918 5252 2009 5298 est
2033 5261 2045 5296 :

1829 5319 1878 5373 5.
1906 5318 2252 5384 Multiplicati
2267 5323 2568 5382 sunlsuper
2578 5316 2798 5381 capillos
2813 5315 3006 5379 capitis
3022 5313 3126 5364 mei
3144 5313 3239 5377 qui
3255 5314 3371 5364 ode-

1766 5397 1898 5440 runt
1920 5407 2003 5440 me
2025 5391 2212 5455 gratis.
2231 5393 2313 5441 Ac
2341 5389 2389 5442 si
2410 5393 2603 5454 aperte
2628 5389 2810 5440 dicat:
2828 5387 2959 5439 Sine
2983 5397 3222 5437 numero
3240 5398 3368 5437 cre-

1766 5467 1991 5526 verunt,
2009 5463 2107 5526 qui
2127 5463 2248 5512 sine
2269 5472 2477 5512 caussa
2503 5473 2594 5511 me
2616 5459 2747 5510 odio
2768 5457 3258 5509 habuerunt.Eum
3276 5461 3365 5517 qui

1765 5539 1952 5589 nocet.
1982 5534 2139 5585 odire
2171 5532 2594 5597 quodammodo
2618 5531 2941 5581 humanum
2973 5526 3367 5580 est.Uncho-

1767 5606 1958 5658 minus
1994 5606 2053 5656 in
2081 5605 2204 5670 lege
2239 5609 2514 5668 tanquam
2553 5601 2875 5653 carnalibus
2908 5599 3170 5662 loquens,
3193 5602 3370 5662 atque

1765 5691 1966 5730 eorum
1997 5675 2315 5730 infirmitati
2361 5673 2850 5729 condescendens,
2890 5670 3107 5723 amicos
3133 5670 3368 5734 diligere

1766 5749 2053 5814 prtecepit,
2085 5752 2255 5811 atque
2289 5745 2550 5796 inimicos
2574 5742 2731 5795 odire
2752 5741 3008 5808 permisit
3036 5741 3210 5805 (Leuit.
3240 5741 3368 5814 19.).

1766 5811 1912 5873 Eum
1935 5811 2130 5872 autem
2156 5817 2254 5882 qui
2275 5829 2394 5869 non
2418 5817 2605 5876 nocet,
2630 5815 2760 5866 odio
2791 5815 3020 5878 habere,
3037 5825 3157 5866 non
3179 5811 3368 5866 solum

1765 5891 2086 5944 humanum
2114 5903 2229 5940 non
2252 5893 2358 5952 est,
2379 5887 2477 5939 sed
2501 5887 2673 5940 etiam
2686 5885 3048 5938 diabolicum.
3071 5884 3281 5937 Odium
3295 5884 3369 5935 de
