3880 6222
456 302 563 361 923

451 419 685 472 inimico
706 421 933 476 videtur
954 426 1118 489 quasi
1140 426 1419 491 naturale,
1433 428 1589 491 quod
1613 433 1807 480 tamen
1829 441 1903 481 ex
1926 441 2049 481 cor-

455 491 721 556 ruptione
735 495 1266 560 contingitnaturse.
1285 499 1493 551 Odium
1502 513 1636 552 vero
1653 500 1723 551 de
1742 500 2049 552 innocente

457 569 657 636 contra
677 570 943 617 naturam
965 572 1069 618 est.
1096 568 1339 621 Multum
1367 584 1503 636 ergo
1526 571 1865 623 distatinter
1878 575 2049 621 odium

455 639 514 687 et
537 635 750 688 odium.
781 640 923 689 Nam
943 638 1098 691 aliud
1119 646 1225 707 est,
1251 643 1404 705 quod
1422 635 2051 695 facitinﬁrmitaszaliud

452 710 561 770 est,
585 708 736 770 quod
763 709 887 761 sola
912 710 1147 777 instigat
1168 714 1401 767 malitia.
1421 718 1483 766 In
1502 727 1618 778 qua
1643 720 1871 767 tantum
1887 729 2048 767 exar-

454 784 654 832 serunt
675 781 882 843 Judaei,
911 786 975 834 ut
998 785 1057 837 in
1082 786 1212 838 odio
1238 785 1516 840 Christiet
1528 800 1839 840 numerum
1857 802 2054 841 exces-

453 850 688 916 sissent,
714 858 770 905 et
786 859 1054 908 naturam
1078 862 1135 909 et
1153 859 1408 911 modum.
1430 862 1681 922 Quorum
1698 860 1889 912 adhuc
1906 875 2052 922 exag-

454 927 686 986 geratur
701 925 939 990 malitia,
953 941 1082 979 cum
1097 930 1453 983 subinfertur
1467 947 1479 981 :
1491 931 1790 993 Confortati
1813 937 1941 981 sunt
1956 932 2054 995 qui

451 1004 851 1068 persequuntur
871 1015 955 1049 me
978 1001 1194 1052 inimici
1216 1004 1321 1053 mei
1344 1004 1559 1068 injuste.
1582 1003 1745 1055 Prius
1777 1002 2055 1068 multipli-

454 1067 567 1139 cati
592 1072 838 1134 suntqui
852 1085 986 1124 eum
1008 1074 1204 1137 gratis,
1224 1075 1389 1139 idest,
1406 1067 1530 1127 Sine
1550 1088 1761 1127 caussa
1788 1067 2052 1128 oderunt.

456 1138 526 1189 Et
566 1139 624 1191 hi
667 1141 870 1194 deinde
915 1146 1215 1198 confortati
1259 1138 1434 1210 atque
1458 1147 1717 1207 animati,
1742 1147 1817 1199 ad
1857 1147 1967 1199 hoc
1991 1151 2054 1199 ut

455 1210 649 1262 odium
673 1214 821 1274 quod
847 1223 1227 1281 conceperant
1241 1217 1302 1269 in
1314 1219 1500 1282 corde,
1519 1219 1691 1271 etiam
1708 1221 2053 1281 persequendo

453 1282 834 1349 adimplerent
850 1288 911 1339 in
934 1301 1119 1353 opere.
1146 1292 1214 1341 Et
1234 1290 1345 1342 hoc
1368 1291 1632 1342 similiter
1660 1291 1878 1355 injuste
1906 1289 2051 1343 fece-

457 1358 611 1427 runt,
625 1357 760 1419 quia
775 1358 1038 1413 videlicet
1050 1373 1457 1426 caussam,qua
1470 1376 1565 1415 me
1576 1361 1846 1427 persequi
1857 1366 1945 1412 aut
1959 1363 2057 1410 inl-

458 1426 591 1477 mici
613 1427 731 1480 ﬁeri
750 1429 1109 1495 debuissent,
1128 1446 1244 1485 non
1261 1434 1627 1486 invenerunt.
1655 1426 1927 1486 Sedinter
1944 1438 2061 1480 ιδῃ-⁷

460 1502 577 1549 tam
608 1500 884 1554 malitiam
910 1515 1077 1555 suam
1089 1505 1255 1556 nobis
1272 1505 1527 1557 insinuat
1542 1505 1927 1557 innocentiam
1942 1506 2057 1555 Do-

459 1569 652 1621 minus
695 1575 910 1637 noster,
960 1588 1095 1627 cum
1140 1576 1373 1629 subdit:
1425 1578 1551 1636 Quae
1577 1592 1689 1627 non
1714 1577 1901 1641 rapui,
1928 1582 2055 1625 tunc

453 1641 944 1707 exsolvebamQuis
962 1647 1114 1699 enim
1133 1647 1239 1708 (Ex
1252 1648 1574 1712 Augustino)
1588 1648 1791 1712 rapuit,
1808 1650 1835 1698 ?
1850 1647 2052 1699 Adam.

455 1712 524 1764 Et
553 1714 692 1776 quid
716 1716 946 1780 rapuit?
969 1719 1210 1771 Pomum
1223 1720 1483 1771 vetitum.
1503 1722 1744 1772 Gustata
1764 1719 1982 1784 (inquit)
1995 1723 2052 1769 et

1516 313 1781 367 RUFINO
1813 312 2277 368 PRESBYTERO
2310 314 2693 368 ASCRIPTUS
3683 318 3772 375 924

2074 432 2128 503 Α
2150 435 2272 481 cant
2301 443 2436 495 ergo
2473 432 2535 484 in
2564 430 2860 483 hominem
2880 430 3164 485 humilem
3187 437 3251 485 et
3269 432 3665 497 cruciﬁxum,
3691 438 3773 499 qui

2151 506 2428 567 expectant
2445 505 2631 556 Deum
2654 507 2711 557 et
2735 503 3049 556 Dominum
3067 503 3394 556 virtutum:
3412 505 3560 568 quia
3576 506 3678 569 qui
3699 506 3773 558 de-

2152 579 2385 638 spectus
2407 576 2673 639 apparuit
2688 576 2750 627 in
2765 587 2957 640 carne,
2978 577 3030 627 vi
3038 572 3283 627 rtuosus
3300 581 3367 628 et
3381 575 3694 640 gloriosus
3707 594 3773 639 ap-

2151 646 2369 708 parebit
2391 646 2452 697 in
2475 646 2775 699 divinitate
2806 646 3030 710 (Philip.
3061 646 3157 705 2.).
3182 647 3325 699 Ideo
3354 646 3563 698 adhuc
3592 648 3774 700 subdi-

2152 722 2247 768 tur
2271 733 2282 768 :
2310 718 2434 766 Non
2458 718 3045 783 confundantursuper
3058 733 3144 768 me
3160 719 3262 783 qui
3277 724 3636 783 quaeruntte,
3651 719 3773 769 Deus

2151 788 2330 837 Israel.
2376 791 2556 854 Super
2600 803 2694 841 me
2731 791 2919 841 occiso
2952 802 3069 841 non
3090 789 3555 841 confundantur
3575 796 3773 850 mente,

2151 872 2258 910 nec
2273 861 2619 912 erubescant
2635 861 2819 925 vultu,
2845 861 2943 925 qui
2959 864 3016 912 te
3033 865 3099 912 ut
3114 863 3321 913 venias
3339 865 3673 924 expectant
3691 877 3704 913 :
3728 868 3775 914 et

2148 930 2388 997 insuper
2412 932 2557 985 bene
2580 933 2824 985 vivendo
2847 937 2906 984 et
2927 932 3183 983 amando
3207 944 3490 996 quaerere
3512 945 3639 983 non
3662 946 3776 984 ces-

2153 1007 2300 1056 sant.
2319 1006 2389 1056 Et
2411 1004 2520 1055 hoc
2543 1004 2714 1056 debet
2736 1017 2836 1056 eos
2859 1016 2893 1055 a
2916 1003 3261 1056 confusione
3283 1009 3349 1055 et
3362 1004 3771 1056 erubescentia

2152 1075 2476 1140 defendere,
2501 1076 2634 1140 quia
2660 1081 2721 1127 tu
2744 1075 2845 1140 qui
2869 1089 2962 1127 me
2985 1075 3215 1134 misisti,
3242 1081 3304 1126 et
3337 1075 3651 1127 humiliari
3679 1089 3773 1127 vo-

2150 1146 2329 1208 luisti,
2355 1161 2419 1199 es
2440 1147 2724 1200 Dominus
2752 1147 3053 1210 virtutum,
3093 1151 3151 1197 et
3184 1149 3353 1198 Deus
3377 1146 3593 1209 Israel,
3618 1146 3772 1207 idest,

2152 1218 2305 1271 idem
2327 1219 2608 1271 Dominus
2631 1224 2690 1271 et
2711 1219 2867 1271 Deus
2890 1231 2954 1270 es
2975 1218 3325 1281 angelorum
3349 1223 3415 1270 et
3444 1217 3771 1269 hominum.

2152 1291 2448 1343 Virtutum
2463 1291 2617 1343 enim
2629 1295 2863 1343 nomine
2873 1290 3110 1355 angelos
3125 1289 3498 1355 designavit.
3518 1293 3615 1339 Per
3633 1294 3771 1338 Israel

2152 1375 2284 1415 vero
2313 1376 2434 1426 eos,
2460 1363 2559 1426 qui
2579 1375 2678 1427 per
2700 1362 2872 1415 ﬁdem
2898 1367 2956 1414 et
2972 1362 3274 1414 caritatem
3295 1364 3499 1414 Deum
3517 1362 3770 1426 spiritua-

2151 1433 2280 1485 liter
2323 1434 2542 1497 vident,
2584 1433 2873 1497 ﬁguravit.
2909 1436 2978 1485 Et
3010 1433 3269 1484 ostendit
3292 1432 3478 1485 aliam
3504 1444 3773 1485 caussam

2153 1518 2329 1570 quare
2351 1518 2469 1556 non
2491 1505 2738 1557 debeant
2760 1506 3118 1567 erubescere,
3144 1517 3282 1555 cum
3295 1505 3434 1568 subj
3445 1504 3654 1569 ungit:

2212 1575 2265 1630 8.
2299 1577 2573 1636 Quoniam
2588 1582 2807 1641 propter
2832 1576 3124 1626 tesustinui
3136 1575 3511 1640 opprobrium
3528 1577 3765 1639 :operuit

2149 1648 2395 1711 confusio
2416 1649 2613 1711 faciem
2628 1663 2823 1699 meam.
2850 1647 3235 1713 Opprobrium
3259 1652 3356 1711 est
3393 1646 3557 1711 quod
3580 1647 3771 1710 objicit

2150 1718 2438 1771 inimicus.
2476 1721 2601 1771 Non
2621 1723 2779 1771 esset
2804 1730 3083 1783 magnum
3105 1718 3262 1782 quod
3276 1719 3361 1769 ait
3380 1717 3765 1779 Sustinui,nisi

454 1783 615 1878 eritis
632 1787 790 1878 sicut
824 1790 913 1841 Dii
936 1790 1087 1878 (Gen.
1224 1793 1441 1878 Rapere
1473 1783 2051 1878 volueruntdivinita:
2080 1805 2132 1878 Β
2155 1790 2515 1878 αᾱῳηςθτθιι
2538 1791 2764 1878 Propter
2795 1796 2857 1878 te.
2895 1790 2952 1842 Si
2984 1789 3143 1841 enim
3169 1790 3460 1878 sustines,
3484 1789 3626 1852 quia
3636 1801 3768 1878 (pec:

454 1860 979 1920 tem,etamiserunt
1003 1861 1795 1928 felicitatem.Usurpaverunt
1807 1864 1905 1912 sibi
1918 1863 2051 1924 quod
2080 1860 2132 1878 υ
2156 1862 2321 1924 casti,
2356 1865 2585 1926 propter
2608 1866 2664 1913 te
2689 1861 2964 1925 sustines,
2989 1874 3109 1912 non
3132 1865 3371 1926 propter
3392 1862 3609 1912 Deum.
3632 1863 3766 1922 Quae

456 1940 627 1980 suum
655 1942 772 1982 non
800 1937 939 1991 erat,
964 1937 1021 1986 et
1048 1934 1177 1987 haec
1212 1940 1304 1987 est
1337 1935 1550 1999 rapina.
1586 1935 1721 1986 Ideo
1759 1933 2053 1985 commissi

455 2006 596 2052 sunt
616 2004 866 2055 exactori
879 2005 1123 2066 diabolo,
1141 2008 1206 2058 ut
1229 2018 1459 2071 pmnam
1476 2006 1677 2058 mortis
1689 2006 2056 2058 exsolverent

451 2083 554 2135 pro
578 2079 828 2135 pecc‘ito.
878 2075 1141 2128 Christus
1187 2090 1323 2129 vero
1363 2078 1508 2128 nihil
1546 2078 1755 2139 rapuit,
1780 2077 1918 2140 quia
1936 2090 2054 2128 non

452 2145 740 2205 peccavit:
766 2148 824 2197 et
844 2147 1039 2199 tamen
1071 2148 1291 2212 peccati
1314 2148 1778 2209 debitum,idest.
1808 2152 2051 2200 mortem

452 2214 719 2267 exsolvit.
737 2217 909 2269 Venit
931 2219 1003 2271 ad
1028 2224 1269 2271 mortem
1311 2222 1461 2270 sicut
1487 2219 1928 2282 quilibethomo,
1949 2220 2052 2271 sed

450 2296 570 2336 non
594 2300 659 2338 ea
676 2288 769 2340 via
792 2301 906 2351 qua
931 2290 1075 2352 [Αηι.
1102 2290 1256 2354 quia)
1285 2290 1735 2353 quilibethomo.
1755 2292 1899 2342 Nam
1923 2304 2052 2343 om-

452 2369 557 2408 nes
580 2358 673 2409 alii
698 2372 798 2423 per
826 2360 1073 2425 culpam,
1098 2361 1190 2413 ille
1229 2361 1388 2413 solus
1409 2362 1483 2412 ad
1505 2366 1751 2413 mortem
1775 2362 1933 2414 venit
1954 2376 2054 2426 per

448 2429 755 2492 justitiam.
785 2432 1034 2495 Uterque
1053 2433 1227 2492 igitur
1248 2433 1498 2485 exsolvit
1520 2438 1782 2498 mortem,
1808 2446 1940 2496 quae
1962 2438 2052 2486 est

455 2500 713 2552 debitum
737 2505 974 2567 peccati,
1001 2504 1207 2569 Adam,
1232 2511 1290 2558 et
1306 2505 1582 2558 Christus.
1605 2506 1715 2557 Sed
1732 2506 2053 2569 quiapecca-

456 2573 541 2623 vit
570 2572 773 2636 Adam,
798 2587 955 2626 mors
999 2578 1128 2640 ejus
1151 2577 1258 2629 fuit
1292 2589 1462 2641 paena
1486 2578 1721 2643 peccati.
1747 2578 1892 2639 Quia
1914 2591 2050 2629 vero

452 2655 569 2695 non
591 2645 845 2706 peccavit
859 2646 1143 2713 Christus,
1156 2662 1313 2700 mors
1325 2650 1373 2712 ej
1386 2662 1454 2699 us
1472 2648 1623 2701 facta
1633 2653 1724 2700 est
1737 2649 1931 2700 hostia
1942 2665 2051 2710 pro-

454 2719 705 2780 peccato.
736 2716 911 2780 (Hebr.
944 2717 994 2772 9.
1033 2725 1078 2769 et
1100 2720 1224 2784 10.).
1252 2720 1362 2773 Sed
1394 2720 1550 2772 hunc
1575 2719 1825 2772 fructum
1852 2720 2052 2772 mortis

454 2786 665 2838 Christi
687 2788 940 2841 mundus
953 2803 1069 2841 non
1095 2790 1406 2843 intellexit:
1432 2791 1562 2844 ideo
1585 2791 1736 2843 hanc
1760 2804 1860 2857 pro
1874 2791 2054 2843 stulti-

452 2859 533 2910 tia
561 2860 867 2922 reputavit.
907 2862 1295 2915 Praadicamus
1328 2863 1536 2927 (inquit
1585 2862 1916 2927 Apostolus)
1958 2865 2052 2915 Je-

454 2942 585 2981 sum
611 2930 923 2993 Christum,
949 2937 1007 2985 et
1030 2933 1185 2985 hunc
1209 2934 1802 2993 cruciﬁxum,Judaeis
1815 2934 2049 2997 quidem

454 3000 807 3053 scandalum.
844 3005 1123 3057 Gentibus
1151 3010 1346 3058 autem
1383 3005 1682 3057 stultitiam
1708 3005 1776 3069 (1.
1805 3006 1924 3055 Cor.
1960 3005 2049 3067 1.).

457 3070 633 3138 344
663 3074 771 3126 Sed
814 3076 962 3139 qeod
986 3090 1105 3129 non
1137 3079 1299 3131 novit
1326 3077 1602 3141 mundus,
1622 3076 1856 3141 agnovit
1874 3078 2047 3129 Deus.

456 3144 527 3195 Et
554 3144 663 3196 hoc
685 3152 774 3199 est
802 3149 958 3212 quod
982 3149 1119 3201 dicit
1148 3165 1161 3201 :

2150 1935 2346 1984 autem
2368 1932 2549 1997 gloria
2570 1937 2661 1985 est
2685 1933 2782 1996 (ait
2793 1932 3009 1995 Petrus)
3030 1932 3081 1982 si
3105 1937 3421 1997 peccantes
3443 1934 3706 1993 punimini
3722 1938 3767 1979 et

2154 2004 2404 2056 suﬁ‘ertis
2419 2003 2487 2063 (1.
2512 2005 2653 2055 Pclr.
2674 2002 2745 2061 2.)
2759 2007 2787 2054 ει
2811 2004 2866 2055 Si
2890 2008 3086 2056 autem
3104 2004 3385 2064 sustines,
3400 2002 3543 2067 quia
3555 2005 3764 2051 manda-

2153 2078 2277 2128 tum
2290 2076 2396 2128 Dai
2418 2075 2681 2132 servasti,
2701 2074 2877 2142 345
2904 2088 3129 2127 merces
3154 2074 3260 2125 tibi
3285 2078 3491 2126 manet
3514 2074 3577 2125 in
3602 2078 3764 2126 mter-

2151 2160 2292 2198 num
2307 2160 2318 2197 :
2346 2147 2620 2211 quoniam
2637 2147 2967 2199 sustinuisti
2982 2146 3291 2211 opprobria
3304 2150 3545 2209 propter
3559 2146 3759 2196 Deum.

2151 2219 2294 2281 Quia
2316 2231 2450 2283 ergo
2475 2218 3090 2283 Christusinpassione
3116 2230 3225 2270 sua
3248 2216 3438 2269 multa
3461 2215 3767 2282 opprobra

2150 2290 2449 2342 audiebat:
2477 2295 2537 2343 et
2559 2295 2756 2342 tacens
2780 2291 2973 2341 omnia
2994 2292 3226 2355 propter
3238 2291 3434 2341 Deum
3450 2288 3763 2339 tolerabat:

2151 2362 2767 2425 quasiverecundusin
2776 2362 2919 2413 facie
2930 2362 3522 2426 apparebat.Virtutem
3533 2373 3772 2407 mansue-

2152 2433 2370 2484 tudinis
2386 2446 2487 2497 pro
2501 2433 2666 2497 signo
2676 2432 2967 2484 habebant
2977 2431 3361 2484 confusionis.
3381 2433 3517 2487 Quid
3534 2432 3767 2479 toleraret

2150 2508 2381 2568 propter
2396 2506 2600 2568 Deum,
2619 2503 2952 2555 dixit.Nunc
2965 2515 3000 2555 a
3013 2503 3232 2567 quibus
3252 2504 3505 2559 toleravit,
3521 2502 3766 2550 ostendit.

2212 2574 2264 2628 9.
2288 2576 2620 2639 Extranens,
2666 2575 2870 2639 inquit,
2899 2576 3076 2638 factus
3107 2589 3236 2623 sum
3260 2572 3502 2636 [ratibus
3536 2572 3695 2632 meis,
3720 2576 3766 2619 et

2149 2648 2466 2711 peregrinus
2481 2648 2614 2711 ﬁliis
2635 2648 2832 2697 matris
2854 2662 2997 2698 mese.
3015 2647 3292 2709 Quamvis
3304 2645 3462 2697 idem
3477 2644 3550 2696 de
3568 2644 3769 2695 simili-

2150 2718 2258 2770 bus
2280 2720 2467 2772 verbis
2492 2724 2746 2784 repetere
2769 2718 3045 2779 videatur,
3071 2723 3273 2770 tamen
3284 2716 3416 2783 plus
3431 2714 3769 2780 aliquidso—

2149 2793 2250 2842 nat
2272 2791 2625 2856 peregrinus,
2645 2804 2820 2855 quam
2846 2795 3179 2842 extraneus.
3194 2792 3343 2841 Nam
3367 2801 3503 2840 eum
3526 2787 3769 2852 quinon

2150 2865 2241 2913 est
2260 2862 2637 2926 domesticus,
2654 2867 2756 2914 aut
2776 2861 2919 2914 facie
2936 2863 3131 2922 notus,
3163 2860 3276 2912 etsi
3292 2860 3365 2912 de
3387 2859 3596 2912 eadem
3612 2863 3767 2910 terra

2151 2932 2243 2993 sit,
2270 2937 2467 2984 tamen
2488 2938 2828 2985 extraneum
2852 2931 3117 2984 dicimus.
3140 2930 3454 2982 Hominem
3470 2941 3612 2981 vero
3622 2927 3767 2979 alte-

2149 3004 2269 3054 rius
2286 3006 2487 3067 patriaa
2499 3005 2861 3069 peregrinum
2879 3003 3133 3055 solemus
3144 3000 3765 3067 appellare.Fratribus

2149 3074 2272 3125 suis
2301 3075 2565 3127 Christus
2588 3080 2899 3127 extraneus
2930 3074 3135 3136 fuerat,
3160 3074 3298 3137 quia
3320 3072 3656 3125 carnalibus
3676 3082 3767 3135 pa-

2148 3146 2411 3198 rentibus
2434 3147 2557 3198 suis
2591 3147 2713 3199 vita
2735 3150 2793 3198 et
2812 3146 3070 3197 moribus
3088 3143 3396 3197 dissimilis
3418 3143 3764 3208 apparebat.

518 3215 568 3271 6.
600 3218 758 3283 Deus,
785 3226 843 3269 tu
860 3222 962 3270 scis
990 3222 1365 3296 insipientiam
1380 3236 1573 3273 meam.
1589 3220 1813 3275 Utilitas
1825 3222 2049 3286 passio-
2075 3223 2122 3296 ρ
2154 3220 2283 3272 Fuit
2295 3221 2468 3272 etiam
2486 3219 2843 3296 peregrinus,
2861 3216 3185 3296 secundum
3196 3217 3357 3296 quod
3492 3216 3764 3278 Regnum

454 3290 545 3341 nis
572 3302 883 3356 meas,quas
908 3306 1006 3356 pro
1032 3294 2043 3359 insipientiareputaturaquibusdam,

454 3372 485 3412 a
522 3364 578 3413 te
622 3363 738 3414 Deo
774 3369 1027 3416 creatore
1064 3371 1153 3417 est
1176 3366 1454 3429 prmstita,
1478 3366 1806 3430 approbata,
1833 3366 1885 3417 ei
1910 3365 2051 3416 ordi-

454 3437 609 3484 nata.
646 3435 732 3486 Tu
757 3436 870 3486 scis
899 3436 1053 3498 quod
1093 3435 1170 3487 illi
1194 3437 1540 3488 nescierunt.
1576 3437 1631 3487 Si
1667 3437 1825 3488 enim
1848 3449 2053 3500 cogno-

454 3503 695 3568 vissent,
720 3518 1042 3568 numquam
1074 3508 1382 3558 Dominum
1407 3508 1604 3570 glorias
1626 3508 2051 3560 cruciﬁxissent

454 3573 524 3635 (1.
574 3574 692 3625 Cor.
726 3575 817 3638 2.).
858 3579 926 3627 Et
957 3577 1092 3640 quia
1130 3583 1245 3628 tam
1272 3578 1455 3629 simile
1479 3578 1849 3643 insipientia,
1875 3592 2049 3643 quam

454 3657 586 3695 cum
627 3645 865 3699 haberet
903 3647 962 3697 in
1000 3653 1284 3711 potestate
1322 3655 1721 3713 persecutores
1760 3663 1899 3701 suos
1934 3664 2051 3702 una

451 3729 588 3768 voce
641 3723 1017 3783 prosternere,
1061 3725 1350 3782 pateretur
1405 3735 1466 3773 se
1515 3723 1714 3781 teneri,
1758 3722 2048 3785 flagellari,

454 3791 712 3855 conSpui,
765 3790 1125 3852 colaphizari,
1162 3791 1343 3854 spinis
1367 3795 1644 3857 coronari,
1670 3795 1823 3858 ligno
1847 3793 2003 3857 afﬁgi
2024 3797 2051 3844 ‘2

454 3860 565 3914 Sed
588 3861 742 3924 quod
769 3860 1010 3913 stultum
1034 3867 1122 3914 est
1146 3863 1249 3914 Dei
1278 3866 1335 3915 et
1357 3863 1671 3929 inﬁrmum,
1689 3865 1797 3917 hoc
1823 3866 2051 3929 sapien-

452 3931 568 3983 tius
584 3935 640 3984 et
668 3932 871 3984 fortius
894 3938 983 3985 est
1004 3933 1336 3985 hominibus
1364 3935 1409 3999 (1
1462 3940 1578 3987 Cor.
1609 3936 1699 3998 1.).
1727 3939 1871 3989 Nam
1895 3937 2050 3989 unde

454 4004 611 4055 Deus
626 4009 717 4056 est
731 4004 1142 4058 humiliatus'et
1152 4018 1381 4069 passus,
1400 4007 1530 4059 inde
1546 4007 1719 4059 homo
1736 4014 1960 4061 erectus
1976 4016 2049 4058 est

454 4079 513 4127 et
535 4081 793 4128 sanatus.
821 4076 999 4129 Simili
1022 4077 1215 4138 modo,
1243 4079 1308 4127 Et
1330 4079 1519 4128 delicta
1539 4095 1678 4139 mea,
1691 4080 1859 4144 idest,
1876 4092 2049 4144 opera

453 4159 585 4210 quas
608 4161 710 4213 pro
734 4148 955 4202 delictis
980 4153 1119 4202 sunt
1141 4155 1405 4213 reputate
1423 4152 1508 4211 (ut
1530 4151 1770 4204 estillud
1790 4168 1802 4202 :
1819 4154 1945 4203 Non
1960 4156 2052 4204 est

451 4217 625 4270 homo
651 4220 936 4285 hicaDeo,
955 4222 1058 4285 qui
1081 4222 1321 4274 sabbata
1336 4235 1455 4273 non
1478 4224 1732 4275 custodit
1760 4223 2045 4289 [Joan.9.].

452 4294 510 4342 et
530 4290 641 4342 alia
660 4291 1009 4354 huiusmodi)
1038 4309 1073 4342 a
1098 4298 1143 4342 te
1156 4309 1266 4343 non
1283 4298 1410 4343 sunt
1434 4293 1745 4344 abscondita
1785 4295 1949 4357 Quod
1972 4294 2051 4346 illi

452 4369 805 4429 putaverunt
827 4365 1237 4429 insipientiam,
1272 4369 1339 4417 ut
1362 4378 1467 4429 ego
1489 4370 1740 4430 paterer:
1767 4371 1825 4418 et
1844 4366 2053 4418 delicta

452 4439 519 4487 ut
562 4436 939 4501 languoribus
974 4437 1236 4489 mederer
1263 4454 1273 4486 :
1301 4437 1411 4489 hoc
1436 4442 1500 4489 tu
1525 4437 1686 4490 scisti
1712 4437 2051 4501 sapientiam

452 4519 582 4559 esse
605 4509 662 4559 et
694 4508 983 4560 virtutem.
1018 4510 1087 4561 Et
1120 4508 1444 4560 notandum
1468 4509 1623 4572 quod
1649 4522 1721 4561 ex
1745 4509 1836 4560 his
1859 4510 2048 4561 verbis

451 4578 900 4673 instruimuruut
921 4579 982 4630 in
996 4580 1222 4673 cunctis
1244 4592 1377 4663 qum
1399 4580 1925 4673 agim‘ususempel;
1914 4581 2045 4643 plus
2071 4600 2127 4673 D

451 4651 555 4702 Dei
581 4651 931 4702 voluntatem
961 4664 1135 4713 quam
1159 4651 1461 4703 hominum
1477 4652 1865 4704 attendamus.
1885 4654 1953 4704 Et
1977 4664 2047 4704 ea

453 4722 529 4772 sit
544 4726 744 4772 nostra
765 4722 929 4781 actio,
966 4735 1141 4784 quam
1162 4723 1319 4774 Deus
1344 4724 1621 4787 approbat
1644 4737 1657 4773 :
1686 4723 1912 4775 etiamsi
1931 4737 2047 4775 non

450 4805 522 4857 ap
532 4794 727 4854 probet
751 4792 944 4844 homo.
961 4792 1107 4843 Hinc
1130 4798 1215 4843 est
1244 4793 1397 4856 quod
1412 4793 1621 4845 Paulus
1636 4808 1745 4845 nos
1757 4794 2047 4859 admonet,

452 4866 518 4914 ut
542 4862 925 4914 stultissimus
945 4866 1080 4914 ante
1102 4862 1386 4924 homines,
1411 4869 1476 4916 ut
1493 4869 1628 4916 ante
1647 4866 1828 4917 Deum
1841 4878 2052 4918 merea-

450 4946 583 4985 mur
605 4946 736 4985 esse
760 4933 1048 4995 sapientes
1073 4933 1140 4992 (1.
1172 4934 1290 4985 Cor.
1318 4934 1344 4989 1
1372 4936 1410 4998 ).
1435 4935 1539 4987 Vel
1556 4935 1764 4989 delicta
1780 4937 1907 5001 ejus
1930 4950 2049 4989 non

452 5008 592 5055 sunt
613 5005 969 5064 abscondita,
983 5006 1118 5071 quia
1128 5007 1388 5059 membra
1402 5006 1531 5071 ejus
1549 5020 1653 5059 sua
1678 5008 1930 5072 quotidie
1947 5024 2049 5057 non

449 5081 684 5128 cessant
730 5076 989 5129 conﬁteri
1030 5082 1282 5141 peccata.
1307 5080 1377 5130 Et
1401 5079 1536 5142 quia
1558 5078 1815 5131 futurum
1839 5084 1959 5132 erat
1985 5084 2051 5132 ut

450 5150 747 5210 tamquam
782 5161 883 5213 pro
918 5147 1162 5201 stultitia
1191 5148 1670 5213 improperaretur
1694 5150 2047 5212 Christianis,

451 5218 585 5282 quia
606 5219 666 5270 in
687 5219 986 5271 hominem
1012 5220 1309 5272 crederent
1323 5224 1616 5272 mortuum
1639 5225 1697 5273 et
1708 5221 2047 5275 cruciﬁxum

451 5290 702 5353 postulat
724 5304 825 5356 pro
849 5291 950 5355 eis,
974 5290 1206 5343 dicens:

513 5360 564 5414 7.
597 5360 733 5411 Non
757 5361 1064 5411 erubescant
1082 5362 1141 5409 in
1166 5376 1249 5410 me
1272 5362 1370 5426 qui
1392 5366 1669 5426 expectant
1693 5368 1755 5427 te,
1780 5364 2010 5416 Domine
2034 5382 2047 5418 :

451 5432 683 5483 Domine
725 5435 1006 5485 virtutum.
1056 5432 1217 5485 Multi
1257 5432 1413 5485 enim
1450 5433 1829 5498 ignominiam
1862 5437 2050 5490 crucls

452 5505 663 5556 Christi
706 5505 1028 5571 audientes,
1063 5505 1436 5566 erubuerunt,
1461 5506 1633 5568 atque
1656 5518 1691 5559 a
1713 5506 1826 5560 ﬁde
1847 5513 1907 5560 et
1929 5521 2048 5573 spe,

454 5588 629 5639 quam
654 5576 713 5627 in
729 5579 846 5630 Deo
867 5578 1077 5631 habere
1101 5581 1386 5641 ceperant,
1412 5582 1797 5630 recesserunt.
1819 5580 2052 5643 Propter

451 5644 561 5695 hoc
583 5646 793 5698 Paulus
816 5648 889 5699 ad
905 5647 1328 5700 conﬁrmandas
1356 5647 1714 5700 inﬁrmorum
1729 5656 1934 5713 mentes,
1948 5665 2048 5698 non

454 5727 516 5765 se
541 5716 877 5769 erubescere
901 5718 1275 5782 Evangelium
1294 5719 1412 5781 Dei,
1431 5719 1711 5783 perhibet.
1729 5722 1796 5771 In
1826 5726 2049 5772 tantum

456 5784 612 5856 enim
644 5798 762 5837 non
802 5790 1049 5850 erubuit,
1085 5794 1151 5840 ut
1184 5790 1415 5841 vinctus
1448 5796 1505 5843 et
1539 5796 1839 5844 catenatus
1864 5792 2051 5856 magis

457 5852 746 5906 exultaret
770 5857 937 5916 (Rom.
963 5859 1014 5913 1.
1040 5863 1085 5908 et
1100 5860 1153 5914 6.
1179 5860 1410 5924 ;Ephes.
1435 5861 1486 5916 3.
1512 5867 1558 5913 et
1581 5862 1817 5927 4.).Νοη
1839 5852 2053 5914 craebra-

2151 3304 2346 3344 meum
2368 3304 2486 3343 non
2508 3295 2599 3342 est
2623 3290 2693 3341 de
2715 3290 2824 3341 hoc
2848 3288 3066 3339 mundo
3093 3286 3417 3350 (Joan.18.).
3434 3288 3765 3337 Possumus

2153 3363 2325 3415 etiam
2369 3375 2470 3427 per
2500 3361 2725 3424 fratres,
2749 3359 3055 3425 Apostolus
3084 3358 3409 3423 intelligere
3435 3375 3446 3406 :
3487 3370 3595 3422 per
3620 3356 3768 3408 ﬁlios

2153 3434 2353 3486 matris
2385 3446 2530 3498 sum,
2547 3433 2695 3485 ﬁlios
2721 3443 3055 3498 synagogas.
3078 3432 3413 3482 Extraneus
3424 3441 3561 3493 ergo
3578 3428 3771 3480 fratri-

2152 3507 2263 3559 bus
2290 3506 2411 3557 suis
2437 3510 2576 3569 erat,
2603 3504 2838 3569 quando
2856 3504 2979 3567 jam
3008 3503 3082 3553 ab
3106 3503 3254 3566 ipsis
3277 3514 3397 3553 non
3421 3500 3769 3551 credebatur

2152 3578 2463 3642 Apostolis.
2482 3579 2807 3629 Extraneus
2825 3580 2947 3627 erat
2960 3576 3147 3634 Petro,
3171 3586 3309 3625 cum
3331 3573 3587 3636 cepisset
3611 3570 3770 3622 afﬁr-

2150 3661 2309 3701 mare
2334 3650 2390 3700 et
2409 3649 2620 3713 jurare.
2646 3647 2781 3711 quia
2803 3658 2919 3697 non
2942 3645 3205 3697 novisset
3226 3644 3522 3695 hominem
3540 3643 3765 3706 (Matth.

2149 3719 2248 3783 26;
2278 3720 2404 3771 Luc.
2430 3718 2558 3782 ‘22.).
2585 3719 2716 3771 Fuit
2738 3729 2971 3781 quoque
2994 3716 3340 3781 peregrinus
3355 3714 3491 3767 ﬁliis
3515 3726 3767 3779 synago-

2148 3804 2258 3856 gas,
2283 3791 2439 3844 unde
2468 3795 2526 3843 et
2549 3790 2813 3842 dicebant
2836 3804 2852 3838 :
2876 3790 3045 3840 Hunc
3066 3792 3265 3839 autem
3294 3787 3596 3839 nescimus
3609 3786 3766 3838 unde

2148 3863 2222 3915 sit
2247 3862 2423 3927 (Joan.
2449 3862 2539 3925 9.).
2560 3863 2745 3923 Quare
2772 3861 2898 3913 haec
2922 3859 3003 3911 illi
3025 3859 3441 3923 contigerunt?

2210 3934 2296 3989 10.
2324 3934 2596 3993 Quoniam
2632 3933 2768 3982 zelus
2790 3933 2982 3982 domus
3005 3936 3106 3981 tua:
3124 3932 3354 3980 comedit
3384 3945 3485 3980 me.
3498 3928 3636 3981 Zelo
3661 3931 3765 3981 Dei

2147 4006 2574 4066 comedebatur,
2591 4005 2758 4067 idest,
2775 4003 3014 4056 interius
3038 4004 3335 4066 urebatur,
3353 4015 3492 4054 cum
3506 4001 3766 4053 venden-

2147 4082 2238 4130 tes
2264 4083 2321 4130 et
2343 4082 2601 4129 ementes
2641 4078 2790 4142 [Ant.
2814 4073 3058 4139 mentes]
3088 4073 3160 4125 de
3186 4073 3401 4138 templo
3424 4073 3685 4137 ejiceret,
3709 4077 3764 4124 et

2149 4148 2663 4201 nummulariorum
2689 4147 3001 4199 effunderet
3024 4158 3108 4197 ses
3134 4146 3348 4207 (Matth.
3371 4143 3502 4207 21.).
3522 4143 3763 4197 Nullum

2150 4221 2529 4287 omnipotenti
2553 4222 2672 4272 Deo
2698 4218 2805 4270 tale
2819 4222 2909 4269 est
2925 4216 3291 4274 sacriﬁcium,
3305 4215 3480 4279 quale
3498 4220 3591 4267 est
3601 4216 3762 4268 zelus

2150 4293 2495 4345 animarum.
2522 4292 2605 4342 Ibi
2628 4290 2781 4355 ignis
2791 4289 2894 4341 Dei
2907 4287 3262 4339 accenditur.
3282 4288 3367 4339 lbi
3382 4299 3551 4339 mens
3564 4289 3762 4336 munda

2150 4365 2255 4418 zeli
2280 4364 2466 4417 sancti
2489 4362 2691 4415 ardore
2708 4363 3126 4413 concrematur.
3140 4359 3291 4411 Hinc
3305 4363 3400 4411 est
3423 4357 3583 4422 quod
3594 4370 3760 4411 sanc-

2150 4438 2243 4487 tus
2267 4435 2514 4499 Spiritus
2538 4434 2599 4485 in
2624 4431 2891 4484 columba
2923 4433 2982 4483 et
3004 4433 3140 4493 igne
3169 4430 3439 4495 apparuit
3464 4430 3755 4492 (Malth.3;

2146 4508 2261 4560 Act.
2284 4506 2358 4571 2.)
2383 4523 2398 4557 :
2430 4507 2565 4571 quia
2596 4518 2699 4557 eos
2722 4517 2869 4569 quos
2892 4502 3214 4568 repleverit,
3232 4502 3527 4567 simplices
3542 4504 3760 4567 pariter

2149 4584 2206 4632 et
2241 4579 2511 4631 ardentes
2542 4577 2693 4630 facit.
2721 4578 2790 4628 Et
2812 4579 3040 4640 propter
3066 4574 3225 4627 hunc
3253 4574 3441 4626 zelum
3467 4574 3761 4639 opprobria

2148 4650 2599 4715 exprobrantium
2624 4647 2719 4698 tibi
2743 4647 3043 4697 ceciderunt
3076 4661 3239 4710 super
3288 4661 3390 4696 me.
3431 4646 3575 4708 Quia
3603 4647 3758 4698 enim

2149 4722 2472 4786 corrigebat
2498 4733 2618 4784 eos,
2643 4720 2775 4771 inde
2787 4719 2972 4782 magis
2990 4717 3275 4781 indignati
3284 4722 3636 4769 contraeum
3646 4731 3765 4773 ma-

2148 4794 2367 4846 chinati
2391 4796 2531 4844 sunt
2553 4792 2606 4844 ei
2620 4794 2880 4843 mortem.
2898 4791 3111 4852 Majora
3127 4793 3323 4840 autem
3344 4790 3764 4853 opprobriaDeo

2147 4865 2354 4917 inferre
2394 4876 2510 4915 non
2544 4864 2828 4927 poterant,
2855 4873 3027 4924 quam
3053 4859 3209 4924 quod
3233 4860 3529 4911 Christum
3548 4860 3763 4911 Filium

2149 4938 2274 5000 ejus
2297 4934 2678 4997 denegabant.
2705 4934 2886 4984 Nemo
2897 4935 3095 4983 autem
3107 4944 3177 4982 ex
3187 4932 3488 4995 probravit
3503 4931 3759 4995 Christo,

2147 5008 2257 5060 nisi
2283 5008 2399 5058 Deo
2417 5006 2793 5070 exprobrans.
2808 5004 2876 5053 Et
2899 5015 3072 5054 nemo
3094 5001 3345 5053 honorat
3366 5004 3619 5065 Patrem,
3646 5003 3766 5054 nisi

2148 5078 2247 5142 qui
2268 5077 2515 5129 honorat
2537 5080 2594 5127 et
2618 5074 2843 5127 Filium.
2872 5072 2974 5124 Illa
2998 5085 3132 5124 vero
3156 5072 3269 5137 [Ex
3283 5073 3531 5137 August.)
3555 5086 3766 5138 oppro-

2148 5149 2271 5201 bria
2296 5161 2470 5214 super
2492 5146 2786 5199 Christum
2807 5144 3162 5204 ceciderunt,
3188 5144 3428 5207 quando
3448 5144 3508 5195 hi
3531 5144 3632 5207 qui
3658 5156 3766 5195 ex-

2148 5221 2517 5285 probrabant,
2546 5220 2703 5270 eum'
2727 5215 3074 5268 occiderunt.
3111 5214 3224 5267 Sed
3268 5216 3421 5267 inter
3462 5215 3591 5267 haec
3629 5216 3764 5280 pius

2147 5291 2433 5344 Dominus
2469 5287 2981 5341 mansuetudinem
3024 5298 3194 5338 suam
3228 5285 3603 5338 commendat
3624 5298 3759 5338 cum

2149 5364 2279 5426 subj
2289 5362 2456 5426 ungit
2478 5379 2495 5412 ε

2212 5434 2298 5488 11.
2326 5434 2393 5483 Et
2421 5432 2613 5498 operui
2637 5432 2697 5481 in
2713 5431 2928 5496 jejunio
2956 5431 3213 5480 animam
3234 5444 3440 5480 meam.
3458 5430 3755 5493 Jejunium

2150 5505 2358 5557 Christi
2408 5502 2780 5569 spiritualiter
2818 5503 2937 5566 jam
2981 5502 3043 5553 in
3081 5501 3192 5552 alio
3214 5504 3446 5565 psalmo
3475 5502 3760 5567 (XXXIV)

2150 5576 2619 5628 commendatum
2643 5578 2746 5626 est.
2771 5572 3070 5637 Jejunium
3085 5573 3214 5636 ejus
3237 5578 3380 5629 erat,
3400 5572 3635 5637 quando
3650 5573 3754 5634 (Es:

2149 5648 2289 5711 eod.)
2312 5647 2645 5699 defecerunt
2667 5657 2868 5696 omnes
2894 5644 2991 5706 qui
3019 5644 3079 5694 in
3098 5655 3234 5695 eum
3260 5644 3652 5696 crediderunt.
3685 5645 3752 5695 Et

2151 5718 2278 5769 sitis
2314 5721 2437 5781 ejus
2461 5720 2598 5780 erat,
2620 5715 2852 5780 quando
2875 5714 3023 5767 dixit
3046 5714 3275 5766 mulieri
3298 5731 3310 5765 :
3339 5716 3503 5774 Sitio,
3528 5715 3601 5766 da
3614 5714 3749 5765 mihi

2152 5790 2345 5843 bibere
2360 5789 2544 5854 (Joan.
2570 5788 2640 5853 4).
2668 5787 2862 5840 Fidem
2887 5787 3099 5851 quippe
3114 5785 3272 5837 illius
3298 5786 3533 5840 sitiebat
3557 5805 3568 5834 :
3595 5789 3655 5837 et
3674 5786 3747 5837 de

2155 5875 2342 5927 cruce,
2380 5873 2516 5915 cum
2545 5860 2759 5913 diceret
2791 5858 2930 5912 Sitio
2957 5858 3136 5922 (Joan.
3170 5856 3304 5922 19.),
3328 5858 3508 5912 ﬁdem
3525 5857 3747 5911 illorum
