3880 6222
229 342 336 399 925

1240 351 1315 402 ΙΝ
1348 349 1668 403 PSALMOS
1700 348 1909 403 LXXV
1929 349 2509 407 COMMENTARIUS.

3419 358 3527 415 926

228 457 545 536 qumrebat.
574 459 835 536 Denique
864 460 1084 536 respuit
1119 458 1191 513 fel
1214 462 1371 525 quod
1392 462 1472 515 illi
1495 461 1831 536 obtulerunt
1851 464 1908 536 Α
1928 464 2029 513 tua
2069 461 2149 536 ibi
2187 463 2278 526 sit,
2319 468 2387 515 ut
2410 466 2679 528 quoniam
2706 468 2827 532 jam
2850 469 3077 522 tenetur
3104 482 3313 536 corpus
3337 476 3526 532 tuum,

227 528 421 593 (lbid.).
448 528 635 593 Elegit
658 530 845 596 magis
873 532 1153 597 jejunare,
1188 545 1363 597 quam
1386 533 1827 587 amaritudinem
1851 528 1908 536 ’“
1928 546 2046 584 non
2068 534 2333 586 teneatur
2351 536 2544 588 anima
2565 543 2681 591 tua.
2706 528 2879 592 'Unde
2911 540 3101 593 adhuc
3125 528 3394 596 subditur
3421 561 3433 595 :

225 601 505 666 accipere.
549 604 678 654 Non
721 604 877 654 enim
922 604 982 655 in
1024 617 1231 668 corpus
1261 606 1479 658 intrant
1513 606 1830 658 amarican-

226 676 336 724 tes.
363 674 431 724 Et
453 673 515 724 in
536 673 647 726 hoc
664 675 887 738 jejunio
916 677 1135 741 operui,
1166 677 1341 740 idest,
1370 678 1666 730 humiliavi
1699 678 1827 729 ani-

223 756 387 796 mam
423 758 632 797 meam.
672 747 982 798 Humilitas
1011 753 1130 799 erat
1153 749 1362 801 Christi
1388 751 1823 814 operimentum.

225 817 375 867 Nam
402 817 539 880 quia
556 817 988 882 humiliabatur,
1014 832 1132 871 non
1155 823 1598 885 agnoscebatur.
1626 824 1695 873 Et
1718 822 1828 874 hoc

223 887 421 952 ipsum
446 889 655 950 factum
678 896 751 939 est
773 891 1125 956 opprobrium
1149 892 1244 943 illi.
1271 895 1493 955 Quanto
1516 895 1671 946 enim
1705 898 1827 946 erat

220 958 516 1021 humilior,
535 965 696 1013 tanto
720 962 870 1025 apud
898 964 1171 1025 reprobos
1196 964 1515 1028 despectior
1532 969 1823 1016 habebatur.

288 1028 377 1084 19.
421 1031 487 1080 Et
517 1033 677 1095 posui
697 1034 1067 1083 vestimentum
1089 1049 1271 1083 meum
1293 1036 1548 1085 cilicium.
1573 1037 1826 1101 Opposui

218 1100 339 1175 illis
360 1103 423 1154 in
448 1116 564 1168 qua
586 1107 855 1159 saevirent
879 1119 1107 1159 carnem
1125 1119 1334 1159 meam.
1352 1105 1529 1175 346
1549 1100 1826 1169 (occultavi

219 1172 583 1227 divinitatem
622 1190 831 1229 meam.
879 1177 1072 1230 Cilicio
1118 1172 1827 1244 peccatores'pmnitentes

221 1247 603 1310 vestiuntur.)
614 1250 683 1301 Et
697 1249 1126 1312 quodammodo
1139 1249 1290 1302 facta
1304 1256 1396 1302 est
1411 1251 1827 1303 vestimentum

220 1318 466 1379 peccati,
494 1320 628 1382 quia
650 1319 721 1372 de
732 1325 965 1385 peccato
982 1320 1280 1372 damnavit
1291 1325 1589 1385 peccatum
1601 1322 1662 1374 in
1678 1338 1826 1373 carne

219 1386 397 1450 (Rom.
446 1388 537 1452 8.).
589 1392 716 1442 Non
752 1391 907 1454 quod
931 1403 1063 1443 caro
1092 1392 1302 1444 Christi
1324 1394 1614 1458 peccatrix
1640 1394 1822 1457 fuerit,

228 1457 335 1509 sed
360 1460 499 1523 quia
520 1461 956 1514 similitudinem
974 1463 1164 1515 carnis
1182 1457 1397 1528 peccati
1420 1465 1640 1517 habuit.
1658 1466 1726 1515 Et
1748 1479 1826 1518 ex

222 1528 339 1580 hoc
385 1531 559 1583 etiam
600 1532 774 1595 factus
796 1549 916 1582 sum
956 1534 1063 1584 illis
1101 1535 1163 1584 in
1192 1535 1524 1600 parabolam.
1554 1537 1827 1589 Parabola

227 1602 338 1666 (Ea:
353 1604 602 1669 August.)
623 1606 830 1657 dicitur
852 1619 986 1669 qua)
1010 1607 1179 1659 datur
1202 1608 1515 1660 similitudo
1528 1608 1599 1661 de
1612 1608 1822 1673 aliquo,

222 1674 462 1734 quando
485 1676 563 1727 illi
589 1676 965 1729 maledicitur.
984 1679 1073 1730 Sic
1095 1678 1187 1730 ille
1204 1679 1379 1743 (verbi
1394 1680 1593 1743 gratia)
1609 1684 1821 1745 pereat,

215 1746 513 1809 quomodo
534 1747 645 1799 ille.
672 1750 811 1800 Haec
856 1754 946 1802 est
967 1750 1251 1814 parabola,
1278 1750 1444 1813 idest,
1476 1753 1825 1817 comparatio

215 1822 281 1867 et
306 1817 622 1869 similitudo
646 1820 965 1872 maledicti:

282 1886 371 1943 13.
405 1889 704 1939 Adversum
721 1892 1277 1956 meloquebanturqui
1292 1892 1538 1943 sedebant
1560 1894 1621 1943 in
1638 1899 1818 1958 porta.

218 1961 347 2010 Hoc
379 1964 469 2012 est
489 1961 547 2012 in
570 1962 815 2026 publico.
839 1964 945 2015 Ubi
969 1964 1247 2026 otiositas,
1275 1964 1352 2015 ibi
1364 1964 1700 2028 loquacitas.
1719 1967 1821 2017 Pu-

215 2029 367 2083 blice
389 2031 461 2083 de
485 2045 578 2084 me
591 2033 991 2097 loquebantur.
1008 2036 1237 2086 Publice
1254 2036 1826 2089 adversabantur.Co-

223 2113 353 2173 tam
398 2106 670 2156 omnibus
704 2105 1093 2168 diffamabant,
1120 2107 1187 2156 Ει
1212 2107 1273 2155 in
1296 2122 1379 2155 me
1402 2108 1697 2172 psallebant
1728 2110 1824 2173 qui

218 2171 467 2225 bibebant
482 2176 692 2227 vinum.
717 2177 900 2228 Etiam
916 2177 1025 2240 ipsi
1042 2183 1365 2241 peccatores
1376 2178 1712 2231 deridebant
1725 2171 1819 2230 tne.

218 2245 490 2309 Attende,
508 2259 541 2297 o
564 2246 757 2309 homo,
770 2248 907 2311 quid
932 2261 1030 2312 pro
1056 2250 1111 2300 te
1134 2249 1410 2300 sustinuit
1432 2251 1604 2302 Deus.
1619 2254 1824 2300 Attende

212 2314 279 2367 in
311 2316 496 2381 capite
527 2322 627 2371 tuo
652 2318 913 2383 regulam
936 2319 1276 2385 disciplinae,
1301 2319 1544 2372 formam
1568 2322 1818 2375 virtutis.

208 2386 437 2439 Discite
480 2389 700 2452 (inquit)
744 2403 779 2441 a
812 2403 921 2452 me,
968 2391 1104 2455 quia
1142 2392 1299 2442 mitis
1338 2405 1467 2443 sum
1505 2398 1563 2445 et
1584 2393 1823 2447 humilis

210 2458 410 2529 corde,
431 2464 488 2511 et
502 2461 803 2514 invenietis
815 2462 1075 2525 requiem
1092 2463 1400 2514 animabus
1416 2468 1591 2514 vestris
1610 2467 1819 2529 (Matth.

210 2528 347 2589 11.).
398 2533 552 2584 Inter
585 2537 668 2584 tot
705 2533 976 2585 scandala
1006 2539 1066 2586 et
1102 2536 1422 2600 opprobria,
1454 2535 1606 2588 inter
1628 2542 1819 2590 tantas

208 2603 645 2673 persecutiones
669 2610 726 2657 et
749 2605 1166 2666 tribulationes,
1193 2606 1332 2669 quid
1357 2611 1421 2658 tu
1445 2609 1679 2673 agebas,
1715 2610 1819 2661 mi"-

210 2672 444 2727 tissime
464 2677 605 2728 Jesu
619 2679 646 2727 ἢ

279 2744 369 2799 14.
392 2745 505 2809 Ego
545 2762 666 2797 vero
699 2749 1000 2798 orationem
1037 2763 1219 2799 meam
1251 2751 1327 2800 ad
1348 2756 1410 2810 te,
1432 2751 1588 2801 Deus.
1616 2750 1818 2803 Illide-

206 2815 498 2876 ridebant,
545 2820 640 2871 ille
675 2821 877 2872 orabat
900 2821 1043 2884 (Luc.
1069 2820 1197 2884 23.).
1222 2821 1308 2873 Illi
1330 2822 1705 2885 infestabant,
1722 2822 1816 2875 ille

207 2889 464 2941 amabat.
490 2891 615 2943 Non
636 2891 941 2943 reddentes
969 2893 1190 2956 (inquit)
1201 2892 1414 2944 malum
1431 2907 1530 2957 pro
1545 2894 1715 2957 malo,
1734 2897 1814 2943 vel

207 2958 585 3013 maledictum
615 2976 716 3028 pro
739 2964 1042 3015 maledicto
1067 2978 1079 3015 :
1119 2964 1219 3015 sed
1244 2965 1561 3017 econtrario
1586 2966 1816 3017 benedi-

205 3035 415 3083 centes
463 3034 634 3094 (Rom.
669 3032 774 3097 19;
812 3034 863 3089 1.
906 3035 1075 3087 Thess.
1102 3034 1191 3099 5.).
1220 3037 1359 3087 Haec
1383 3040 1473 3088 est
1497 3037 1649 3088 enim
1678 3050 1810 3101 per-

230 3103 385 3154 ectio
427 3105 697 3170 caritatis,
735 3106 967 3172 diligere
989 3107 1271 3171 inimicos,
1296 3112 1355 3159 et
1378 3120 1540 3160 orare
1572 3121 1672 3173 pro
1698 3108 1809 3159 illis

202 3174 426 3236 (Matth.
462 3174 554 3239 5.).
599 3180 833 3239 Quando
870 3179 1249 3239 malediceris,
1284 3185 1341 3231 et
1365 3180 1503 3244 quid
1524 3193 1664 3243 agas
1694 3192 1808 3231 non

204 3245 671 3309 habes:quando
701 3250 798 3301 tibi
820 3251 1113 3313 jactantur
1127 3252 1809 3316 opprobria,etcorrigere

204 3329 332 3369 non
355 3319 512 3370 vales
535 3335 551 3367 :
574 3320 717 3371 nihil
743 3322 841 3372 tibi
864 3325 1061 3385 restat,
1092 3323 1203 3374 nisi
1228 3327 1289 3373 ut
1318 3335 1463 3374 ores.
1481 3325 1810 3387 Haecjusto-

204 3401 343 3440 rum
387 3400 547 3441 arma
578 3396 734 3455 sunt,
757 3396 822 3444 ut
858 3393 1073 3445 orando
1104 3394 1354 3445 vincant.
1392 3396 1460 3445 Et
1497 3396 1630 3458 quia
1654 3408 1811 3447 nunc

204 3465 442 3523 tempus
465 3466 554 3514 est
583 3463 780 3515 orandi
812 3469 867 3515 et
891 3465 1154 3528 placandi
1171 3466 1357 3517 Deum
1378 3465 1655 3528 (Eccle.3.),
1680 3467 1810 3518 ideo

206 3531 411 3583 subdit
436 3552 447 3581 :
509 3534 731 3599 Tempus
757 3535 1071 3599 beneplaciti
1096 3537 1253 3587 Deus.
1278 3538 1437 3601 Ecce,
1463 3537 1648 3600 inquit
1671 3539 1807 3589 Pro-'-

203 3602 388 3668 pheta
408 3616 565 3656 nunc
597 3608 826 3669 tempus
838 3608 1188 3670 acceptabile
1215 3621 1373 3659 :ecce
1396 3620 1554 3659 nunc
1578 3609 1699 3660 dies
1717 3622 1810 3661 sa-

202 3674 350 3725 lutis
393 3676 538 3736 (lsai.
577 3677 673 3740 49;
712 3678 763 3732 2.
807 3679 927 3729 Cor.
966 3679 1067 3741 6.).
1103 3680 1274 3730 Venit
1312 3679 1467 3731 enim
1511 3680 1808 3745 plenitudo

204 3746 501 3809 temporis,
527 3747 585 3798 in
602 3760 715 3811 quo
740 3749 896 3800 misit
917 3751 1071 3801 Deus
1095 3750 1301 3801 Filium
1333 3763 1507 3802 suum
1531 3751 1590 3802 in
1624 3752 1807 3816 terris,
1837 3787 1842 3792 -

204 3815 274 3867 in
291 3828 405 3879 quo
427 3817 850 3883 beneplacitum
872 3824 961 3872 est
982 3824 1098 3872 Deo
1124 3822 1425 3883 (Galat.4.),
1442 3827 1498 3873 ot
1521 3836 1620 3887 per
1634 3836 1807 3887 quem

204 3891 454 3954 gratiam
480 3904 645 3943 suam
670 3892 864 3956 generi
885 3893 1041 3944 dedit
1063 3893 1335 3945 humano.
1362 3894 1524 3946 Unde
1548 3900 1604 3946 et
1627 3895 1762 3947 dicit
1786 3907 1800 3949 ε

204 3964 269 4010 in
290 3963 639 4013 multitudine
662 3965 1046 4014 misericordia
1070 3971 1171 4015 tuas
1186 3966 1391 4015 exaudi
1414 3981 1494 4015 me
1517 3967 1579 4015 in
1591 3970 1807 4017 veritate

203 4033 403 4083 salutis
420 4040 535 4086 tuae.
562 4037 707 4086 Nam
733 4037 782 4086 si
812 4050 929 4087 non
952 4040 1106 4088 esset
1144 4036 1455 4088 multitudo
1494 4038 1809 4090 misericor-

205 4104 326 4157 ἀίω
352 4110 485 4171 tum,
513 4107 646 4170 quid
672 4121 779 4159 nos
804 4108 1122 4160 faceremus
1135 4108 1205 4160 de
1218 4108 1806 4175 multitudineiniqui-

208 4176 349 4228 tatis
379 4181 627 4230 nostrte?
650 4182 797 4243 Ergo
828 4179 963 4243 quia
987 4179 1168 4231 direxi
1186 4180 1499 4231 orationem
1522 4193 1710 4232 meam
1733 4182 1802 4233 ad

205 4252 287 4309 te,
334 4249 528 4300 Deus:
562 4251 697 4312 quia
741 4255 969 4315 tempus
1014 4249 1338 4315 complendi
1385 4251 1804 4313 beneplacitum

208 4323 398 4382 tuum,
435 4333 533 4383 per
565 4334 657 4373 me
690 4322 892 4373 redimi
936 4322 1248 4385 hominem,
1289 4333 1463 4384 quem
1494 4320 1752 4374 formasti
1786 4338 1800 4373 :

202 4392 439 4454 propter
448 4390 556 4443 hoc
580 4392 792 4444 exaudi
811 4406 919 4457 me,
944 4406 1062 4444 non
1074 4393 1132 4444 in
1144 4392 1365 4444 meritis
1378 4392 1694 4450 hominum.
1720 4397 1804 4443 sed

202 4461 271 4511 in
294 4461 660 4515 multitudine
682 4464 1091 4516 misericordiae
1110 4468 1245 4529 tum,
1262 4468 1320 4516 et
1342 4463 1585 4515 etiamin
1610 4468 1814 4515 veritate

206 4530 421 4583 salutis
472 4539 591 4586 tuae
621 4549 634 4585 :
681 4539 746 4586 ut
774 4548 875 4600 per
902 4534 1012 4587 hoc
1047 4548 1223 4588 verax
1267 4545 1565 4599 appareas,
1596 4535 1813 4589 scilicet

205 4602 403 4693 dando
428 4605 673 4693 salutem
687 4607 1214 4693 quam‘promisisti'.
1230 4609 1358 4659 Duo
1372 4606 1466 4658 hic
1482 4609 1643 4693 posita
1660 4616 1802 4693 sunt.
1836 4619 1893 4693 Β

201 4676 443 4738 veritas,
470 4682 528 4728 et
551 4678 941 4730 misericordia
966 4693 979 4729 :
1004 4680 1066 4730 in
1099 4679 1311 4742 quibus
1342 4691 1403 4729 se
1427 4680 1679 4742 postulat
1702 4691 1806 4731 ex-

201 4746 419 4799 audiri:
437 4749 498 4800 in
531 4751 743 4813 quibus
767 4755 903 4802 sunt
929 4751 1110 4803 etiam
1133 4751 1421 4802 universae
1451 4748 1562 4800 viae
1584 4751 1813 4801 Domini

206 4818 377 4881 (Psal.
412 4816 539 4886 9.4.).
568 4821 972 4886 Misericordia,
997 4821 1339 4886 dimittenda
1362 4822 1813 4886 peccatasVeri-

206 4885 320 4938 tas,
354 4881 648 4935 reddendo
682 4881 983 4949 promissa.
1022 4885 1130 4937 Sed
1171 4885 1293 4948 jam
1317 4881 1383 4936 in
1411 4895 1526 4947 quo
1550 4882 1689 4937 velit
1710 4898 1813 4938 ex-

199 4952 410 5007 audiri.
437 4954 777 5008 audiamus:

270 5022 532 5090 15.Eripe
555 5040 636 5075 me
653 5026 716 5076 de
732 5025 862 5084 luto,
894 5030 952 5075 ut
974 5041 1088 5076 non
1108 5027 1335 5092 inﬁgar,
1360 5028 1509 5079 Hinc
1533 5040 1597 5080 se
1623 5031 1814 5092 postu-

201 5094 290 5145 lat
314 5094 695 5159 liberandum,
724 5096 823 5147 ubi
847 5110 910 5149 se
942 5102 1078 5149 ante
1102 5098 1251 5149 dixit
1275 5098 1540 5151 infixum.
1568 5102 1638 5150 Et
1663 5110 1809 5162 quos

200 5176 309 5230 per
332 5164 521 5217 lutum
544 5168 804 5231 accipiat,
831 5168 1084 5232 exponit,
1112 5181 1247 5220 cum
1272 5170 1576 5234 subjungit
1594 5169 1810 5220 :Libera

200 5249 290 5285 me
322 5235 389 5285 ab
420 5237 506 5287 his
530 5238 627 5302 qui
656 5238 885 5289 oderunt
917 5254 1019 5304 me,
1043 5245 1090 5289 et
1112 5240 1175 5289 de
1196 5241 1487 5304 profundis
1511 5255 1807 5305 aquarum.

201 5308 455 5372 Reprobi
486 5309 753 5362 homines
785 5316 845 5364 et
874 5310 1065 5363 lutum
1090 5316 1249 5376 sunt,
1274 5312 1413 5364 dum
1443 5316 1655 5364 terram
1679 5312 1806 5364 dili-

198 5385 354 5444 gunt
384 5398 395 5429 :
423 5384 483 5432 et
505 5381 857 5445 profundum
880 5394 1183 5446 aquarum,
1209 5383 1348 5435 dum
1372 5384 1432 5435 in
1447 5384 1717 5448 voragine
1729 5397 1809 5437 re-

200 5450 511 5503 solvuntur
521 5454 839 5506 carnalium
852 5453 1227 5519 voluptatum.
1244 5456 1390 5519 Ergo
1401 5455 1649 5508 haeserat
1659 5472 1807 5507 carne

202 5522 311 5587 (Ea:
333 5524 683 5588 Augustino),
721 5526 822 5578 sed
848 5539 966 5578 non
991 5526 1241 5579 haeserat
1275 5527 1493 5590 spiritu.
1524 5528 1674 5580 Dicit
1696 5529 1806 5581 hoc

199 5606 273 5645 ex
296 5595 633 5647 infirmitate
645 5599 1035 5650 membrorum
1049 5599 1546 5661 suorum.Quando
1566 5601 1705 5653 forte
1721 5614 1807 5653 ca-

198 5667 356 5730 peris
378 5668 455 5718 ab
479 5680 546 5719 eo
568 5670 668 5732 qui
708 5671 762 5722 te
798 5671 1006 5734 premit
1049 5669 1122 5722 ad
1150 5670 1530 5734 iniquitatem,
1576 5677 1807 5726 tenetur

199 5739 439 5801 quidem
451 5751 660 5804 corpus
674 5741 863 5794 tuum:
881 5742 1203 5794 secundum
1216 5755 1443 5807 corpus,
1455 5743 1673 5795 infixus
1685 5762 1736 5794 es
1748 5747 1802 5796 in

199 5811 353 5884 limo
374 5810 663 5884 profundi.
700 5813 808 5865 Sed
838 5813 1115 5876 quamdiu
1140 5826 1256 5865 non
1281 5816 1590 5879 consentis,
1624 5814 1798 5884 347

199 5895 320 5937 non
339 5881 587 5935 haesisti.
614 5883 669 5937 Si
680 5888 874 5939 autem
887 5885 1201 5947 consentis,
1214 5885 1455 5942 hiesisti.
1476 5881 1668 5943 Oratio
1684 5881 1802 5951 ergo

1833 3197 1883 3272 C

1992 604 2075 659 16.
2108 606 2235 655 Non
2277 620 2362 655 me
2384 607 2653 671 demergat
2684 616 2977 677 tempestas
3015 629 3187 677 aqua.
3241 616 3529 668 Demersit

1930 677 2035 739 (Ea:
2057 678 2191 739 eod.)
2220 679 2541 730 secundum
2564 693 2809 733 carnem.
2842 687 2968 736 Non
2992 685 3292 749 demergat
3318 699 3530 739 secun-

1927 749 2067 799 dum
2095 750 2366 800 animam.
2385 750 2569 815 Neque
2592 752 2861 803 absorbeat
2874 770 2958 804 me
2976 757 3340 821 profundum,
3355 758 3528 819 idest,

1926 832 2115 882 neque
2137 820 2387 873 involvat
2408 835 2501 874 me
2526 823 2816 887 iniquitas.
2832 820 3012 889 Neque
3035 834 3225 891 urgeat
3252 843 3414 894 super
3442 844 3526 879 me

1924 897 2182 954 puteusos
2204 907 2387 943 suum.
2412 894 2575 944 Tunc
2592 895 2747 945 enim
2773 908 2943 957 super
2966 897 3254 949 hominem
3269 902 3525 951 coarctat

1929 966 2220 1027 puteusjos
2234 979 2425 1029 suum,
2442 966 2610 1030 idest,
2627 967 2988 1029 profunditas
3000 970 3304 1033 iniquitatis,
3323 974 3526 1032 quando

1925 1048 2042 1085 non
2065 1036 2251 1087 solum
2267 1038 2559 1089 mersusin
2575 1040 2827 1102 peccatis
2835 1040 3009 1102 jacet,
3034 1039 3136 1090 sed
3156 1041 3330 1091 etiam
3342 1042 3531 1105 perdit

1925 1106 2145 1160 aditum
2170 1108 2567 1161 confessionis.
2601 1110 2763 1162 Unde
2798 1111 3078 1175 scriptum
3102 1113 3230 1162 est:
3256 1113 3524 1164 Peccator

1926 1190 2057 1229 cum
2095 1179 2157 1229 in
2194 1180 2545 1245 profundum
2586 1182 2808 1233 venerit
2845 1180 3152 1244 malorum,
3213 1183 3531 1235 contemnit

1927 1250 2103 1311 (Prov.
2152 1250 2276 1315 18.).
2325 1252 2565 1314 Quando
2614 1257 2809 1305 autem
2854 1252 2991 1304 dicit
3032 1253 3225 1317 homo,
3262 1256 3529 1307 Peccator

1928 1334 2059 1372 sum
2086 1322 2374 1374 :radiatur
2388 1323 2581 1388 aliquo
2605 1323 2822 1375 lumine
2845 1324 3017 1376 etiam
3042 1325 3413 1389 profunditas
3434 1338 3532 1390 pu-

1928 1392 2021 1444 tei.
2068 1393 2286 1445 Deinde
2315 1394 2475 1458 ponit
2504 1406 2775 1447 caussam
2811 1408 2989 1459 quare
3011 1396 3223 1449 debeat
3245 1396 3524 1461 exaudiri,

1926 1475 2058 1513 cum
2085 1465 2388 1528 subjungit
2417 1480 2430 1515 :

1989 1533 2075 1588 17.
2108 1535 2337 1585 Exaudi
2360 1552 2461 1598 me,
2485 1537 2640 1596 Deus,
2668 1538 2933 1601 quoniam
2959 1537 3196 1602 benigna
3220 1544 3291 1588 est
3312 1538 3528 1588 miseri-

1924 1605 2109 1654 cordia
2134 1611 2245 1655 tua.
2280 1608 2358 1658 Ea
2382 1620 2515 1671 quas
2549 1609 2650 1659 tibi
2672 1609 3009 1661 naturaliter
3029 1610 3183 1661 inest
3203 1610 3528 1661 misericor-

1927 1676 2036 1741 dia,
2060 1677 2472 1732 benevolentia
2494 1682 2551 1731 et
2573 1681 2773 1745 gratiae
2797 1682 2966 1745 plena
2991 1686 3096 1733 est.
3117 1684 3231 1733 Nec
3245 1685 3523 1731 secundum

1926 1747 2081 1799 illam
2106 1753 2335 1801 tantum
2358 1752 2588 1815 postulo
2611 1753 2890 1816 exaudiri,
2913 1752 3013 1804 sed
3039 1752 3211 1804 etiam
3228 1753 3525 1801 secundum

1925 1819 2329 1870 multitudinem
2355 1823 2770 1873 miserationum
2795 1829 3037 1887 tuarum,
3057 1836 3231 1888 quam
3248 1826 3526 1873 exhibuisli

1925 1892 2184 1953 patribus
2208 1893 2462 1957 antiquis
2482 1912 2491 1943 :
2511 1895 2661 1946 sicut
2672 1896 2790 1947 Noe
2814 1896 2873 1946 in
2902 1895 3139 1957 diluvio,
3157 1894 3308 1946 sicut
3328 1893 3523 1945 Danieli

1922 1962 1983 2014 in
2006 1962 2153 2024 lacu,
2179 1969 2235 2016 et
2256 1963 2383 2016 aliis
2405 1965 2630 2018 multis:
2650 1966 3343 2031 proptermisericordiam
3362 1968 3521 2017 tuam

1923 2038 1981 2085 et
2025 2035 2421 2087 miserationes
2458 2041 2589 2089 tuas
2623 2038 2833 2089 exaudi
2857 2050 2948 2089 me
2976 2053 2988 2089 :
3025 2042 3083 2089 et
3104 2038 3300 2101 respice
3332 2037 3395 2085 in
3418 2050 3519 2087 me.

1924 2108 2175 2167 Quarum
2204 2120 2318 2158 una
2340 2113 2429 2159 est
2453 2109 2787 2161 naturaliter
2805 2111 2865 2160 in
2890 2115 2961 2173 te,
2996 2109 3123 2161 aliae
3145 2109 3207 2160 in
3217 2107 3523 2160 beneﬂcio-

1921 2190 2052 2227 rum
2086 2178 2459 2230 exhibitione.
2486 2180 2746 2243 Respice,
2771 2181 3031 2244 inquam,

1986 2246 2071 2301 18.
2098 2248 2163 2296 Et
2193 2264 2260 2297 ne
2282 2256 2509 2313 avertas,
2536 2254 2833 2313 tamquam
2857 2251 3058 2310 iratus,
3089 2250 3284 2313 faciem
3310 2253 3463 2298 tuam
3485 2266 3522 2299 a

1920 2333 2087 2382 puero
2125 2325 2233 2385 tuo,
2274 2320 2441 2382 idest,
2466 2334 2500 2371 a
2532 2333 2705 2385 parvo
2730 2324 2848 2373 tuo.
2885 2321 2974 2374 Ad
2999 2319 3519 2372 commendandum

1920 2388 2029 2440 hoc
2054 2389 2206 2441 dicit.
2237 2389 2461 2443 Talium
2477 2398 2569 2443 est
2592 2392 2746 2443 enim
2768 2396 2992 2443 amator
3015 2392 3188 2443 Deus.
3217 2390 3391 2443 Sinite
3413 2391 3521 2451 (in-

1921 2461 2062 2524 quit)
2089 2462 2356 2525 parvulos
2378 2463 2570 2514 venire
2590 2463 2664 2514 ad
2687 2476 2796 2527 me,
2821 2463 2920 2527 qui
2947 2463 3148 2514 talium
3169 2466 3260 2514 est
3277 2473 3522 2526 regnum

1919 2531 2191 2584 calorum
2218 2533 2401 2596 (Marc.
2428 2534 2553 2598 10.).
2582 2535 2865 2586 Dominus
2890 2539 3087 2586 noster
3108 2535 3295 2585 dictus
3307 2541 3380 2583 est
3395 2548 3522 2593 puer

1918 2614 1952 2653 a
1985 2604 2249 2667 puritate,
2266 2616 2301 2654 a
2324 2604 2705 2667 simplicitate,
2723 2607 2796 2657 ab
2821 2606 3165 2657 innocentia.
3186 2605 3350 2656 Tales
3369 2607 3520 2653 etiam

1917 2674 2044 2726 vult
2066 2688 2171 2726 nos
2196 2688 2347 2727 esse.
2378 2675 2541 2727 Unde
2570 2680 2628 2728 et
2654 2676 2820 2728 dicit:
2851 2677 2973 2727 Nisi
2997 2676 3257 2728 conversi
3280 2674 3515 2736 fueritis,

1915 2751 1975 2798 et
2003 2745 2331 2797 efﬁciamini
2356 2747 2506 2797 sicut
2537 2747 2809 2810 parvulus
2833 2748 2961 2810 iste,
2986 2760 3103 2799 non
3127 2747 3419 2799 intrabitis
3458 2748 3518 2798 in

1914 2830 2155 2881 regnum
2194 2818 2466 2869 cmlorum
2494 2819 2704 2881 (Matth.
2730 2818 2855 2881 18.).
2880 2818 3046 2870 Ponit
3068 2822 3126 2869 et
3148 2818 3317 2870 aliam
3350 2829 3515 2873 caus-

1914 2899 2059 2952 sam,
2087 2888 2286 2940 dicens
2310 2910 2323 2941 :
2346 2890 2609 2953 quoniam
2635 2889 2879 2953 tribulor,
2905 2889 3145 2939 velociter
3172 2890 3373 2939 exaudi
3406 2904 3511 2942 me.

1912 2960 2135 3011 Moveat
2157 2964 2213 3011 te
2246 2960 2640 3012 misericordia
2672 2966 2772 3013 tua
2803 2974 2814 3011 :
2842 2962 3072 3013 moveat
3098 2960 3332 3012 miseria
3356 2972 3506 3011 mea.

1909 3031 2094 3081 instat
2124 3030 2429 3082 tribulatio.
2456 3033 2690 3095 Propter
2712 3032 2818 3084 hoc
2842 3045 2989 3097 opus
3012 3037 3122 3094 est,
3145 3037 3211 3083 ut
3233 3031 3397 3084 velox
3420 3042 3511 3083 ve-

1910 3104 2033 3155 niat
2054 3108 2154 3155 tua
2176 3103 2509 3156 consolatio.
2532 3104 2779 3155 Velociter
2790 3117 2923 3169 ergo
2940 3104 3144 3153 exaudi
3164 3119 3263 3155 me.
3296 3104 3507 3160 Quando

1911 3176 2193 3227 Dominus
2219 3176 2493 3240 permittit
2514 3178 2615 3227 aut
2632 3175 2764 3228 facit
2783 3179 2848 3227 ut
2863 3175 2922 3227 in
2938 3175 3303 3227 tribulatione
3315 3174 3509 3237 aliqua

1912 3247 2115 3310 simus,
2141 3249 2313 3299 etiam
2339 3252 2478 3298 tunc
2494 3248 2817 3298 misericors
2832 3248 3091 3297 est..Non
3104 3246 3259 3297 enim
3270 3245 3508 3297 alimen-

1911 3323 2035 3369 tum
2060 3318 2365 3379 subtrahit,
2393 3318 2493 3370 sed
2519 3318 2868 3370 desiderium
2893 3323 3100 3369 movet.
3119 3320 3247 3368 Jam
3264 3329 3399 3382 ergo
3416 3316 3507 3368 ul-

1912 3395 1997 3441 tra
2020 3403 2137 3441 non
2170 3393 2258 3442 est
2291 3391 2446 3454 quod
2471 3390 2717 3442 (litteras.
2752 3390 3022 3441 Pervenit
3062 3387 3351 3440 tribulatio
3379 3400 3511 3439 mea

1908 3461 1980 3513 ad
2004 3475 2335 3513 mensuram
2349 3468 2563 3514 certam
2582 3461 2940 3514 calamitatis.
2960 3460 3168 3513 Veniat
3197 3459 3512 3512 misericor-

1909 3534 2000 3585 dia
2027 3538 2127 3585 tua
2150 3534 2223 3585 ad
2248 3533 2568 3585 faciendum
2599 3546 2745 3597 opus
2768 3532 3059 3585 bonitatis.
3086 3532 3218 3583 Dixi
3242 3544 3315 3583 ne
3339 3543 3508 3583 aver-

1911 3610 1998 3656 tas
2024 3605 2224 3672 faciem
2248 3610 2430 3668 tuam,
2457 3604 2561 3656 sed
2592 3605 2804 3671 potius.

1970 3676 2055 3731 19.
2091 3677 2308 3726 Intende
2330 3677 2531 3726 animae
2563 3692 2687 3726 meae
2719 3681 2765 3725 et
2789 3675 2956 3725 libera
2972 3689 3110 3739 eam,
3146 3673 3316 3738 idest,
3349 3673 3510 3725 intus

1909 3747 2206 3812 diligenter
2228 3748 2467 3813 inspice,
2481 3761 2613 3813 quis
2625 3748 2700 3799 sit
2716 3748 2778 3799 in
2793 3747 2988 3798 anima
3008 3758 3139 3798 mea
3149 3746 3332 3797 virtus
3341 3758 3509 3797 man-

1911 3819 2254 3880 suetudinis,
2280 3832 2413 3883 quae
2435 3820 2655 3885 puritas
2678 3818 3017 3871 intentionis
3040 3838 3053 3871 :
3082 3822 3149 3869 ut
3172 3817 3281 3868 hoc
3304 3817 3379 3867 sit
3397 3829 3512 3869 me-

1909 3891 2082 3941 ritum
2117 3902 2263 3942 mete
2286 3890 2659 3942 liberationis.
2681 3893 2750 3941 Et
2772 3903 2889 3941 non
2914 3892 3143 3954 propter
3155 3900 3247 3940 me
3259 3893 3508 3953 tantum,

1907 3961 2009 4013 sed
2032 3962 2204 4013 etiam
2248 3968 2466 4026 priipter
2494 3963 2749 4011 inimicos
2791 3976 2934 4011 meos
2960 3966 3103 4026 ertpe
3126 3975 3226 4011 me.
3255 3961 3399 4011 Nam
3422 3959 3517 4011 in-

1907 4032 2148 4096 dignum
2181 4032 2345 4083 valde
2375 4037 2547 4094 esset,
2577 4033 2624 4082 si
2660 4036 2957 4094 tamquam
2992 4032 3236 4082 victores
3273 4030 3344 4081 de
3382 4042 3513 4082 mea

1906 4103 2225 4165 gauderent
2255 4102 2542 4165 passione.
2572 4100 2675 4153 Vel
2699 4106 2931 4165 propter
2952 4101 3316 4152 inimicorum
3349 4112 3514 4151 meo-

1912 4185 2040 4225 rum
2066 4172 2310 4224 salutem
2336 4175 2488 4235 eripe
2511 4185 2624 4235 me,
2648 4177 2714 4223 ut
2737 4184 2871 4222 cum
2895 4184 3084 4224 meam
3108 4171 3512 4223 viderintlibe—

1910 4244 2190 4296 rationem
2219 4248 2278 4295 et
2297 4242 2791 4306 glorificationem,
2806 4246 3213 4294 convertantur
3233 4242 3305 4292 ab
3322 4253 3511 4292 errore

1909 4320 1967 4368 et
1997 4315 2305 4367 salventur.
2324 4317 2395 4367 Et
2411 4314 2589 4368 debes
2614 4316 2830 4379 eripere
2849 4332 2860 4364 :
2877 4318 2938 4366 tu
2949 4314 3104 4365 enim
3121 4313 3277 4363 nosti
3292 4316 3512 4376 quanta

1906 4400 2008 4452 pro
2036 4392 2133 4439 tuo
2156 4399 2351 4439 amore
2379 4387 2650 4438 sustinui.

1973 4457 2059 4513 20.
2093 4459 2168 4507 Tu
2186 4458 2288 4507 scis
2313 4459 2707 4522 improperium
2727 4470 2924 4516 meum,
2940 4454 3108 4516 idest,
3131 4465 3308 4517 quam
3326 4452 3514 4517 turpia

1910 4530 2083 4582 verba
2104 4528 2247 4580 mihi
2269 4528 2602 4580 intulerunt.
2638 4527 2706 4578 Et
2730 4526 3100 4589 confusionem
3122 4538 3320 4587 meam,
3335 4536 3511 4588 quam

1916 4600 2055 4651 mihi
2089 4599 2539 4663 imputaverunt.
2587 4599 2654 4649 Et
2695 4597 3050 4649 reverentiam
3094 4610 3290 4646 meam.
3325 4596 3511 4657 Quam

1913 4670 2296 4737 ignominiose
2323 4683 2417 4722 me
2440 4673 2853 4723 tractaverunt.
2884 4670 2968 4721 De
2990 4667 3120 4719 falsi
3142 4666 3397 4719 criminis
3408 4666 3513 4716 ob-

1906 4743 2156 4808 jectione
2190 4744 2545 4803 erubescere,
2574 4755 2694 4794 non
2727 4743 2817 4794 est
2839 4740 3075 4792 crimen.
3111 4742 3229 4791 Aut
3259 4737 3369 4789 etsi
3401 4737 3511 4789 cri-

1911 4827 2047 4867 men
2063 4818 2278 4866 estnon
2290 4819 2380 4866 est
2396 4814 2550 4865 illius
2565 4815 2659 4867 cui
2674 4812 3073 4878 objicitur.Sed
3090 4811 3512 4864 tameninﬁrmi-

1913 4890 2001 4938 tas
2024 4885 2264 4938 humani
2290 4886 2467 4937 animi
2492 4887 2831 4951 plerumque
2862 4882 3038 4952 348
3087 4881 3512 4936 verecundatur

1910 4957 2099 5018 etiam,
2124 4970 2258 5009 cum
2271 4956 2484 5009 falsum
2502 4958 2797 5023 objicitur:
2818 4969 2932 5009 non
2950 4956 3088 5020 quia
3098 4957 3388 5019 objectum
3399 4957 3507 5015 est,

1910 5028 2012 5081 sed
2037 5028 2170 5093 quia
2194 5029 2492 5081 creditum.
2518 5029 2727 5081 Omnia
2748 5028 2875 5081 hmo
2898 5032 3037 5080 sunt
3055 5028 3116 5079 in
3139 5039 3372 5092 corpore
3393 5026 3509 5076 Do-

1908 5100 2068 5151 mini.
2098 5101 2187 5153 Me
2210 5100 2376 5153 vides
2392 5100 2689 5162 afﬂictum,
2716 5103 2773 5152 et
2801 5113 2902 5153 eos
2926 5100 3100 5152 etiam
3124 5098 3221 5163 qui
3242 5096 3509 5160 affligunt

1907 5171 2084 5224 vides.

1970 5242 2055 5298 21.
2087 5245 2150 5295 In
2193 5248 2471 5309 conspectu
2504 5250 2594 5294 tuo
2628 5249 2756 5295 sunt
2780 5257 2966 5294 omnes
2990 5241 3087 5307 qui
3118 5238 3501 5291 tribulantme.

1906 5314 1992 5393 illi
2019 5316 2290 5393 tribulant
2306 5331 2318 5368 :
2345 5329 2453 5393 ego
2469 5315 2898 5393 tribu_lor_._l_nter_
2909 5319 3221 5393 utrumque
3232 5315 3295 5362 tu
3306 5311 3506 5393 inspec-

1908 5390 1995 5439 tor
2017 5393 2076 5440 et
2098 5389 2323 5462 arbiter.
2350 5388 2598 5462 Attende
2611 5388 2671 5440 in
2688 5387 2800 5462 illis
2821 5385 3184 5462 injustitiam,
3209 5385 3269 5434 in
3290 5385 3505 5462 mein-

1906 5461 2264 5512 nocentiam:
2291 5465 2347 5513 et
2368 5461 2682 5524 unicuique
2709 5460 2881 5524 juxta
2902 5456 3107 5509 merita
3126 5466 3233 5505 sua
3251 5452 3503 5505 retribue

1906 5532 2114 5605 (Matth.
2148 5532 2273 5595 16.).
2289 5534 2361 5605 Et
2382 5546 2455 5583 ne
2475 5533 2763 5605 videretur
2789 5528 3042 5605 tribulari
3068 5531 3361 5605 tamquam
3385 5536 3505 5605 non

1904 5602 2184 5667 praescius
2204 5606 2263 5655 et
2285 5603 2538 5668 ignarus,
2553 5603 2826 5654 continuo
2845 5600 3053 5666 adjecit
3070 5612 3082 5647 :
3099 5598 3502 5663 Improperium

1902 5675 2219 5739 exspectavit
2245 5690 2336 5724 cor
2350 5690 2530 5725 meum
2559 5679 2605 5724 et
2626 5672 3053 5749 miseriam.qu
3083 5682 3261 5737 meum
3283 5681 3497 5749 exspec-

1904 5746 2051 5804 tavit,
2074 5746 2245 5808 idest,
2267 5745 2534 5798 voluntas
2565 5756 2696 5797 mea
2714 5744 2982 5810 praevidit
3006 5743 3416 5806 improperium
3438 5743 3495 5790 in

1902 5817 2088 5880 dictis,
2115 5818 2405 5869 miseriam
2434 5817 2489 5868 in
2511 5816 2697 5868 factis.
2727 5816 2849 5867 Nisi
2871 5815 3028 5867 enim
3050 5814 3160 5866 hoc
3178 5812 3496 5876 ipsepraevi-

1901 5888 2083 5942 disset
2105 5892 2163 5942 et
2181 5888 2481 5951 voluisset,
2508 5899 2627 5939 non
2638 5887 2840 5951 utique
2852 5889 3205 5945 nasceretur,
3216 5893 3331 5934 non
3345 5885 3495 5944 pate-
