3880 6222
386 257 490 312 927

383 375 560 450 retur,
585 383 704 450 non
723 373 1064 450 moreretur.
1084 369 1391 450 S_ed_cuju_s
1415 370 1706 450 miseriam
1722 371 1991 450 praevidit
2013 377 2068 450 Α

383 442 664 493 Dominus
679 444 706 492 ?
723 444 985 506 Ipsorum
1005 441 1254 504 profecto
1273 442 1672 493 tribulantium
1691 445 1864 506 atque
1880 459 1992 493 cru-

384 513 756 577 ciﬁgentium.
785 516 849 564 In
873 514 1015 577 ipsis
1040 514 1292 576 miseria,
1327 513 1387 564 in
1422 514 1547 577 ipso
1580 514 1989 568 misericordia.

385 585 548 640 Unde
564 590 621 637 et
642 585 894 649 pendens
914 585 972 635 in
997 597 1185 647 cruce,
1211 584 1384 636 dixit:
1409 587 1591 648 Pater,
1612 587 1846 645 ignosce
1863 589 1989 650 illis,

386 659 524 721 quia
538 657 809 708 nesciunt
832 657 969 719 quid
995 656 1215 708 faciunt
1235 657 1378 717 (Luc.
1404 656 1532 720 ‘23.).
1549 658 1812 709 Timeant
1836 661 1992 717 igitur

385 741 589 780 omnes
607 729 702 792 qui
719 727 859 778 alios
877 727 1168 788 tribulant,
1189 730 1460 791 quoniam
1477 729 1538 780 in
1554 734 1868 792 conspectu
1888 731 1990 781 Dei

385 805 540 851 sunt.
569 800 747 862 Cujus
763 799 1078 850 vindictam
1102 800 1348 852 evadere
1365 813 1482 852 non
1507 806 1772 864 possunt.
1792 803 1861 852 Et
1884 801 1993 865 ipsi

385 873 483 934 qui
514 873 666 923 mala
695 871 986 934 ingerunt,
1029 878 1328 923 remanent
1357 873 1571 924 miseri.
1607 875 1749 924 Nam
1773 874 1873 936 qui
1898 887 1989 938 pa-

384 943 606 994 tiuntur
637 948 866 1008 propter
887 943 1195 1007 justitiam,
1234 945 1385 995 beati
1423 946 1631 1007 (Matth.
1661 943 1749 1008 5.).
1784 946 1991 996 Dixisti

384 1015 570 1072 nobis,
590 1015 680 1078 pie
710 1015 968 1076 Domine,
997 1015 1135 1078 quid
1163 1016 1439 1080 patereris
1478 1016 1616 1067 foris
1645 1030 1657 1064 :
1683 1017 1991 1068 manifesta

385 1086 554 1136 etiam
576 1085 713 1148 quid
737 1086 894 1136 intus
912 1087 1222 1137 anxietatis
1251 1087 1538 1139 habueris.
1562 1089 1628 1137 Et
1643 1088 1881 1136 sustinui
1901 1090 1991 1151 (in-

385 1155 532 1219 quit)
550 1156 646 1219 qui
661 1157 825 1205 simul
849 1158 1280 1221 contristaretur,
1301 1164 1346 1206 et
1367 1174 1479 1206 non
1508 1159 1617 1221 fuit
1645 1175 1655 1206 :
1685 1163 1728 1206 et
1753 1159 1851 1221 qui
1873 1173 1992 1207 con-

381 1227 648 1276 solaretur
670 1234 718 1276 et
741 1243 854 1276 non
884 1229 1089 1276 inveni.
1128 1230 1273 1291 Quid
1297 1234 1387 1282 est
1418 1229 1528 1280 hoc
1556 1232 1582 1279 ?
1608 1230 1812 1280 Nonne
1836 1233 1992 1292 Apo-

386 1298 606 1350 stolide
628 1299 853 1351 Domini
871 1305 1054 1352 morte
1073 1305 1212 1352 sunt
1235 1301 1599 1352 contristati?
1615 1303 1816 1352 Nonne
1839 1304 1991 1350 Maria

385 1369 458 1421 ad
476 1376 920 1423 monumentum
939 1371 1101 1423 sedet
1120 1377 1174 1423 et
1191 1372 1410 1436 plorat?
1426 1375 1627 1423 Nonne
1643 1372 1870 1423 duobus
1889 1376 1992 1421 Dis-

385 1441 588 1504 cipulis
626 1442 742 1503 ipse
785 1443 1065 1494 Dominus
1103 1443 1240 1494 dicit
1277 1444 1337 1494 in
1373 1444 1498 1494 via:
1528 1443 1673 1504 Quid
1709 1447 1799 1494 est
1837 1444 1990 1505 quod

385 1512 657 1564 confertis
694 1514 766 1565 ad
809 1515 1052 1566 invicem
1099 1514 1486 1572 ambulantes,
1526 1520 1582 1565 et
1619 1517 1760 1566 estis
1799 1516 1992 1566 tristes

387 1585 537 1648 (Luc,
562 1583 688 1648 24.).
715 1588 737 1631 ?
764 1585 874 1637 Sed
905 1586 1232 1638 contristati
1273 1591 1437 1637 erant
1469 1585 1541 1637 de
1571 1590 1753 1637 morte
1787 1587 1990 1638 carnis.

386 1654 554 1706 Solus
581 1669 715 1708 vero
738 1657 1023 1708 Dominus
1049 1657 1424 1708 contristatus
1451 1662 1540 1708 est
1562 1657 1633 1709 de
1661 1659 1844 1709 morte
1873 1658 1997 1709 ani-

386 1740 540 1821 ma:
655 1728 764 1821 hoc
776 1728 1068 1821 'vAidelicet,
1093 1729 1248 1821 quod
1271 1742 1482 1821 omnes
1494 1730 1910 1821 permanebant
1938 1730 1995 1813 in
2017 1748 2069 1821 B

385 1798 742 1852 inﬁdelitate.
775 1801 910 1852 Ideo
928 1814 1045 1852 non
1062 1802 1159 1860 ait,
1179 1802 1285 1863 Qui
1303 1802 1761 1862 contristaretur,
1786 1805 1870 1850 sed
1897 1804 1995 1865 qui

386 1871 553 1920 simul
575 1873 795 1935 (inquit)
822 1874 1252 1936 contristarctur,
1273 1874 1544 1935 sustinui,
1572 1873 1738 1935 idest,
1753 1887 1994 1939 exspec-

388 1942 525 2005 tavi,
553 1948 612 1994 et
634 1956 751 1994 non
779 1944 899 1995 fuit.
933 1944 1092 1995 Multi
1116 1945 1267 1996 enim
1286 1947 1608 1996 contristati
1633 1951 1770 1997 sunt
1794 1959 1997 1999 carna-

387 2010 546 2064 liter:
575 2015 772 2064 nullus
789 2018 984 2064 autem
1005 2016 1396 2078 spiritualiter,
1416 2016 1530 2066 nisi
1547 2016 1670 2079 ipse
1689 2017 1866 2068 solus.
1890 2022 1993 2068 Ma-

388 2096 503 2145 gna
525 2097 753 2147 quoque
778 2084 856 2134 illi
881 2091 1037 2137 esset
1071 2086 1406 2148 consolatio,
1446 2087 1494 2137 si
1519 2099 1669 2149 quos
1691 2088 1750 2138 in
1777 2101 1839 2139 se
1873 2101 1995 2140 cre-

389 2153 593 2205 dentes
630 2155 935 2205 inveniret.
978 2156 1141 2216 Quod
1185 2156 1320 2218 quia
1365 2169 1482 2206 non
1534 2157 1776 2219 invenit,
1825 2161 1994 2222 quasi

391 2226 795 2286 conquerenda
813 2226 1159 2289 ingemiscit.
1181 2227 1342 2278 Unde
1366 2231 1424 2278 et
1445 2227 1637 2278 adhuc
1663 2229 1990 2294 subjungit:

452 2294 538 2348 22.
567 2295 635 2344 Ει
657 2295 919 2344 dederunt
946 2298 1001 2344 in
1029 2313 1204 2346 escam
1242 2313 1419 2347 meam
1461 2299 1549 2360 fel,
1589 2305 1634 2347 et
1663 2300 1718 2347 in
1756 2303 1847 2349 siti
1875 2317 1994 2351 mea

388 2371 708 2430 potaverunt
730 2382 812 2415 me
833 2373 992 2416 aceto.
1013 2370 1136 2419 Non
1153 2368 1434 2420 dederunt
1451 2369 1593 2420 mihi
1609 2370 1782 2422 alium
1802 2373 1994 2424 cibum

389 2437 481 2488 vel
504 2443 726 2501 potum,
744 2438 856 2488 nisi
872 2443 1100 2490 acetum
1119 2454 1250 2490 cum
1269 2441 1394 2491 felle
1421 2441 1688 2492 mixtum.
1718 2444 1784 2493 Et
1814 2443 1923 2495 hoc
1938 2448 1998 2493 ﬂ-

388 2520 534 2573 gura
556 2509 678 2559 fuit.
710 2511 992 2561 Dominus
1025 2512 1254 2563 sitiebat
1277 2525 1474 2563 eorum
1514 2513 1781 2578 salutem,
1810 2521 1866 2566 et
1889 2517 1998 2579 ipsi

389 2580 770 2643 propinabant
793 2582 842 2632 ei
867 2583 1312 2634 amaritudinem
1337 2588 1395 2634 et
1422 2588 1795 2636 vetustatem.
1820 2588 1918 2638 Fel
1941 2593 1998 2639 et

389 2656 617 2723 acetum
647 2653 757 2711 (Ea:
781 2654 1098 2716 Augustino)
1129 2654 1320 2705 adhuc
1356 2655 1604 2706 oﬁ‘erunt
1627 2657 1872 2718 Christo,
1898 2661 1996 2723 qui

391 2721 539 2774 male
556 2723 824 2787 vivendo,
850 2725 1189 2776 scandalum
1206 2725 1460 2777 inferunt
1487 2727 1776 2779 Ecclesiaa.
1805 2721 1994 2782 Minus

391 2793 543 2844 enim
561 2802 949 2858 peccaverunt
963 2797 1154 2848 Judaei
1173 2798 1573 2862 cruciﬁgentes
1591 2799 1648 2849 in
1664 2804 1812 2851 terra
1827 2805 2000 2851 ambu-

391 2863 628 2926 lantem,
650 2879 822 2930 quam
851 2869 948 2932 qui
976 2874 1356 2920 contemnunt
1378 2871 1438 2920 in
1462 2869 1605 2922 caelo
1631 2871 1993 2926 residentem.

392 2936 738 2990 Obtulerunt
757 2940 1072 3002 potandum
1090 2940 1180 3001 fel,
1200 2943 1461 3003 gustavit
1479 2943 1761 2994 Dominus
1773 2953 1817 2992 et
1835 2947 2000 2993 noluit

387 3007 581 3059 bibere
609 3011 800 3064 (Marc.
828 3011 954 3073 15.).
982 3013 1038 3062 Si
1062 3025 1178 3062 non
1217 3026 1317 3064 eos
1353 3018 1695 3078 pateremur.
1739 3029 1845 3068 nec
1869 3029 1994 3067 om-

387 3078 526 3130 nino
541 3085 926 3144 gustaremus.
947 3084 1092 3143 Quia
1109 3097 1244 3136 vero
1261 3098 1498 3137 necesse
1515 3091 1602 3137 est
1623 3101 1720 3138 eos
1745 3089 1881 3152 pati,
1901 3103 1990 3136 ne-

387 3163 552 3203 cesse
575 3157 664 3203 est
687 3167 787 3205 eos
812 3160 1065 3219 gustare.
1094 3155 1205 3208 Sed
1230 3157 1366 3220 quia
1385 3157 1444 3208 in
1477 3159 1756 3210 membris
1780 3159 1988 3210 Christi

389 3221 532 3273 tales
556 3236 687 3276 esse
711 3239 829 3277 non
862 3231 1128 3290 possunt,
1159 3228 1382 3290 gustari
1402 3233 1667 3293 possunt,
1693 3231 1750 3280 in
1785 3244 1992 3294 corpus

387 3295 557 3356 recipi
575 3309 692 3346 non
708 3303 974 3360 possunt.
998 3300 1065 3350 Et
1083 3300 1217 3363 quia
1240 3299 1450 3350 malam
1469 3313 1663 3352 escam
1689 3302 1991 3366 dederunt,

388 3366 591 3417 merito
615 3369 675 3418 in
699 3382 833 3420 esca
853 3371 1039 3432 puniti
1064 3373 1218 3422 sunt.
1251 3371 1415 3422 Unde
1439 3377 1496 3422 et
1531 3373 1797 3424 subditur
1823 3389 1834 3421 :

451 3435 538 3490 23.
598 3440 718 3487 Fiat
767 3455 956 3489 mensa
996 3457 1184 3491 eorum
1235 3458 1421 3491 coram
1453 3444 1584 3506 ipsis
1619 3446 1680 3493 in
1720 3445 1990 3509 laqueum.

390 3507 652 3580 Mensam
672 3522 868 3560 eorum
894 3509 1030 3561 dicit
1066 3512 1416 3574 Scripturam
1451 3525 1695 3577 sacram,
1721 3507 1892 3580 quam
1921 3517 1993 3568 ad

391 3578 714 3629 animarum
757 3581 1120 3632 refectionem
1169 3587 1470 3646 paraverat
1513 3585 1595 3635 eis
1640 3578 1814 3638 Deus.
1855 3589 1993 3640 Haec

392 3661 594 3720 mensa
623 3649 771 3720 facta
801 3656 889 3701 est
925 3651 1036 3701 illis
1062 3652 1123 3702 in
1158 3652 1450 3715 laqueum,
1477 3658 1612 3718 quia
1641 3670 1712 3708 ex
1738 3659 1864 3720 ipsa
1888 3672 1996 3710 sua

390 3719 513 3782 lege
530 3719 837 3782 capiuntur
851 3736 884 3771 a
901 3721 1261 3780 Christianis,
1280 3729 1336 3774 et
1351 3719 1772 3780 convincuntur
1787 3743 1990 3782 errare.

390 3792 785 3862 Quarecoram
810 3792 953 3856 ipsis
974 3797 1000 3844 ?
1017 3794 1164 3845 Sunt
1188 3795 1344 3845 enim
1367 3797 1526 3860 tales,
1553 3799 1653 3862 qui
1677 3803 1991 3860 iniquitatem

393 3873 557 3912 suam
573 3860 918 3926 intelligunt,
947 3863 1122 3933 349
1151 3869 1206 3916 et
1225 3871 1422 3918 tamen
1439 3868 1495 3918 in
1514 3860 1588 3921 ea
1600 3875 1995 3931 pertinacissime

391 3939 762 4003 perseverant
789 3950 800 3983 :
828 3940 884 3987 et
906 3937 1178 4000 laqueum
1204 3945 1437 4003 norunt,
1466 3943 1522 3991 et
1567 3943 1815 3994 tenenda
1852 3944 1994 3996 colla

394 4002 724 4066 subjiciunt.
749 4007 872 4058 Fiat
898 4008 963 4056 Et
987 4010 1048 4057 in
1071 4009 1479 4059 retributionem
1503 4012 1606 4074 eis,
1635 4019 1699 4063 ut
1723 4015 1873 4066 mala
1906 4029 1994 4068 re-

393 4075 625 4151 cipiant,
655 4089 756 4140 pro
793 4079 982 4143 malis,
1021 4086 1079 4132 et
1117 4081 1216 4144 qui
1239 4093 1341 4145 per
1365 4080 1552 4146 legem
1593 4091 1992 4151 peccaverunt,

393 4146 706 4210 puniantur
719 4162 817 4212 per
832 4151 1034 4214 legem.
1052 4153 1231 4203 Fiatet
1257 4153 1314 4199 in
1333 4146 1671 4203 scandalum.
1689 4158 1849 4217 Quod
1866 4146 1994 4208 enim

394 4219 586 4292 majus
612 4220 948 4274 scandalum
977 4223 1203 4276 Judaeis
1236 4223 1356 4275 ﬁeri
1383 4226 1588 4288 potuit,
1630 4240 1805 4290 quam
1843 4230 1997 4292 quod

394 4289 579 4340 Deum
605 4295 662 4342 et
684 4293 1029 4346 salvatorem
1061 4307 1254 4355 suum,
1281 4307 1454 4357 quem
1483 4295 1578 4348 lex
1619 4289 1676 4349 et
1700 4289 1996 4363 preplietae

395 4363 950 4427 prtenuntiaverunt,
970 4366 1343 4430 postmodum
1359 4369 1557 4420 caecati
1575 4371 1792 4421 malitia
1814 4372 1996 4422 cruci-

395 4432 650 4486 ﬁxerunt
674 4439 700 4485 ‘P
721 4437 868 4488 Hinc
899 4439 1116 4489 Paulus
1141 4438 1256 4489 ait:
1283 4439 1672 4491 Praedicamus
1704 4442 1996 4494 Christum

395 4505 753 4570 cruciﬁxum,
772 4509 1014 4568 Judaais,
1036 4510 1271 4574 quidem
1290 4510 1628 4563 scandalum
1657 4512 1707 4566 1.
1734 4514 1746 4578 (
1754 4514 1872 4564 Cor.
1900 4514 1988 4572 1.).

396 4577 519 4628 Hoc
542 4585 738 4631 autem
776 4581 932 4644 quod
956 4581 1054 4645 ait,
1087 4582 1229 4646 Fiat,
1255 4595 1372 4633 non
1409 4584 1658 4647 optando
1692 4584 1864 4636 dicit:
1891 4587 1992 4638 sed

394 4649 790 4721 prophetando
821 4668 831 4700 :
859 4664 974 4702 non
996 4658 1061 4703 ut
1087 4653 1205 4714 ﬁat,
1233 4653 1335 4706 sed
1367 4655 1500 4718 quia
1522 4656 1638 4707 ﬁet.
1668 4658 1782 4708 Nec
1803 4661 1995 4721 potest

394 4719 560 4771 aliter
591 4721 723 4784 nisi,
751 4727 816 4773 ut
849 4722 1059 4774 talibus
1087 4725 1200 4776 ista
1236 4727 1525 4777 eveniant.
1557 4730 1700 4778 Cum
1723 4719 1993 4779 audimus

395 4791 504 4842 dici
530 4804 630 4856 per
651 4793 914 4855 spiritum
934 4795 1037 4846 Dei
1059 4796 1194 4848 talia
1208 4802 1482 4849 eventura
1506 4798 1690 4857 malis,
1714 4799 1786 4850 ad
1810 4799 1919 4851 hoc
1935 4801 1994 4852 in

391 4861 505 4913 illis
531 4861 656 4915 haec
681 4863 1089 4930 intelligamus,
1113 4872 1179 4920 ut
1193 4881 1301 4920 nos
1328 4869 1465 4920 talia
1488 4869 1834 4922 devitemus.
1851 4874 1990 4920 Mali-

397 4935 476 4988 tia
497 4935 734 4999 inquam
752 4937 879 4988 illos
913 4939 1268 4991 excaacavit:
1302 4945 1358 4992 et
1376 4939 1501 4992 ideo
1529 4941 1867 5005 subjungit:

459 5005 552 5062 24.
595 5008 950 5060 Obscurentur
985 5012 1127 5061 oculi
1167 5026 1352 5060 eorum
1390 5027 1456 5060 ne
1483 5013 1716 5063 videant.
1755 5015 1812 5065 Si
1841 5014 1992 5065 enim

397 5080 819 5145 cognovissent,
838 5094 1158 5145 numquam
1176 5083 1483 5133 Dominum
1509 5082 1704 5147 glorise
1719 5088 1995 5134 cruciﬁxis-

397 5157 527 5204 sent
557 5152 624 5212 (1.
657 5153 778 5204 Cor.
809 5151 900 5216 2.).
939 5153 1192 5203 Primum
1228 5158 1547 5216 peccatum,
1581 5156 1848 5218 superbia
1873 5158 1992 5220 (Ec-

395 5223 479 5272 cli.
527 5222 651 5287 10.).
693 5225 880 5275 Prima
925 5235 1099 5286 pana
1135 5224 1374 5286 peccati,
1409 5224 1734 5277 obscuritas
1783 5227 1990 5279 cordis.

394 5295 537 5357 Quia
573 5297 806 5360 superbi
832 5299 1009 5358 erant,
1041 5294 1179 5346 caeci
1198 5294 1335 5345 facti
1361 5300 1514 5346 sunt.
1543 5297 1704 5349 Unde
1729 5301 1994 5361 protinus

394 5366 698 5418 subditur:
738 5368 804 5416 Et
851 5367 1072 5416 dorsum
1111 5381 1297 5415 eorum
1335 5381 1543 5432 semper
1582 5369 1831 5420 incurva.
1873 5372 1994 5422 Hoc

392 5438 546 5489 enim
571 5450 796 5503 semper
812 5439 1175 5502 subsequens
1201 5443 1304 5502 est,
1330 5442 1397 5490 ut
1423 5439 1468 5490 si
1495 5439 1696 5491 oculus
1725 5444 1938 5493 mentis
1961 5457 1995 5494 a

395 5521 644 5571 superno
667 5509 883 5562 lumine
909 5511 1180 5575 privetur,
1207 5511 1404 5562 statim
1422 5511 1653 5564 animus
1678 5513 1748 5564 ad
1773 5526 1856 5576 ea,
1882 5531 1993 5575 quae

395 5585 544 5632 retro
575 5586 711 5632 sunt
738 5581 1420 5646 appetenda,inclinetur.
1438 5585 1506 5636 Et
1527 5583 1638 5636 hoc
1653 5591 1743 5637 est
1758 5585 1994 5637 dorsum

397 5662 635 5702 curvum
661 5650 888 5714 habere,
913 5658 1133 5705 statum
1160 5653 1374 5706 mentis
1390 5654 1448 5707 in
1471 5654 1835 5708 inferioribus
1862 5657 1996 5710 ﬂec-

398 5722 538 5772 tere.
566 5721 838 5782 Sequitur
860 5723 973 5775 alia
991 5737 1181 5788 pcena.

459 5788 548 5841 ‘25.
582 5788 822 5851 Effunde
846 5807 1008 5856 super
1031 5809 1114 5844 eos
1142 5796 1289 5846 iram
1304 5800 1457 5847 tuam
1479 5812 1493 5848 :
1519 5805 1564 5848 et
1595 5799 1757 5861 furor
1772 5801 1871 5849 ira:
1897 5805 1997 5849 tua:

2015 3117 2062 3190 C

1447 253 1718 309 RUFINO
1750 255 2212 311 PRESBYTERO
2245 256 2634 311 ASCRIPTUS

2021 4541 2076 4613 D

3637 256 3757 311 928

2086 372 2504 438 comprehendat
2527 388 2626 422 eos.
2665 374 2754 424 Ira
2779 371 3114 435 effunditur,
3143 369 3390 434 quando
3417 381 3618 434 super
3646 383 3755 422 eos

2090 444 2502 509 omnipotentis
2528 446 2629 495 Dei
2657 444 2914 495 vindicta
2949 442 3355 508 multipliciter
3387 447 3750 493 exercetur.

2089 519 2270 567 Furor
2285 518 2386 568 irai
2407 516 2527 579 Dei,
2557 521 2648 567 est
2665 515 2875 567 futurae
2897 514 3337 566 animadversio
3357 515 3646 562 vindictae.
3681 518 3752 561 Ita

2089 593 2282 639 autem
2312 587 2383 637 ad
2401 593 2747 650 praesentem
2773 587 3208 650 percussionem
3236 585 3534 648 pertinet:
3578 585 3750 636 furor

2089 659 2162 710 ad
2191 659 2438 709 futuram
2476 658 2927 709 damnationem.
2950 658 3086 710 Ideo
3111 659 3289 720 furor,
3319 656 3466 718 quia
3495 656 3746 707 nullum

2089 731 2167 782 ibi
2186 730 2521 790 remedium,
2538 730 2696 780 nulla
2712 731 2789 780 ibi
2809 729 3225 781 misericordia.
3249 728 3742 789 Comprehendat,

2089 802 2290 864 inquit,
2327 816 2428 864 eos,
2459 806 2752 864 tamquam
2783 801 3078 866 fugitivos.
3106 803 3240 851 Jam
3273 799 3442 850 enim
3467 811 3602 848 non
3627 798 3742 848 erit

2090 873 2372 926 evadendi
2387 872 2571 935 locus,
2590 873 2822 936 quando
2847 887 2946 924 eos
2965 878 3223 925 aeternus
3241 871 3590 919 absorhuerit
3621 886 3742 918 cru-

2090 946 2292 997 ciatus.
2338 945 2449 994 Nec
2475 948 2667 995 tamen
2692 945 2752 994 in
2788 947 2906 996 Deo
2943 945 3061 996 ulla
3099 941 3466 995 aestimanda
3496 946 3600 992 est
3634 943 3737 993 irae

2090 1021 2193 1068 aut
2221 1015 2428 1066 furoris
2459 1016 2769 1066 commotio
2793 1031 2804 1064 :
2829 1015 2931 1067 sed
2958 1016 3218 1066 humano
3238 1026 3380 1074 usu,
3412 1013 3597 1075 quasi
3623 1013 3736 1063 ira-

2093 1093 2187 1138 tus
2211 1088 2310 1136 aut
2333 1085 2532 1137 furens
2549 1086 2778 1150 dicitur,
2797 1086 3032 1149 quando
3048 1087 3122 1136 ab
3138 1086 3270 1149 ipso
3293 1089 3419 1135 tam
3436 1083 3668 1134 acriter
3682 1099 3734 1130 ae

2092 1157 2349 1210 districte
2379 1162 2742 1220 peccatorum
2768 1158 2951 1222 culpae
2976 1157 3286 1209 feriuntur.
3325 1154 3506 1207 Unde
3534 1154 3732 1205 adhuc

2095 1229 2471 1292 subjungitur
2497 1243 2508 1276 :

2155 1299 2241 1354 26.
2277 1301 2397 1349 Fiat
2423 1299 2684 1349 habitatio
2709 1313 2895 1347 eorum
2919 1297 3146 1359 deserta,
3171 1303 3218 1346 et
3251 1298 3312 1345 in
3344 1297 3734 1346 tabernaculis

2093 1387 2280 1421 eorum
2309 1387 2419 1420 non
2444 1372 2534 1433 sit,
2568 1371 2665 1434 qui
2699 1370 2980 1420 inhabitet.
3007 1370 3440 1421 Habitationem
3477 1368 3632 1419 dicit
3655 1371 3732 1431 ip-

2095 1456 2220 1494 sam
2236 1443 2527 1493 civitatem
2541 1442 2881 1502 Jerusalem,
2900 1441 2956 1490 in
2975 1453 3092 1502 qua
3107 1441 3518 1492 communiter
3537 1443 3730 1488 habita-

2094 1516 2251 1564 bant.
2274 1513 2664 1565 Tabernaculo
2678 1525 2811 1564 vero
2829 1511 3090 1575 singulas
3107 1514 3404 1575 cujusque
3423 1513 3547 1559 dom
3557 1526 3620 1559 us
3643 1514 3725 1559 de-

2097 1587 2348 1650 signant,
2374 1587 2472 1637 ubi
2500 1589 2809 1649 potuerunt
2824 1585 3104 1636 adversus
3123 1584 3454 1635 Dominum
3477 1585 3720 1632 clamare.

2096 1659 2177 1709 lbi
2204 1659 2328 1717 (Ea).
2354 1657 2599 1720 August.)
2629 1670 2662 1706 a
2686 1657 2928 1708 Domino
2959 1670 3075 1706 non
3102 1655 3538 1719 permittuntur
3560 1654 3725 1705 habi-

2097 1734 2236 1780 tare.
2278 1731 2423 1780 Loca
2438 1729 2532 1780 illa
2556 1729 2748 1780 omnia
2789 1733 2846 1780 et
2869 1727 3206 1779 hominibus
3245 1726 3424 1791 plena
3464 1729 3633 1788 sunt,
3671 1731 3720 1776 et

2095 1801 2317 1852 Judwis
2351 1801 2561 1851 inania.
2598 1803 2781 1861 Quare
2803 1799 2913 1850 hoc
2936 1804 2959 1849 ?

2157 1870 2244 1924 27.
2275 1872 2547 1929 Quoniam
2578 1885 2733 1933 quem
2757 1876 2813 1918 tu
2832 1869 3163 1933 percussisti,
3183 1869 3459 1931 persecuti
3481 1873 3646 1917 sunt:
3676 1873 3718 1915 et

2095 1957 2254 2006 super
2269 1941 2505 1990 dolorem
2525 1941 2807 1989 vulnerum
2833 1955 3078 1988 meorum
3099 1939 3462 1988 addiderunt.
3488 1943 3592 1988 Nos
3609 1954 3716 1998 per-

2095 2015 2249 2064 cussi
2269 2026 2475 2064 sumus
2491 2025 2525 2063 a
2539 2015 2656 2063 Deo
2673 2014 2791 2073 quia
2808 2013 3147 2073 peccavimus:
3163 2018 3210 2059 et
3227 2012 3456 2059 vulnera
3469 2016 3597 2058 sunt
3613 2025 3712 2070 pec-

2098 2088 2226 2136 cata
2247 2089 2464 2136 nostra.
2484 2084 2653 2134 Dolor
2677 2083 3008 2145 vulnerum,
3026 2082 3262 2133 afﬁictio
3280 2088 3492 2132 contra
3513 2093 3714 2145 pecca-

2097 2160 2239 2206 tum.
2261 2155 2556 2206 Percussio
2574 2159 2663 2206 est
2678 2154 2998 2204 mortalitas
3015 2158 3073 2204 et
3089 2153 3404 2217 corruptio.
3423 2155 3595 2203 Hanc
3611 2167 3712 2212 per-

2097 2226 2426 2278 cussionem
2463 2225 2718 2288 suscepit
2754 2226 2876 2289 ipse
2913 2225 3091 2275 Filius
3121 2225 3243 2282 Dei,
3285 2225 3571 2287 quamvis
3601 2235 3712 2274 non

2095 2298 2426 2361 peccaverit.
2450 2300 2595 2348 Vere
2612 2297 2813 2360 (inquit
2830 2297 3125 2360 Propheta)
3141 2296 3461 2360 languores
3478 2299 3712 2344 nostros

2094 2368 2214 2430 ipse
2243 2367 2390 2430 tulit,
2408 2372 2463 2419 et
2490 2367 2714 2419 dolores
2731 2373 2962 2418 nostros
2979 2368 3102 2430 ipse
3128 2367 3557 2431 portavitUsai.
3584 2363 3708 2425 53.).

2097 2439 2207 2490 Sed
2231 2440 2420 2490 Judaei
2443 2439 2805 2502 addiderunt,
2825 2439 2959 2501 quia
2981 2451 3152 2501 quem
3171 2439 3321 2489 Deus
3345 2439 3523 2488 Pater
3550 2439 3711 2498 plagis

2096 2510 2465 2561 mortalitatis
2490 2515 2546 2561 et
2562 2510 2941 2575 corruptionis
2959 2509 3382 2571 vulneraverat,
3409 2509 3523 2572 ipsi
3549 2508 3709 2558 insu-

2096 2595 2192 2644 per
2229 2581 2574 2633 occiderunt.
2615 2581 2882 2633 Mortales
2922 2581 3188 2632 homines
3215 2581 3328 2638 hic.
3364 2593 3504 2631 cum
3535 2592 3708 2643 paena

2095 2658 2436 2714 nascuntur,
2464 2658 2522 2704 et
2553 2653 2678 2704 haec
2704 2665 2875 2716 pmna
2909 2653 3207 2716 percussio
3232 2656 3329 2704 est
3357 2651 3612 2702 Domini.
3641 2653 3706 2701 Et

2093 2723 2226 2774 huic
2245 2737 2433 2787 poenas
2449 2724 2671 2776 addunt
2688 2725 3020 2787 quicunque
3040 2724 3180 2774 alios
3201 2723 3421 2776 fuerint
3436 2725 3703 2784 persecuti.

2094 2796 2164 2846 Et
2187 2795 2322 2858 quia
2348 2796 2458 2858 ipsi
2492 2801 2886 2860 apposuerunt
2922 2795 3178 2847 dolorem
3216 2809 3394 2860 super
3425 2793 3700 2857 dolorem,

2096 2866 2228 2918 vide
2251 2871 2506 2930 apertam
2531 2868 2836 2931 justitiam,
2863 2880 2993 2930 qum
3015 2869 3290 2930 sequitur.

2157 2937 2242 2992 28.
2269 2940 2514 3002 Appone,
2544 2940 2748 3002 inquit,
2784 2940 3131 3004 iniquitatem
3161 2955 3328 3004 super
3352 2940 3700 3002 iniquitatem

2093 3024 2300 3060 eorum.
2323 3012 2397 3061 Ut
2423 3011 2574 3060 sicut
2597 3011 2732 3061 alibi
2758 3010 2966 3061 dicitur
2993 3025 3005 3058 :
3038 3010 3145 3070 Qui
3168 3016 3360 3072 nocet,
3395 3009 3577 3078 35o
3604 3025 3700 3062 no-

2094 3086 2220 3133 ceat
2235 3081 2424 3132 adhuc
2455 3096 2466 3130 :
2503 3087 2561 3132 et
2577 3082 2675 3144 qui
2699 3082 2757 3132 in
2775 3082 3042 3133 sordibus
3065 3086 3172 3144 est,
3194 3082 3500 3133 sordescat
3515 3083 3698 3134 adhuc

2093 3154 2270 3218 (Apoc.
2289 3151 2416 3216 ‘22.).
2445 3153 2510 3201 Et
2531 3153 2618 3204 sic
2634 3169 2740 3202 non
2763 3154 2963 3202 intrent
2983 3154 3040 3201 in
3051 3153 3331 3217 justitiam
3349 3161 3526 3204 tuam.
3551 3157 3699 3214 Culpa

2093 3223 2246 3274 enim
2281 3223 2496 3274 excitat
2518 3224 2744 3288 culpam
2775 3241 2786 3273 :
2816 3229 2875 3275 et
2905 3237 3039 3275 cum
3071 3237 3190 3275 una
3221 3237 3343 3275 non
3377 3226 3696 3290 corrigitur.

2095 3294 2304 3346 exinde
2333 3296 2512 3347 altera
2535 3299 2859 3359 generatur.
2888 3297 2957 3346 Et
2983 3301 3202 3359 quanto
3226 3295 3360 3360 plus
3385 3296 3697 3361 refrigescit

2095 3367 2321 3425 caritas,
2347 3371 2508 3419 tanto
2532 3366 2780 3432 amplius
2803 3368 3058 3419 abundat
3081 3367 3382 3430 iniquitas.
3415 3368 3522 3419 Vel
3537 3381 3697 3432 super

2095 3439 2459 3502 iniquitatem
2475 3444 2702 3504 patrum
2725 3452 2951 3503 oppone
2967 3439 3334 3502 iniquitatem
3359 3440 3630 3501 ﬁliorum,
3645 3448 3697 3487 ut

2094 3510 2442 3562 extendatur
2465 3511 2536 3561 de
2561 3511 2833 3575 progenie
2849 3512 2909 3562 in
2933 3511 3267 3574 progeniem
3292 3511 3582 3574 iniquitas
3607 3524 3695 3562 eo—

2094 3595 2241 3644 rum,
2261 3583 2412 3633 sicut
2437 3583 2544 3646 ipsi
2564 3583 2864 3634 dixerunt:
2897 3582 3144 3645 Sanguis
3161 3583 3290 3646 ejus
3311 3596 3493 3647 super
3521 3596 3622 3634 nos
3642 3587 3696 3634 et

2097 3667 2269 3718 super
2297 3652 2444 3705 ﬁlios
2468 3659 2697 3706 nostros
2729 3655 2934 3715 (Matth.
2964 3651 3089 3714 27.).
3124 3655 3287 3714 Quod
3310 3659 3514 3705 autem
3541 3654 3691 3715 dixit,

2095 3726 2317 3790 Appone
2350 3740 2362 3775 :
2403 3739 2520 3776 non
2562 3728 2644 3777 sic
2667 3724 3066 3786 accipiendum
3089 3729 3197 3786 est,
3225 3728 3290 3776 ut
3317 3728 3483 3778 Deus
3515 3731 3688 3790 ponat,

2095 3795 2187 3849 vel
2203 3796 2377 3848 addat
2401 3797 2759 3860 iniquitatem
2777 3797 2836 3847 in
2871 3796 3062 3859 aliquo
3087 3813 3098 3845 :
3129 3797 3226 3847 sed
3249 3798 3422 3859 quasi
3451 3797 3559 3848 hoc
3581 3799 3688 3857 agit,

2096 3869 2326 3931 quando
2345 3868 2466 3920 ﬁeri
2494 3868 2789 3932 permittit.
2813 3869 3008 3931 Neque
3033 3868 3187 3918 enim
3214 3868 3540 3919 humanam
3561 3883 3690 3917 men-

2095 3944 2210 3991 tem
2231 3940 2568 3992 debellando
2585 3940 2847 4001 destruit,
2866 3939 2969 3991 sed
2984 3939 3303 3991 recedendo
3319 3955 3332 3988 :
3351 3941 3494 4002 quia
3507 3939 3577 3991 ad
3599 3954 3690 3999 per-

2096 4012 2370 4064 ditionem
2401 4025 2568 4063 suam
2599 4012 2814 4064 sufﬁcit
2843 4011 2950 4062 sxbi
2977 4011 3239 4062 dimissa.
3267 4012 3418 4063 Hinc
3436 4011 3689 4063 Salomon

2095 4085 2172 4136 ait
2199 4100 2209 4133 :
2237 4084 2548 4135 Considera
2581 4096 2753 4148 opera
2779 4083 2898 4144 Dei,
2937 4082 3093 4146 quod
3131 4095 3301 4133 nemo
3329 4082 3686 4146 possitcorri-

2095 4168 2242 4219 gere,
2280 4167 2453 4217 quem
2504 4154 2597 4205 ille
2629 4153 2960 4218 despexerit
2997 4153 3209 4217 (Eccles.
3244 4152 3339 4213 7.).
3395 4155 3686 4216 Propterea

2095 4227 2284 4278 adhuc
2308 4225 2574 4276 subditur
2603 4240 2613 4272 :

2156 4297 2243 4351 29.
2271 4297 2562 4346 Deleantur
2585 4297 2648 4344 de
2674 4296 2806 4345 libro
2829 4296 3143 4346 viventium.
3171 4295 3328 4346 Libri
3351 4299 3560 4344 nomine
3580 4309 3686 4357 pra:-

2095 4369 2400 4420 destinatio
2420 4369 2518 4419 Dei
2535 4368 2811 4432 accipitur
2837 4383 2848 4416 :
2873 4369 3010 4430 quia
3025 4367 3176 4418 sicut
3193 4367 3302 4418 hoc
3319 4367 3475 4430 quod
3495 4371 3549 4416 in
3572 4370 3685 4416 libro

2097 4442 2374 4504 scriptum
2398 4444 2504 4501 est,
2533 4440 2715 4491 ﬁxum
2741 4443 2937 4490 manet
2962 4455 2974 4488 :
2999 4437 3570 4492 sicincommutabile
3589 4445 3682 4492 est.

2099 4511 2372 4576 quicquid
2396 4524 2430 4562 a
2456 4513 2569 4563 Deo
2593 4510 3052 4575 praadestinatur.
3077 4509 3378 4569 Quomodo
3403 4522 3538 4574 ergo
3562 4511 3684 4561 dicit

2099 4583 2407 4639 Deleantur,
2435 4583 2484 4632 si
2505 4583 2564 4633 hi
2581 4583 2680 4646 qui
2699 4582 2894 4646 scripti
2911 4584 3065 4644 sunt,
3093 4581 3268 4633 deleri
3285 4594 3406 4631 non
3428 4583 3684 4645 possunt?

2094 4655 2204 4707 Sed
2220 4655 2328 4706 hoc
2345 4655 2562 4705 dictum
2592 4658 2683 4706 est
2707 4655 3035 4706 secundum
3059 4666 3223 4717 spem
3249 4651 3501 4716 illorum,
3518 4655 3601 4714 qui
3617 4655 3682 4701 ibi

2095 4739 2156 4778 se
2182 4727 2422 4790 scriptos
2452 4727 2751 4790 putabant.
2774 4725 2920 4786 Quid
2935 4725 3040 4784 (Ea:
3057 4724 3383 4788 Augustino)
3402 4733 3476 4772 est
3492 4724 3684 4773 delean-

2093 4803 2183 4846 tur
2205 4798 2266 4847 de
2287 4797 2421 4846 libro
2447 4797 2585 4848 vitae
2608 4799 2634 4846 ?
2662 4799 2729 4848 Et
2752 4796 2894 4860 ipsis
2911 4800 3141 4847 constet
3167 4809 3282 4846 non
3301 4794 3431 4846 illos
3453 4795 3527 4845 ibi
3543 4807 3678 4846 esse.

2093 4870 2179 4921 Illi
2195 4869 2293 4932 qui
2321 4882 2380 4919 se
2404 4869 2731 4933 sperabant,
2757 4872 3034 4930 tanquam
3054 4869 3261 4917 merito
3281 4869 3494 4926 justitiae
3515 4882 3616 4914 suae
3632 4870 3680 4915 in

2093 4941 2235 4991 libro
2268 4940 2511 5002 scriptos
2539 4940 2657 5003 Dei,
2684 4939 2896 5002 quibus
2921 4937 3131 4988 dicitur
3157 4938 3534 4988 :Scrutamini
3551 4937 3685 4987 Scri-

2095 5017 2313 5076 pturas,
2340 5012 2396 5062 in
2415 5011 2626 5075 quibus
2651 5011 2869 5075 putatis
2886 5023 2994 5062 vos
3018 5009 3200 5060 vitam
3217 5015 3494 5061 aeternam
3520 5011 3685 5057 habere

2095 5084 2272 5145 (Joan.
2303 5082 2374 5145 5.)
2403 5099 2412 5132 :
2451 5095 2584 5134 cum
2626 5083 2912 5148 perducta
2941 5081 3110 5132 fuerit
3145 5081 3443 5133 damnatio
3479 5093 3678 5136 eorum.

2095 5155 2265 5205 etiam
2295 5155 2368 5205 ad
2386 5154 2771 5218 cognitionem
2792 5154 3074 5217 ipsorum,
3099 5151 3450 5203 delebuntur
3470 5151 3536 5202 de
3551 5151 3682 5204 libro

2097 5226 2248 5288 vitm,
2272 5226 2330 5276 id
2365 5230 2470 5287 est,
2502 5238 2621 5276 non
2645 5225 2724 5275 ibi
2751 5238 2812 5276 se
2835 5229 3210 5288 cognoscent.
3243 5223 3379 5274 Dixi
3403 5223 3680 5284 deleantur,

2096 5297 2414 5348 secundum
2433 5310 2592 5357 spem
2609 5309 2824 5348 eorum.
2843 5295 2991 5357 Quid
3017 5295 3341 5345 secundum
3366 5295 3679 5356 aequitatem

2097 5373 2251 5419 tuam
2275 5371 2301 5417 ‘2
2317 5369 2384 5416 Et
2404 5383 2527 5416 cum
2545 5368 2565 5430 ί
2572 5369 2698 5416 ustis
2719 5383 2831 5416 non
2847 5366 3173 5416 scribantur.
3199 5365 3509 5416 Conﬁrmat
3522 5366 3576 5415 in
3593 5368 3679 5414 ﬁne

2097 5453 2318 5502 versus,
2345 5439 2502 5502 quod
2521 5438 2885 5502 praemissum
2902 5441 2991 5488 est
3011 5438 3070 5488 in
3091 5437 3295 5500 capite.
3317 5437 3669 5499 Audivimus,

2095 5511 2235 5574 quid
2265 5511 2434 5562 nobis
2458 5511 2778 5563 cavendum
2801 5510 2874 5560 sit
2897 5509 2956 5560 in
2974 5508 3143 5560 malis
3167 5523 3180 5556 :
3207 5508 3514 5560 audiamus
3539 5522 3673 5559 nunc

2095 5584 2231 5647 quid
2258 5583 2331 5634 sit
2356 5583 2700 5634 imitandum
2727 5583 2784 5632 in
2815 5581 3056 5632 Christo.
3085 5579 3171 5630 Illi
3194 5579 3340 5631 tales
3363 5581 3602 5642 fuerunt,
3625 5586 3670 5630 et

2097 5656 2180 5706 sic
2205 5656 2506 5719 perierunt.
2535 5657 2620 5705 Tu
2644 5654 2891 5717 benigne
2922 5652 3182 5716 Domine,
3207 5652 3348 5714 quid
3375 5653 3515 5703 dicis
3542 5652 3602 5702 de
3622 5655 3669 5702 te

2095 5728 2220 5779 ipso
2243 5730 2265 5775 7

2116 5740 2265 5854 pisi):
2295 5798 2408 5861 Ego
2442 5811 2565 5847 sum
2599 5810 2810 5860 pauper
2852 5800 2898 5844 et
2935 5794 3155 5845 dolens:
3205 5794 3356 5846 salus
3399 5800 3508 5856 tua,
3551 5795 3669 5843 Deus
