3880 6222
233 347 352 402 929

1258 342 1331 393 IN
1366 343 1689 398 PSALMOS
1722 345 1930 397 LXXV
1963 343 2549 398 COMMENTARIUS.

3447 354 3554 410 930

228 457 470 520 suscepit
495 471 596 506 me.
622 455 898 533 Exemplo
932 453 1156 533 Ι)ρωὶῃί
1180 453 1364 533 nostri
1387 454 1848 533 discamuspau-
1866 462 1922 533 Α
1951 456 2235 533 lectio._Et
2259 455 2359 533 qui
2379 461 2574 533 manet
2597 458 2999 533 indilectione,
3036 461 3094 512 in
3116 463 3232 514 Deo
3253 471 3467 527 manet,
3495 471 3556 517 et

230 543 413 592 peres
438 541 566 579 esse
587 532 643 578 et
667 527 945 577 dolentes.
974 526 1133 577 Beati
1157 526 1310 576 enim
1333 537 1607 590 pauperes
1625 529 1847 592 spiritu,

230 601 523 662 quoniam
545 599 801 661 ipsorum
827 603 915 648 est
937 609 1179 660 regnum
1197 595 1486 646 caelorum.
1503 599 1571 647 Et
1589 599 1737 650 beati
1750 603 1844 661 qui

228 669 464 735 lugent,
482 671 758 734 quoniam
780 669 891 732 ipsi
915 668 1370 719 consolabuntur
1391 669 1600 727 (Matth.
1623 669 1712 733 5.).
1729 672 1848 721 Hoc

229 743 441 799 ipsum
483 743 642 806 prius
675 742 734 790 in
775 753 837 791 se
871 742 1037 791 nobis
1073 741 1344 800 ostendit,
1372 746 1668 804 propterea
1691 742 1845 804 dicit,

232 814 360 876 Ego
403 828 543 863 sum.
587 814 796 863 Totum
851 825 1059 874 corpus
1101 812 1230 873 ejus
1278 810 1385 859 hoc
1433 810 1586 862 dicit.
1632 814 1848 877 Corpus

233 885 459 935 Christi
493 885 554 934 in
583 884 689 934 hac
731 888 880 933 terra
917 896 1132 946 pauper
1154 887 1210 932 et
1234 881 1436 932 dolens
1461 888 1571 934 est.
1596 885 1703 934 Sed
1731 888 1848 936 sint

233 957 459 1007 divites
479 955 804 1017 Christiani,
821 966 1054 1016 prorsus
1071 954 1119 1002 si
1136 952 1444 1003 Christiani
1471 962 1628 1012 sunt,
1642 968 1850 1019 paupe-

230 1039 340 1078 res
363 1031 516 1077 sunt.
549 1027 614 1076 In
638 1027 1060 1088 comparatione
1086 1035 1338 1086 namque
1363 1023 1684 1076 caalestium
1704 1027 1844 1076 divi-

239 1100 480 1159 tiarum,
505 1110 650 1160 quas
676 1101 926 1159 sperant,
950 1094 1222 1159 quicquid
1248 1096 1340 1144 hic
1366 1095 1598 1160 habent,
1638 1112 1735 1161 pro
1759 1104 1847 1149 ni-

234 1169 364 1220 hilo
388 1172 674 1231 reputant.
693 1170 807 1218 Nec
829 1173 967 1217 sunt
991 1167 1199 1216 deserti
1229 1165 1372 1216 tales
1398 1179 1694 1232 pauperes,
1713 1183 1848 1234 quo-

233 1241 407 1290 niam
430 1238 586 1290 salus
611 1239 982 1306 Deilsuscepit
1004 1251 1122 1289 eos.
1149 1237 1237 1287 Ad
1261 1250 1436 1299 quam
1459 1251 1578 1289 rem
1606 1257 1616 1287 :
1642 1246 1704 1290 ut
1724 1245 1844 1304 jam

235 1323 368 1362 non
400 1311 514 1360 sint
550 1322 830 1374 pauperes
853 1314 910 1360 et
933 1309 1210 1371 dolentes,
1237 1309 1338 1358 sed
1365 1311 1556 1372 potius
1580 1310 1847 1364 laetantes

237 1388 303 1434 et
325 1383 477 1433 beati
497 1381 706 1432 faciant
729 1381 882 1444 quod
909 1381 1036 1443 subj
1048 1384 1284 1430 unctum
1308 1385 1398 1430 est
1423 1396 1435 1430 :

310 1453 399 1508 31.
439 1455 696 1502 Laudabo
729 1468 924 1501 nomen
948 1453 1061 1512 Dei,
1108 1467 1230 1500 cum
1254 1453 1476 1501 cantico.
1515 1453 1692 1518 Idest,
1713 1469 1846 1508 cum

232 1526 604 1590 jocunditate
623 1540 636 1574 :
655 1530 709 1576 et
723 1524 996 1575 exultans
1013 1525 1071 1574 in
1094 1527 1702 1588 meipso,magniﬁcabo
1723 1543 1846 1577 eum

240 1599 311 1645 in
351 1597 526 1646 laude.
553 1599 691 1648 Hac
716 1602 852 1646 sunt
880 1596 1099 1646 leiLitB
1137 1606 1302 1655 meai,
1359 1601 1424 1646 ut
1450 1597 1699 1661 scilicet,
1717 1614 1846 1652 cum

240 1668 460 1732 gaudio
501 1673 559 1718 et
596 1668 879 1717 hilaritate
913 1679 1033 1716 non
1055 1678 1274 1716 cessem
1296 1668 1476 1717 Deum
1501 1681 1696 1720 meum
1721 1672 1846 1722 lau-

245 1739 390 1790 dare
414 1743 471 1789 et
494 1739 882 1802 magniﬁcare.

314 1809 402 1862 32.
429 1811 493 1858 Et
509 1810 636 1860 laus
662 1809 756 1859 illa
778 1807 1005 1872 placebit
1027 1808 1152 1868 Dco,
1176 1821 1348 1872 super
1367 1821 1538 1861 omne
1559 1811 1741 1875 legale
1755 1825 1846 1864 sa-

247 1882 551 1931 criﬁcium.
589 1883 657 1931 Et
687 1882 796 1930 hoc
830 1880 938 1943 (Ea:
962 1880 1280 1942 Augustino)
1311 1882 1564 1932 ostendit
1584 1897 1684 1946 per
1719 1899 1846 1949 par-

249 1958 537 2013 tem,cum
561 1953 688 2015 subj
701 1953 891 2014 ungit:
912 1951 1086 2014 Super
1107 1951 1337 1998 vitulum
1363 1954 1628 2003 novellum
1645 1973 1851 2013 cornua

248 2027 629 2088 producentem
651 2029 696 2072 et
723 2023 974 2085 ungulas.
991 2021 1142 2072 'l‘alis
1158 2024 1310 2072 enim
1322 2028 1686 2085 quaerebatur
1705 2035 1854 2086 vitu-

247 2098 348 2145 lus
370 2096 431 2144 in
455 2094 748 2152 sacriﬁcio,
767 2097 936 2156 quiet
959 2095 1224 2143 novellus
1238 2101 1408 2158 esset,
1429 2101 1623 2149 etiam
1640 2117 1852 2166 magnus

249 2171 468 2228 tamen,
498 2171 558 2217 ut
581 2179 798 2217 cornua
821 2168 1092 2226 mitteret,
1109 2168 1279 2226 atque
1296 2167 1543 2229 ungulas
1559 2170 1736 2225 fortes
1753 2177 1852 2228 ha-

249 2238 433 2288 beret.
459 2239 526 2287 Et
549 2238 657 2288 hoc
681 2250 753 2287 ex
778 2237 1191 2299 signiﬁcatione
1213 2235 1426 2287 factum
1449 2246 1555 2290 est.
1575 2244 1681 2304 Qui
1708 2247 1851 2300 bene

247 2309 578 2384 instructus
593 2312 699 2384 est,
725 2313 782 2384 et
806 2309 879 2358 ad
903 2309 1151 2384 laudem,
1181 2305 1329 2384 35|
1383 2311 1485 2360 Dei
1521 2317 1849 2384 opulentus,

247 2393 470 2431 cornua
493 2380 663 2430 debet
681 2380 910 2436 habere,
937 2380 1146 2441 quibus
1167 2382 1563 2434 adversarium
1585 2380 1846 2441 ventileti

247 2457 311 2503 et
327 2452 596 2524 ungulas,
614 2453 828 2524 quibus
855 2455 1064 2524 terram
1087 2452 1325 2524 excitet:
1345 2454 1608 2507 novellus
1623 2467 1853 2524 propter

245 2534 461 2574 novam
487 2523 682 2573 vitam.
707 2521 932 2585 Aliquis
973 2521 1279 2572 haereticus
1314 2525 1456 2576 forte
1491 2521 1847 2592 contradicit,

248 2595 526 2645 cornibus
569 2595 707 2645 novi
765 2598 822 2644 et
870 2593 1075 2644 veteris
1119 2595 1467 2647 'l‘estamenti
1523 2604 1847 2654 ventiletur.

248 2665 417 2716 Alius
449 2670 673 2716 terrena
707 2667 875 2728 sapit,
915 2664 1152 2726 ungulis
1185 2666 1549 2719 discretionis
1574 2675 1629 2722 et
1651 2675 1850 2725 robore

250 2737 490 2786 virtutis
513 2738 812 2786 excitetur.
832 2745 1012 2799 super
1037 2739 1190 2785 hunc
1215 2739 1460 2789 Vitulum
1489 2742 1586 2791 tibi
1608 2745 1853 2806 placebit

248 2807 511 2860 laudatio
536 2821 682 2871 mea,
719 2809 778 2857 in
801 2808 895 2857 illa
919 2807 1238 2858 aaternitate
1266 2811 1360 2859 ubi
1384 2812 1630 2873 perfecte
1654 2816 1854 2867 lauda-

251 2882 406 2931 bunt
431 2885 483 2930 te
508 2881 718 2942 Sancti,
746 2882 870 2929 sine
894 2879 1008 2929 ulla
1033 2880 1494 2934 contradictione.

323 2951 410 3004 33.
453 2951 673 3000 Videant
719 2965 998 3014 pauperes,
1045 2956 1091 2998 et
1134 2952 1391 3003 tetentur.
1433 2957 1678 3008 Credant
1706 2958 1853 3022 haec,

253 3024 320 3073 et
342 3035 442 3086 spe
478 3023 767 3086 gaudeant
792 3037 803 3071 :
835 3026 890 3072 et
923 3022 1108 3084 magis
1137 3033 1418 3086 pauperes
1444 3027 1575 3088 sint,
1602 3033 1669 3079 ut
1692 3031 1857 3082 ditari

255 3100 609 3144 mereantur.
638 3096 704 3144 Et
724 3096 1007 3144 convertit
1041 3105 1102 3142 se
1125 3096 1198 3142 ad
1221 3106 1321 3144 eos
1346 3096 1744 3150 admonendos
1771 3103 1858 3151 di-

256 3177 432 3216 cens:
459 3166 685 3222 Qua-ite
711 3166 897 3227 Deum,
923 3171 968 3211 et
997 3163 1127 3210 vivet
1151 3167 1346 3213 anima
1375 3176 1560 3219 vestra.
1587 3172 1744 3222 Deus
1769 3179 1859 3223 est

257 3237 383 3288 vita
415 3239 644 3288 auimaz.
671 3236 936 3298 Quatritis
962 3246 1188 3298 panem,
1217 3241 1280 3286 ut
1301 3238 1457 3290 vivat
1472 3253 1604 3291 caro
1629 3247 1858 3294 vestra?

253 3310 446 3358 Deum
496 3294 752 3370 quaerite,
798 3312 854 3357 et
889 3294 1044 3357 vivet
1084 3294 1278 3358 anima
1309 3315 1514 3363 vestra.
1557 3313 1713 3363 Unde
1747 3314 1856 3365 hoc
1888 3294 1935 3366 Ο

302 3380 474 3428 robas
494 3381 520 3427 ’1

302 3391 520 3428 rODaS'!

253 3391 299 3444 Ρ
324 3449 411 3503 34.
452 3449 724 3508 Quoniam
767 3449 1043 3498 exaudivit
1084 3463 1346 3514 pauperes
1395 3454 1680 3506 Dominus.
1746 3457 1862 3507 Nec

252 3521 580 3583 exaudivit,
627 3521 739 3570 nisi
779 3533 1078 3584 pauperes.
1123 3522 1180 3571 Si
1215 3523 1304 3574 vis
1344 3526 1622 3586 exaudiri,
1649 3539 1864 3592 pauper

252 3598 404 3644 esto.
455 3593 579 3643 Noli
617 3593 724 3655 (Ex
762 3594 1012 3656 August.)
1047 3593 1119 3643 de
1165 3597 1218 3644 te
1240 3607 1610 3660 praesumere,
1635 3611 1741 3648 nec
1761 3599 1864 3649 ali-

254 3666 402 3728 quid
427 3676 703 3728 quairere,
740 3671 950 3727 praeter
983 3667 1166 3715 Deum
1193 3671 1377 3717 tuum.
1411 3670 1464 3718 Si
1491 3675 1756 3732 peccator
1781 3683 1861 3730 es,

255 3749 380 3788 non
417 3737 543 3786 ideo
585 3736 871 3799 desperes.
904 3735 974 3784 Et
1012 3738 1211 3786 vinctos
1243 3753 1382 3802 suos,
1410 3741 1469 3789 in
1495 3742 1740 3804 peccatis
1769 3755 1866 3806 per

257 3819 398 3871 qua:
421 3807 754 3859 viderentur
778 3807 1065 3870 repudiari
1087 3812 1273 3873 aDeo,
1299 3811 1426 3859 Non
1447 3813 1704 3876 despexit.
1732 3813 1864 3863 Illos

259 3881 496 3932 vinctos
517 3892 636 3929 non
656 3879 897 3952 despictt
919 3881 1094 3952 Deus,
1121 3884 1220 3943 qui
1245 3881 1331 3932 sui
1358 3887 1512 3952 sunt,
1551 3883 1610 3933 id
1634 3889 1739 3944 est,
1767 3885 1865 3948 qui

257 3963 366 4015 per
401 3951 802 4013 patnitentiam
825 3958 883 4000 et
904 3951 1353 4003 satisfactionem
1380 3951 1513 4004 eum
1549 3957 1864 4017 requirunt.

328 4020 416 4074 35.
443 4025 584 4082 Quia
600 4027 828 4085 propter
843 4022 1084 4070 Laudent
1102 4025 1258 4072 iitum
1278 4024 1387 4072 caeli
1412 4032 1456 4072 et
1481 4031 1702 4082 terra,et
1719 4042 1866 4076 mare

259 4099 309 4142 et
334 4094 527 4142 omnia
555 4095 771 4156 reptitia
815 4094 875 4141 in
905 4094 995 4144 eis.
1031 4096 1233 4157 Homo,
1261 4096 1552 4147 rationalis
1587 4103 1866 4158 creatura,

258 4164 464 4219 laudet
484 4166 685 4228 Deum,
705 4169 761 4215 et
778 4178 878 4228 per
897 4165 1190 4216 hominem
1208 4169 1396 4217 omnis
1420 4173 1705 4218 creatura:
1725 4181 1865 4231 quo-

260 4239 426 4291 niam
451 4238 594 4301 ipsaa
639 4239 858 4302 species
895 4245 954 4289 et
992 4248 1244 4290 materia:
1267 4251 1458 4290 rerum
1485 4245 1622 4291 sunt
1649 4241 1867 4291 homini

261 4323 496 4371 caussa,
525 4315 588 4360 ut
614 4310 735 4374 ipse
750 4310 947 4361 laudet
962 4317 1257 4362 auctorem
1273 4317 1331 4362 et
1346 4311 1697 4362 Salvatorem
1715 4328 1864 4360 suum

264 4385 456 4432 Ouare
481 4381 763 4432 laudent?

264 4385 456 4444 Quare
481 4384 763 4432 laudent?

331 4452 422 4507 36.
449 4453 719 4510 Quoniam
750 4453 887 4500 Deus
909 4453 1117 4502 salvam
1131 4454 1291 4515 faciet
1316 4453 1469 4516 Sion,
1485 4453 1654 4518 idest,
1682 4453 1872 4506 Eccle-

267 4526 423 4576 siam
455 4527 656 4587 Deum,
685 4523 1097 4588 speculantem,
1123 4527 1293 4576 modo
1325 4538 1423 4589 per
1446 4526 1638 4586 tidem,
1661 4526 1868 4578 deinde

266 4596 758 4660 contemplantem
790 4609 890 4660 per
931 4600 1177 4660 speciem
1211 4597 1286 4661 (1.
1315 4597 1434 4648 Cor.
1462 4597 1586 4660 13.).
1621 4599 1686 4647 Et
1709 4598 1872 4661 aediﬁ-

1954 527 2104 649 Dein:
2141 527 2200 577 in
2227 538 2296 578 eo
2325 526 2387 589 (1.
2414 527 2577 576 Joan.
2606 529 2694 591 4.).
2724 532 2827 582 Hic
2852 537 2942 582 est
2972 532 3124 595 t‘mis,
3152 535 3275 586 haec
3299 541 3388 588 est
3422 526 3554 588 hai-

1954 612 2011 649 re
2055 613 2072 648 1
2099 611 2184 649 as.

1951 611 2184 650 reditas.

2240 661 2605 724 TITULUS
2642 663 2961 728 PSALMI
3008 665 3247 730 LXIX.

2015 755 2059 800 1.
2083 753 2327 821 Sequitur
2351 753 2532 799 titulus
2556 753 2608 821 in
2635 754 2735 800 alio
2762 754 2973 821 psalmo,
3003 756 3063 821 In
3086 759 3268 821 ﬁnem,
3298 758 3550 821 Psalmus

1952 813 2128 881 David
2161 829 2219 881 in
2243 820 2767 881 rememorattoneeo
2793 818 2937 878 quod
2959 813 3168 865 salvum
3192 813 3274 868 me
3297 820 3419 881 fecit
3445 822 3551 870 Do-

1955 876 2230 943 minusuln
2246 878 2430 943 ﬁnem,
2444 879 2492 923 id
2508 884 2600 943 est,
2613 878 2663 922 in
2679 876 2928 925 Christum
2947 895 3034 927 nos
3047 884 3198 928 mittit
3215 876 3307 930 iste
3324 887 3550 943 psalmus

1953 939 2041 1004 qui
2055 939 2345 1004 attribuitur
2365 941 2593 998 David,id
2609 947 2698 1004 est,
2715 943 2874 986 eidem
2889 943 3210 1000 Christo,sive
3224 939 3432 993 cuilibet
3445 949 3462 1004 j
3474 961 3552 994 us-

1957 1006 2002 1067 to
2017 1001 2070 1067 in
2092 1001 2412 1067 tribulatione
2429 1005 2610 1067 posito,
2626 1003 2688 1067 in
2707 1005 3165 1067 rememoratione,
3190 1008 3238 1053 id
3256 1014 3346 1067 est,
3365 1011 3416 1055 in
3436 1001 3552 1055 con-

1955 1063 2256 1131 sidenratiope
2275 1066 2782 1131 rememorationis,co
2801 1065 2946 1131 quod
2959 1063 3373 1125 (inquitisalvum
3391 1070 3519 1131 meft
3535 1096 3554 1105 -

1955 1123 2023 1171 cit
2044 1123 2323 1171 Dominus.
2346 1129 2529 1174 Memor
2552 1129 2688 1172 enim
2707 1123 3004 1174 salvationis
3023 1123 3066 1174 ei
3089 1131 3257 1190 etiam,
3278 1123 3549 1178 beneﬁcio-

1956 1200 2088 1245 rum,
2111 1201 2227 1246 quas
2241 1190 2365 1233 Deus
2383 1191 2595 1235 contulit
2616 1192 2806 1236 mundo
2823 1191 2973 1249 (sicut
2996 1191 3045 1237 in
3068 1193 3167 1237 alio
3180 1195 3551 1250 psalmotnons-

1958 1255 2136 1295 tratum
2151 1251 2238 1309 est)
2251 1252 2276 1297 ‘2
2293 1264 2499 1298 securus
2518 1254 2638 1311 petit
2657 1253 2878 1314 liberari,
2897 1255 3010 1298 licet
3028 1257 3199 1299 multis
3215 1257 3364 1301 malis
3380 1269 3554 1314 urgen-

1957 1325 2050 1367 tur.
2067 1321 2281 1378 Estergo
2511 1324 2564 1368 in
2589 1325 2677 1369 hoc
2697 1324 2891 1381 psalmo
2920 1336 3017 1369 vox
3049 1325 3399 1372 tribulatorum
3427 1327 3556 1372 inter

1951 1391 2211 1448 passiones
2227 1395 2640 1454 periclitantium,
2656 1395 2739 1440 sed
2753 1395 2814 1440 de
2831 1408 2924 1440 suo
2937 1397 3096 1453 capite
3111 1398 3550 1453 praesumenlium.

1951 1455 2052 1516 ipsi
2063 1459 2182 1499 sunt
2195 1456 2398 1501 materia
2411 1457 2565 1514 psalm
2575 1457 2587 1500 i
2597 1491 2607 1502 .
2617 1459 2669 1502 In
2683 1459 2844 1515 prima
2855 1463 2992 1514 parte
3005 1459 3257 1516 postulant
3268 1471 3296 1504 a
3309 1461 3403 1505 Deo
3414 1473 3555 1506 suam

1953 1515 2322 1577 liberationem,
2349 1519 2531 1564 deinde
2557 1522 2961 1577 persequentium
2984 1515 3384 1571 conversionem.
3404 1524 3458 1568 lu
3475 1536 3551 1568 se-

1952 1577 2118 1624 cunda
2134 1579 2359 1625 exultant
2377 1581 2428 1626 in
2447 1582 2721 1639 Domino,et
2737 1585 3063 1638 magniﬁcam
3078 1596 3212 1631 eum.
3234 1585 3302 1629 Ad
3319 1587 3550 1630 ultimum

1953 1645 2288 1699 paupertatem
2308 1649 2625 1700 etegestaiem
2643 1657 2784 1688 suam
2799 1646 3166 1703 commendant,
3186 1647 3247 1691 ad
3265 1650 3551 1704 exemplum

1952 1708 2241 1749 czeterorum
2272 1706 2346 1752 :ét
2372 1706 2554 1750 exinde
2578 1706 2777 1761 adjutos
2808 1718 2835 1750 a
2863 1706 2954 1750 Deo
2979 1719 3029 1751 se
3056 1707 3336 1767 insinuant,
3363 1715 3408 1754 et
3431 1710 3552 1754 libe-

1951 1771 2097 1810 ratos.
2121 1767 2401 1828 intendunt
2423 1772 2585 1812 autem
2605 1769 2873 1823 exhortari,
2900 1781 3146 1828 quosque,
3176 1775 3228 1814 ut
3251 1775 3554 1815 cenvertan-

1958 1831 2038 1872 tur
2075 1827 2136 1872 ad
2179 1829 2348 1888 Deum,
2385 1832 2438 1893 iet
2474 1841 2676 1876 securos
2714 1830 2918 1893 reddere
2956 1831 3015 1893 de
3051 1827 3239 1893 aeterno
3274 1833 3424 1893 bono,
3461 1837 3550 1877 etsi

1874 1881 1925 1954 B
1957 1895 2274 1954 urgeantura
2299 1881 2463 1950 malis,
2489 1898 2637 1949 atque
2663 1892 2714 1936 in
2743 1892 2822 1937 his
2848 1905 2948 1938 non
2983 1892 3240 1953 difﬁdere,
3277 1895 3361 1940 sed
3384 1881 3554 1940 oinni—

1955 1953 2168 2009 potenlis
2191 1953 2273 1998 Dei
2299 1954 2605 2010 adjutorium
2631 1955 2880 2001 invocare.
2897 1955 3176 2001 Audiamus
3199 1969 3301 2015 eos,
3323 1961 3555 2014 alqueef-

1953 2016 2083 2060 fectu
2111 2015 2276 2062 cordis
2294 2017 2649 2074 unusquisque
2668 2023 2891 2062 nostrum
2914 2017 3065 2077 dicat,
3081 2018 3215 2076 quod
3242 2020 3490 2077 sequitur.

2407 2093 2795 2155 PSALMUS
2860 2093 3097 2156 LXIX.

2016 2178 2069 2232 2.
2104 2181 2261 2240 Deus,
2305 2183 2365 2230 in
2398 2182 2738 2245 adjutorium
2763 2197 2941 2230 meum
2965 2183 3200 2234 intende.
3226 2184 3452 2233 Domine
3485 2185 3557 2233 ad

1955 2252 2336 2314 adjuvandum
2358 2266 2441 2299 me
2463 2253 2678 2314 festina.
2699 2254 2785 2303 Tu
2809 2254 2906 2316 qui
2931 2266 2994 2304 es
3020 2255 3174 2304 Deus
3199 2260 3256 2305 et
3276 2255 3555 2305 Dominus

1955 2336 2140 2384 meus,
2182 2326 2400 2374 creator
2431 2328 2487 2374 et
2531 2325 2885 2387 gubernator
2927 2337 3092 2375 meus
3123 2326 3186 2372 in
3213 2325 3555 2388 adjutorium

1956 2408 2134 2442 meum
2150 2395 2361 2443 intende
2379 2395 2822 2446 misericorditer
2845 2411 2858 2445 :
2881 2395 2974 2458 ad)
2987 2409 3099 2446 uva
3111 2398 3420 2445 festinanter.
3449 2400 3559 2445 Pri-

1957 2479 2115 2516 mum
2128 2466 2347 2529 inspice
2360 2466 2673 2518 instantem
2688 2467 3096 2518 necessitatem
3115 2481 3126 2515 :
3147 2469 3328 2516 deinde
3339 2470 3559 2516 accelera

1955 2537 2780 2588 auxiliiconsolationemCum
2796 2538 2970 2594 dicit,l
2977 2554 3011 2586 η
3027 2538 3364 2601 adjutorium
3379 2552 3558 2587 meum

1957 2608 2212 2658 ostendit
2239 2621 2299 2658 se
2323 2607 2541 2670 aliquid
2579 2611 2797 2671 operari
2822 2621 2920 2672 per
2953 2609 3198 2659 liberum
3237 2610 3556 2674 arbitrium,

1957 2683 2013 2729 et
2034 2679 2176 2742 petit
2199 2679 2461 2728 divinum
2485 2679 2766 2729 auxilium
2787 2679 2860 2729 ad
2883 2679 3328 2743 cooperandum.
3349 2683 3560 2731 Contra

1956 2762 2158 2800 omnes
2177 2749 2560 2800 adversitates
2587 2755 2644 2800 et
2668 2751 3018 2800 tentationes
3043 2750 3324 2801 dicendus
3350 2754 3558 2803 estiste

1957 2819 2298 2871 versiculus.
2335 2821 2403 2870 Et
2439 2833 2572 2871 cum
2598 2821 2957 2880 tribulamur,
2985 2826 3042 2871 et
3071 2834 3204 2872 cum
3235 2834 3558 2884 operemur,

1957 2891 2151 2942 divino
2172 2889 2244 2941 ad
2243 2892 2452 2954 jutorio
2466 2904 2693 2954 semper
2703 2904 2850 2955 opus
2866 2891 2941 2941 ha
2954 2892 3177 2942 bemus.
3199 2893 3416 2944 Deinde
3437 2897 3562 2944 orat

1959 2963 2133 3014 etiam
2153 2975 2254 3026 pro
2282 2965 2764 3026 persecutoribus,
2791 2977 2923 3013 cum
2949 2964 3254 3027 subjungit
3279 2979 3292 3014 :

2021 3032 2070 3088 3.
2113 3033 2538 3095 Confundantur
2559 3034 2628 3084 de
2655 3035 2919 3097 peccatis,
2939 3041 2981 3082 et
2999 3050 3243 3083 reverean
3253 3041 3360 3097 tur,
3377 3035 3434 3086 id
3448 3040 3558 3100 est,

1959 3106 2199 3156 timeant
2213 3110 2264 3156 te
2283 3105 2553 3168 judicem,
2573 3107 2666 3169 qui
2691 3107 3046 3169 quaeruntani
3054 3121 3199 3155 mam
3211 3121 3406 3156 meam.
3422 3109 3562 3158 sub-

1960 3177 2128 3228 audis
2151 3176 2222 3226 ad
2249 3177 2606 3240 perdendum
2631 3190 2775 3228 eam.
2796 3179 2935 3230 Haec
2956 3190 3068 3230 vox
3089 3179 3312 3241 proprie
3327 3178 3400 3229 ad
3419 3192 3562 3230 mar-

1961 3253 2116 3310 tyres
2148 3249 2409 3310 pertinet,
2443 3248 2543 3310 qui
2572 3247 2645 3297 ad
2685 3249 2795 3299 hoc
2822 3249 3248 3311 quaerebantur,
3269 3249 3564 3301 utoccide-

1959 3325 2172 3370 rentur.
2191 3321 2257 3370 Et
2274 3333 2408 3370 cum
2425 3325 2590 3371 orant
2614 3333 2717 3384 pro
2737 3322 2856 3370 suis
2875 3320 3143 3384 inimicis,
3158 3321 3562 3384 perfectionem

1960 3391 2127 3441 nobis
2149 3389 2450 3442 insinuant
2473 3392 2750 3443 caritatis.
2777 3393 3007 3455 Diligite
3034 3393 3243 3454 (inquit
3267 3393 3565 3455 Dominus)

1961 3461 2222 3512 inimicos
2251 3467 2495 3513 vestros.
2525 3464 2600 3513 Be
2613 3462 2852 3513 nefacite
2892 3462 3003 3524 his,
3031 3464 3128 3525 qui
3154 3463 3399 3514 oderunt
3423 3476 3528 3516 vos
3555 3478 3568 3514 :

1963 3537 2021 3584 et
2045 3538 2203 3583 orate
2228 3546 2328 3597 pro
2353 3535 2837 3597 persequentibus
2865 3539 2924 3584 et
2946 3535 3432 3586 calumniantibus
3466 3547 3571 3586 vos

1963 3603 2151 3668 (Marc.
2178 3603 2272 3666 5.).
2301 3607 2434 3656 Ideo
2450 3605 2640 3656 adhuc
2663 3604 2928 3655 subditur
2954 3621 2965 3654 :

2027 3675 2078 3729 4.
2103 3678 2434 3724 Avertantur
2476 3682 2772 3724 retrorsum
2801 3683 2846 3724 et
2883 3675 3210 3740 erubescant,
3245 3677 3342 3740 qui
3386 3675 3572 3726 volunt

1965 3747 2107 3794 mihi
2142 3747 2307 3796 mata.
2337 3747 2526 3798 Primo
2562 3746 2671 3797 fuit
2706 3746 2810 3809 (Ea:
2831 3747 3151 3808 Augustino)
3178 3748 3428 3809 impetus
3452 3758 3571 3811 per-

1967 3819 2362 3880 sequentium:
2392 3819 2564 3868 modo
2590 3817 2868 3867 remansit
2891 3816 3290 3868 malevolentia
3312 3817 3571 3881 cogitan-

1967 3889 2128 3940 tium.
2155 3890 2437 3952 Tempora
2455 3893 2593 3938 sunt
2616 3889 2676 3938 in
2694 3888 2949 3938 Ecclesia
2960 3889 3355 3952 persecutione
3369 3888 3571 3939 distin-

1967 3965 2076 4010 cta.
2104 3962 2316 4011 Factus
2342 3965 2431 4010 est
2453 3960 2704 4023 impetus
2729 3961 2786 4008 in
2812 3959 3140 4021 Ecclesiam,
3157 3959 3390 4022 quando
3407 3972 3572 4024 reges

1968 4035 2026 4081 et
2055 4032 2340 4094 principes
2371 4031 2864 4094 persequebantur
2885 4043 3030 4080 eam.
3057 4031 3432 4082 Crediderunt
3452 4030 3533 4082 liii
3559 4045 3572 4080 :

1969 4100 2103 4151 data
2122 4107 2211 4152 est
2233 4113 2348 4165 pax
2373 4100 2668 4162 Ecclesiae,
2701 4101 2798 4149 sed
2824 4112 2938 4149 non
2961 4102 3125 4150 deest
3146 4101 3409 4151 fremitus
3442 4114 3574 4165 per-

1967 4176 2303 4222 secutorum
2331 4185 2342 4220 :
2382 4171 2636 4234 impetus
2679 4175 2875 4220 tamen
2907 4183 3046 4220 suos
3071 4171 3144 4220 ad
3170 4171 3573 4232 cogitationem

1969 4248 2283 4294 verterunt.
2312 4241 2544 4292 Dictum
2566 4245 2654 4291 est
2679 4241 2748 4291 de
2774 4241 2867 4290 his
2888 4241 3241 4304 temporibus
3259 4243 3526 4293 Ecclesia:
3559 4259 3572 4292 :

1967 4317 2235 4366 Peccator
2246 4313 2460 4364 videbit
2483 4316 2540 4363 et
2564 4313 2844 4362 irascetur
2864 4310 3136 4361 dentibus
3155 4311 3279 4361 suis
3298 4312 3500 4362 fremet
3517 4317 3575 4365 et

1969 4387 2228 4436 tabescet
2264 4383 2610 4446 (Psat.114.).
2639 4384 2742 4433 Pro
2767 4382 2860 4432 his
2882 4389 3004 4431 orat
3031 4390 3264 4444 martyr,
3282 4383 3574 4444 quomodo

1971 4461 2029 4508 et
2052 4470 2154 4520 pro
2177 4454 2306 4517 illis,
2332 4459 2398 4505 ut
2422 4460 2738 4505 retrorsum
2762 4455 3113 4514 avertantur,
3139 4452 3306 4516 idest,
3338 4453 3576 4506 credant

1970 4529 2030 4579 in
2042 4526 2331 4577 Christum
2349 4530 2406 4576 et
2425 4530 2762 4588 sequantur.
2791 4523 3118 4572 Erubescant
3143 4524 3316 4574 etiam
3338 4526 3409 4576 de
3427 4539 3574 4578 com-

1972 4599 2166 4649 missis
2178 4597 2450 4660 peccatis,
2469 4597 2738 4646 Peccator
2749 4594 2903 4646 enim
2917 4597 2972 4644 et
2982 4595 3292 4657 patuitens,
3310 4608 3425 4658 quo
3443 4599 3575 4660 plus

265 4667 544 4718 cabu-ntur
572 4669 807 4716 civitates
842 4668 1014 4731 Judm,
1055 4669 1111 4718 id
1135 4674 1243 4732 est,
1268 4670 1480 4720 animaa
1503 4682 1609 4720 sua
1637 4675 1870 4734 peccata
1897 4667 1951 4738 D
1973 4669 2153 4721 defert
2184 4666 2544 4719 verecundiae
2578 4666 2650 4717 de
2687 4665 3076 4738 recordatione
3100 4665 3308 4727 dilecti,
3340 4681 3406 4719 eo
3435 4668 3573 4721 ube-

269 4740 629 4791 conﬁtentes.
655 4741 890 4790 Initium
908 4741 1189 4791 bonorum
1212 4741 1600 4792 estconfessio
1616 4747 1870 4804 peccato-

269 4824 426 4862 rum.
451 4814 522 4862 Et
540 4812 738 4874 justus
760 4815 817 4862 111
835 4812 1112 4876 principio
1131 4816 1433 4862 accusator
1457 4817 1548 4863 est
1581 4813 1671 4863 sui
1693 4813 1877 4874 (Prov-

272 4885 405 4946 18.).
435 4885 683 4934 Primum
708 4896 845 4947 ergo
871 4882 1085 4934 debent
1107 4885 1371 4934 homines
1395 4883 1546 4934 mala
1568 4897 1674 4934 sua
1696 4884 1874 4934 conﬂ-

274 4956 405 5012 teri.
428 4959 602 5018 atque
619 4955 878 5005 moribus
892 4955 952 5004 in
964 4956 1171 5005 melius
1187 4956 1556 5005 commutari:
1577 4959 1635 5006 et
1651 4957 1735 5005 sic
1751 4958 1874 5003 aedi-

273 5029 610 5078 iicabuntur
633 5028 693 5076 in
716 5026 944 5078 civitate
960 5026 1080 5087 Dei,
1100 5026 1252 5077 unde
1273 5026 1531 5090 psalmus
1554 5026 1878 5077 intitulatur

275 5110 384 5165 pro
424 5099 534 5160 his,
569 5098 800 5161 scilicet,
834 5097 935 5159 qui
959 5099 1481 5149 commutabuntur.
1509 5098 1576 5146 Et
1601 5097 1879 5146 inhabita-

275 5174 413 5222 bunt
438 5170 530 5231 ibi,
555 5170 613 5220 id
638 5176 746 5230 est,
771 5171 831 5220 in
854 5171 950 5220 illa
975 5171 1142 5220 beata
1165 5170 1417 5231 civ1tate,
1441 5171 1500 5220 in
1531 5171 1625 5220 illa
1648 5169 1878 5220 excelsa

273 5245 434 5296 Sion.
449 5244 514 5291 Et
535 5256 650 5294 non
671 5243 745 5296 ad
761 5244 978 5303 horam,
998 5243 1099 5292 sed
1124 5241 1424 5290 haereditate
1444 5243 1724 5305 acquirent
1739 5255 1875 5290 eam.

276 5321 352 5371 Ut
397 5315 734 5378 possideant
766 5314 920 5364 illam
957 5315 1014 5364 in
1047 5319 1328 5364 aeternum
1356 5330 1365 5360 :
1393 5317 1448 5362 et
1471 5325 1585 5362 non
1610 5325 1728 5363 una
1755 5312 1876 5362 sola

275 5389 576 5455 generatio
601 5387 909 5448 justorum,
949 5385 1047 5435 sed
1089 5397 1187 5448 per
1220 5396 1421 5435 omnes
1456 5383 1874 5434 successiones.

343 5461 432 5516 37.
461 5461 520 5508 Et
544 5474 720 5509 semen
741 5472 1017 5506 servorum
1039 5457 1172 5520 ejus,
1193 5456 1361 5515 idest,
1387 5455 1518 5504 lidei
1540 5455 1874 5511 imitatores.

275 5531 564 5600 possidebit
581 5545 716 5580 eam.
745 5532 813 5579 Et
833 5529 967 5592 quia
988 5529 1133 5579 ﬂues
1156 5528 1277 5577 sine
1301 5526 1604 5600 dilectione
1619 5538 1736 5576 non
1752 5529 1880 5575 valet

277 5597 485 5671 '(Jacob.
512 5602 605 5665 2.),
631 5602 908 5653 continuo
931 5600 1178 5663 adjecit:
1209 5600 1276 5646 Et
1299 5599 1396 5660 qui
1419 5597 1656 5671 diligunt
1686 5611 1881 5671 nomen

277 5669 420 5742 ejus,
467 5674 787 5724 habitabant
834 5674 893 5721 in
929 5688 1009 5722 ea.
1044 5672 1151 5734 Qui
1193 5683 1309 5721 non
1333 5683 1407 5720 ex
1432 5670 1653 5726 timore,
1681 5669 1792 5742 sed
1807 5682 1881 5720 ex

279 5741 482 5800 amore
513 5747 769 5798 serviunt
803 5747 938 5795 Deo.
965 5745 1079 5807 Ipsi
1103 5749 1240 5794 sunt
1269 5753 1484 5802 semen,
1510 5746 1568 5792 et
1590 5741 1698 5804 ipsi
1723 5741 1885 5791 inha-

279 5820 634 5873 bitabuntin
663 5831 747 5882 ea,
775 5823 1053 5879 tanquam
1075 5820 1135 5866 in
1157 5814 1492 5866 haereditate
1527 5825 1650 5864 sua.
1681 5811 1885 5864 Nullus

280 5892 366 5944 ibi
399 5891 782 5954 haereditabit,
815 5889 928 5941 nisi
957 5901 1056 5952 per
1088 5886 1470 5939 dilectionem.
1495 5887 1652 5937 Deus
1687 5887 1776 5937 est
1798 5884 1887 5936 di-

1973 4741 2180 4792 riorem
2201 4751 2236 4790 a
2266 4739 2508 4788 Domino
2533 4741 2784 4788 meretur
2800 4736 3063 4800 gratiam.
3081 4739 3280 4789 Nonne
3293 4739 3417 4791 haec
3434 4751 3580 4803 prse-

1976 4812 2106 4863 tulit
2132 4809 2496 4868 Publicanus,
2524 4809 2624 4872 qui
2645 4821 2751 4860 nec
2775 4807 3024 4860 audebat
3047 4808 3246 4862 oculos
3268 4812 3342 4862 ad
3367 4813 3577 4865 caelum

1973 4883 2199 4934 levare?
2215 4881 2371 4942 ldeoj
2381 4881 2712 4931 ustiilcatur
2733 4880 2919 4942 magis
2939 4881 3162 4932 Domini
3174 4882 3576 4947 Judicio,qunm

1975 4953 2067 5004 ille
2108 4953 2450 5012 Pharisatus,
2493 4965 2667 5015 quem
2701 4951 3038 5003 deformavit
3069 4957 3404 5016 presumtio
3435 4957 3579 5020 (Luc.

1978 5026 2102 5088 '18.).
2127 5026 2457 5074 Avertantur
2478 5025 2664 5073 statim
2687 5024 3055 5088 erubescentes,
3084 5026 3182 5088 qui
3207 5027 3392 5076 dicant
3416 5029 3579 5093 mihi,

1979 5098 2143 5160 Euge,
2169 5097 2335 5158 Euge.
2365 5095 2536 5158 Idest,
2574 5097 2742 5155 Bene,
2768 5096 2931 5146 bene.
2957 5096 3228 5148 Similiter
3249 5103 3581 5151 avertantur

1978 5167 2055 5218 illi
2078 5169 2488 5219 erubescentes
2515 5166 2585 5217 de
2610 5166 2779 5217 malis
2806 5167 2948 5225 suis,
2975 5167 3073 5229 qui
3097 5169 3404 5219 adulantur
3420 5169 3577 5223 mihi.

1978 5241 2047 5290 Et
2065 5239 2173 5289 hoc
2197 5240 2398 5301 statim,
2427 5243 2491 5289 ut
2514 5251 2714 5289 eorum
2731 5243 3030 5290 conversio
3055 5251 3173 5289 non
3197 5245 3466 5291 moretur.
3481 5243 3579 5293 Fa-

1978 5313 2082 5363 cile
2112 5313 2264 5362 enim
2289 5311 2630 5361 emendatur
2647 5310 2832 5374 culpa,
2848 5323 2981 5373 quae
3003 5311 3114 5360 cito
3130 5311 3446 5372 corrigitur.
3474 5313 3578 5366 His

1983 5385 2160 5434 tribus
2183 5383 2446 5433 versibus
2475 5383 2582 5433 tria
2605 5394 2818 5444 genera
2841 5387 3277 5444 persecutorum
3294 5395 3582 5436 commen-

1980 5457 2208 5512 dantur,
2251 5453 2309 5504 id
2338 5459 2442 5514 est,
2478 5452 2890 5515 malet-actores,
2922 5451 3186 5503 malevoli
3214 5454 3540 5508 adulatores
3568 5476 3578 5507 :

1982 5539 2223 5590 quorum
2250 5528 2498 5590 primum
2522 5526 2782 5589 tltopere,
2805 5525 3046 5575 alterum
3063 5527 3382 5591 cogitatione,
3402 5526 3578 5596 335

1984 5600 2213 5650 tertium
2236 5596 2540 5649 locutione.
2575 5597 2675 5647 His
2699 5596 2882 5646 tribus
2905 5597 3098 5648 modis
3113 5597 3583 5662 afﬂigiturcorpus

1983 5671 2208 5721 Christi.
2236 5669 2481 5733 Reprobi
2507 5668 2658 5721 enim
2683 5667 2832 5718 mala
2855 5681 2986 5731 quae
3010 5675 3274 5735 possunt,
3298 5672 3465 5724 bonis
3488 5675 3581 5725 in-

1983 5742 2125 5792 ferre
2137 5754 2255 5792 non
2271 5741 2581 5793 desistunt.
2601 5742 2671 5790 Et
2689 5752 2822 5790 cum
2839 5753 2957 5791 non
2973 5747 3220 5804 possunt
3237 5747 3428 5794 malum
3445 5749 3581 5808 quod

1985 5812 2189 5865 volunt
2212 5823 2529 5877 agere,non
2555 5815 2790 5863 cessant
2813 5810 2954 5863 illud
2984 5813 3292 5878 cogitando
3317 5821 3581 5872 tractare.

1987 5885 2058 5935 Et
2079 5896 2212 5935 cum
2223 5895 2429 5936 nocere
2451 5895 2570 5936 non
2590 5883 2906 5946 valent,aut
2924 5897 3043 5939 non
3063 5885 3281 5940 audent
3293 5887 3353 5941 in
3365 5891 3584 5952 aperto-
