3880 6222
368 243 469 299 931

1428 242 1696 295 RUFINO
1726 242 2188 296 PRESBYTERO
2220 242 2607 296 ASCRIPTUS

3624 245 3736 300 93!

369 358 586 434 faciunt
617 354 772 434 quod
796 356 1074 434 possunt,
1109 354 1457 434 simulando,
1502 355 1809 434 adulando,
1840 356 1965 408 lau-
1995 361 2051 434 Α
2077 357 2323 434 vel_n_on
2346 356 2661 434 confundar
2692 357 2755 434 in
2788 362 3067 434 aeternum.
3116 334 3486 434 Recedendo
3507 372 3556 434 a_
3583 361 3734 434 Deo,

369 428 577 486 dando,
595 426 956 478 attrahendo.
978 426 1080 476 lsti
1104 431 1243 477 sunt
1261 427 1358 489 qui
1382 427 1600 488 dicunt,
1632 427 1799 491 Euge,
1816 444 1964 491 euge:

368 498 466 562 qui
496 510 644 561 quos
672 500 935 561 possunt,
962 496 1120 546 falsis
1143 496 1413 548 laudibus
1438 498 1739 549 seducunt.
1757 499 1862 549 Pro
1879 499 1969 549 his

371 572 567 621 tamen
604 574 727 620 orat
758 567 1027 630 Ecclesia,
1054 572 1121 619 ut
1153 573 1587 632 convertantur,
1612 574 1668 621 et
1692 570 1792 620 ﬁat
1815 570 1970 633 quod

369 641 749 704 subjunctum
774 644 895 689 est:

423 711 474 765 5.
505 710 805 771 Exsutteni,
845 709 1170 761 secundum
1213 722 1438 775 corpus,
1486 716 1533 760 et
1580 713 1839 771 laetentur,
1884 727 1969 766 se-

363 783 623 834 cundum
665 781 922 832 animam
955 793 1074 831 non
1105 781 1166 831 in
1191 794 1254 833 se
1277 781 1608 845 gloriantes.
1638 784 1739 835 sed
1763 785 1824 833 in
1849 789 1911 849 te,
1936 797 1971 837 a

362 868 477 918 quo
500 854 717 905 habent
740 852 922 904 laetari
945 856 1002 902 et
1030 851 1309 916 exultare,
1328 868 1509 903 omnes
1522 855 1620 918 qui
1637 861 1886 919 quaerunt
1902 856 1963 906 le.

362 928 507 987 Quia
545 924 639 976 alii
662 936 779 974 non
809 923 1027 975 habent
1062 924 1122 974 in
1158 929 1212 975 te
1241 925 1421 975 laetari
1450 924 1540 976 vel
1567 927 1874 979 exsultare.
1902 928 1969 976 Et

362 998 543 1046 dicant
566 1010 788 1059 semper,
802 995 1181 1057 mugniﬁcetur
1206 995 1489 1045 Dominus.
1507 998 1772 1049 Peccator
1783 1011 1845 1049 es
1862 998 1928 1061 (E
1929 1014 1969 1046 εις

360 1065 732 1132 Augustino)?
756 1066 1175 1129 magniﬁcetur,
1195 1070 1260 1117 ut
1282 1071 1464 1117 vocet.
1492 1069 1966 1119 Conﬁteris‘tma-

361 1140 686 1203 gnillcetur,
712 1140 775 1187 ut
798 1136 1078 1199 ignoscat.
1095 1139 1125 1189 J
1132 1148 1225 1188 am
1235 1140 1254 1200 j
1267 1142 1394 1189 uste
1406 1139 1553 1190 vivis
1570 1142 1592 1186 ?
1604 1144 1967 1201 magniﬁcetur.

361 1216 428 1262 ut
454 1214 631 1273 regat.
660 1210 995 1259 Perseveras
1022 1220 1208 1271 usque
1226 1208 1285 1259 in
1311 1209 1523 1261 ﬁnem?
1547 1211 1967 1274 magniﬁcetur,

359 1287 426 1333 ut.
469 1280 764 1346 gloriﬁcet.
802 1282 1036 1344 Semper
1077 1293 1214 1344 ergo
1242 1281 1643 1344 magniﬁcetur
1666 1283 1967 1334 Dominus.

361 1354 484 1403 Hoc
505 1352 699 1402 dicant
711 1350 881 1413 justi:
908 1351 1017 1401 hoc
1031 1350 1249 1411 dicant,
1264 1352 1363 1414 qui
1378 1357 1649 1414 qumrunt
1661 1366 1813 1404 eum.
1830 1356 1975 1409 Quis.

362 1423 494 1486 quis
532 1420 645 1473 hoc
688 1433 807 1472 non
845 1421 1001 1480 dicit,
1039 1434 1160 1472 non
1189 1422 1396 1485 qumrit
1433 1436 1584 1474 eum.
1610 1424 1816 1475 Dicant
1842 1423 1971 1488 hoc,

364 1497 467 1555 Qui
490 1497 728 1560 diligunt
752 1495 993 1544 salutare
1019 1501 1193 1559 tuum,
1221 1497 1276 1547 id
1308 1502 1416 1559 est,
1442 1498 1647 1549 Filium
1674 1504 1858 1551 tuum.
1884 1501 1972 1550 Ab

362 1569 456 1620 illo
481 1574 572 1621 est
594 1570 745 1620 enim
770 1567 883 1619 illis
901 1568 1078 1631 salus,
1094 1582 1212 1620 non
1234 1582 1268 1621 a
1290 1583 1369 1621 se.
1398 1573 1513 1623 Nec
1533 1572 1706 1636 digne
1729 1577 1975 1637 possunt

362 1639 593 1692 laudare
622 1642 808 1691 Deum
842 1642 1085 1703 Patrem,
1126 1640 1225 1703 qui
1264 1654 1382 1691 non
1405 1641 1651 1705 diligunt
1674 1645 1856 1695 Deum
1877 1644 1973 1694 Fi—

360 1710 522 1771 lium,
550 1724 648 1775 per
668 1724 840 1774 quem
866 1710 1066 1762 salvati
1092 1716 1245 1762 sunt.
1266 1712 1487 1777 Dicant,
1515 1714 1856 1778 Magniﬁcus
1877 1718 1966 1765 est

360 1783 660 1845 Dominus,
685 1782 783 1844 qui
818 1795 925 1832 nos
951 1787 1066 1832 tam
1090 1786 1354 1846 potenter
1377 1785 1642 1836 salvavit.
1668 1787 1750 1837 De
1775 1799 1836 1837 se
1859 1798 1966 1837 au-

362 1861 478 1907 tem
501 1855 654 1905 dicat
680 1855 1085 1917 unusquisque
1115 1854 1269 1916 quod
1296 1856 1560 1906 subditur
1591 1874 1602 1904 :

422 1927 473 1980 6.
505 1926 618 1989 Ego
644 1939 761 1973 vero
784 1940 994 1988 egenus,
1018 1925 1356 1976 mendicans
1383 1939 1573 1978 meam
1599 1926 1862 1989 salutem,
1882 1927 1969 1979 vel

359 1996 601 2047 aliorum
628 2010 640 2045 :
676 1994 721 2043 et
750 2010 962 2059 pauper
984 2010 1125 2058 sum,
1150 1995 1210 2046 id
1242 2001 1350 2059 est,
1377 1996 1733 2047 insufﬁciens
1759 2010 1854 2057 per
1875 2009 1969 2049 me

361 2068 434 2129 ad
459 2080 586 2119 eam
610 2066 1031 2130 inquirendam.
1051 2068 1165 2117 Nec
1199 2072 1392 2118 tamen
1416 2067 1545 2119 idco
1569 2067 1766 2119 difﬁdo
1795 2084 1806 2118 :
1833 2082 1969 2119 nam
2014 2126 2021 2133 ο

360 2139 499 2187 Deus
520 2136 749 2201 adjuvat
766 2152 877 2187 me:
911 2141 975 2187 ut
994 2138 1215 2200 possim
1238 2148 1412 2199 quam
1436 2137 1699 2189 desidero
1725 2138 1968 2190 salutem

359 2208 671 2272 possidere.
715 2208 806 2258 Sic
840 2206 1041 2269 utique
1072 2219 1181 2259 nos
1221 2208 1404 2259 Deum
1440 2207 1673 2260 laudare
1696 2209 1879 2272 decet,
1905 2214 1969 2261 ut

359 2292 493 2331 cum
517 2279 680 2329 illum
698 2282 865 2342 prout
887 2290 1200 2341 possumus
1223 2279 1970 2342 magniﬁcamus,nosmetip-

359 2363 456 2401 sos
478 2350 740 2400 inﬁrmos
765 2352 821 2398 et
843 2346 1079 2399 inutiles
1104 2348 1456 2411 judicemus.
1486 2349 1579 2401 Ille
1603 2352 1759 2402 enim
1780 2352 1968 2403 abun-

356 2420 519 2482 dans,
551 2433 657 2470 nos
699 2419 864 2482 egeni
896 2436 906 2466 :
935 2417 1027 2469 ille
1052 2418 1235 2482 dives,
1269 2433 1378 2471 nos
1403 2433 1707 2485 pauperes.
1730 2422 1966 2484 Quando

353 2492 481 2544 hinc
506 2489 998 2555 recognoscimus,
1024 2492 1081 2541 et
1108 2489 1178 2541 de
1199 2492 1370 2541 nobis
1394 2491 1743 2556 diffidentes,
1761 2494 1818 2544 in
1840 2494 1966 2558 ipso

348 2577 376 2614 s
389 2564 478 2614 olo
502 2561 847 2613 conﬁdimus
869 2577 879 2608 :
902 2564 1041 2611 tunc
1064 2573 1173 2611 nos
1192 2565 1486 2624 tamquam
1506 2576 1785 2628 pauperes
1798 2570 1967 2625 elege-

353 2648 460 2686 nos
498 2634 742 2697 adjuvat
779 2634 952 2683 Deus.
978 2631 1142 2684 Unde
1164 2633 1237 2683 ad
1260 2633 1453 2697 ipsum
1477 2635 1647 2699 cujus
1670 2636 1846 2686 habet
1865 2636 1966 2686 ad-

351 2706 651 2770 jutorium,
670 2703 1003 2755 familiarem
1022 2715 1085 2754 se
1100 2710 1448 2756 convertens
1461 2706 1815 2758 locutionem
1837 2707 1967 2758 sub-

350 2776 546 2843 jungit
570 2791 582 2827 z
610 2775 847 2838 Adjutor
869 2787 1037 2837 meus,
1062 2775 1123 2824 in
1160 2774 1347 2839 bonis,
1378 2780 1424 2825 et
1447 2775 1703 2825 liberator
1729 2792 1896 2836 meus,
1931 2788 1965 2828 a

358 2849 543 2909 malis,
569 2861 619 2895 es
644 2850 731 2895 tu:
752 2849 810 2896 et
833 2856 951 2895 non
974 2843 1142 2896 alius.
1168 2847 1236 2895 Et
1260 2845 1369 2896 hoc
1388 2850 1612 2897 tantum
1630 2847 1769 2898 mihi
1785 2853 1964 2899 restat

358 2924 546 2985 petere
588 2932 602 2969 :
634 2916 881 2980 Domine,
918 2930 987 2964 ne
1008 2916 1235 2965 moreris
1261 2933 1271 2965 :
1301 2917 1403 2968 sed
1429 2918 1517 2969 fac
1541 2919 1688 2981 quod
1713 2920 1964 2970 facturus

360 3003 444 3054 es,
470 2986 734 3040 ducendo
769 3000 860 3038 me
890 2985 952 3037 in
989 2986 1228 3051 gloriam
1254 2990 1429 3039 tuam.
1460 2988 1634 3039 Ethic
1658 2993 1852 3052 aperte
1875 2990 1965 3040 in—

357 3061 499 3113 nuit:
542 3072 605 3111 se
639 3069 955 3110 memorem
987 3056 1397 3109 beneﬁciorum
1432 3059 1553 3120 Dei,
1582 3059 1733 3110 sicut
1758 3060 1961 3112 titulus

355 3131 712 3198 prsenotavit.
750 3127 1127 3194 lmploremus
1159 3134 1216 3181 et
1246 3142 1353 3181 nos
1388 3130 1618 3181 Domini
1650 3131 1753 3182 Dei
1777 3132 1959 3183 nostri

355 3202 703 3268 adjutorium
745 3205 804 3252 et
838 3200 1255 3262 liberationem,
1296 3205 1353 3252 et
1376 3199 1653 3265 gloriam:
1691 3206 1861 3266 atque
1884 3216 1958 3255 ex

358 3277 474 3327 toto
495 3272 666 3326 corde
689 3271 952 3323 dicamus
975 3270 1071 3333 illi,
1101 3271 1346 3336 Domine,
1374 3287 1439 3321 ne
1461 3272 1706 3324 moreris.

662 3359 1026 3423 TITULUS
1080 3359 1397 3423 PSALMI
1440 3359 1645 3423 LXX.

419 3465 467 3511 1.
493 3460 719 3508 Psalmus
737 3460 826 3521 qui
841 3458 1087 3521 sequitur,
1103 3458 1195 3521 hoc
1218 3458 1674 3521 modointitulatur
1695 3473 1706 3506 :
1725 3458 1959 3521 Inﬁnem

355 3522 596 3588 psalmus
620 3519 826 3588 Dauid,
840 3518 1087 3588 fittorum
1110 3518 1379 3588 Jonadab,
1398 3526 1441 3566 et
1453 3520 1704 3588 priorum
1722 3518 1961 3588 captivo—

357 3581 499 3633 rum.
517 3585 608 3630 Hic
625 3582 801 3628 titulus
819 3582 976 3643 tangit
994 3581 1274 3643 historiam,
1291 3581 1541 3641 quomOdo
1560 3581 1887 3630 ﬁliiJonadah
1905 3589 1957 3633 in

357 3649 522 3708 prima
559 3645 845 3703 captivitate
866 3642 929 3708 in
956 3642 1277 3708 Babyloniam
1299 3644 1435 3689 ducti
1451 3648 1577 3708 sunt
1597 3644 1811 3704 (Jerem.
1838 3648 1898 3696 35
1922 3648 1955 3708 ).

359 3703 700 3771 Quibuspater
724 3703 946 3771 Jonadab
978 3706 1225 3771 praecepit
1242 3710 1297 3752 ut
1324 3718 1426 3771 non
1451 3705 1677 3771 biberent
1698 3708 1894 3771 vinum,
1912 3703 1959 3756 et

359 3774 412 3818 in
460 3769 792 3816 tabernaculis
825 3773 1159 3816 morarentur.
1203 3767 1425 3814 Jonadab
1462 3770 1552 3826 qui
1602 3767 1957 3827 interpretatur

354 3836 699 3895 spontaneus,
710 3831 986 3895 Dominum
1000 3829 1254 3876 Christum
1266 3831 1507 3895 ﬁguravit
1523 3844 1536 3880 :
1554 3830 1643 3890 qui
1656 3831 1777 3895 ﬁliis
1789 3834 1957 3880 etimi-

362 3891 598 3941 tatoribus
642 3893 749 3938 suis
773 3891 1025 3958 praecepit,
1063 3897 1117 3938 ut
1140 3904 1240 3958 non
1266 3892 1437 3938 bibant
1462 3893 1639 3958 vinum
1664 3892 1808 3958 (Luc.
1834 3895 1953 3958 21.),

357 3958 407 4004 id
432 3962 520 4013 est,
543 3961 749 4001 terrenae
765 3954 1009 4013 voluptati
1036 3966 1133 3999 non
1156 3953 1454 4003 inhmreant:
1471 3960 1518 4001 et
1541 3957 1593 4001 in
1623 3953 1957 4007 tabernaculis

354 4020 406 4066 id
429 4025 521 4075 est,
546 4019 600 4064 in
625 4018 807 4065 militia
827 4016 1025 4064 Domini
1045 4016 1268 4063 habitare
1280 4023 1622 4065 consuescant.
1643 4021 1957 4077 Spontaneus

353 4081 549 4129 Domini
573 4081 669 4127 fuit
696 4081 925 4128 Christus
948 4079 1059 4140 qui
1076 4079 1288 4126 Domino
1314 4081 1444 4127 Patri
1470 4093 1631 4140 usque
1657 4083 1721 4127 ad
1751 4090 1958 4130 mortem

355 4145 513 4192 factus
536 4150 606 4191 est
629 4143 872 4191 obedieus
895 4138 1116 4204 (Philip.
1152 4143 1239 4202 2.).
1270 4138 1737 4202 Exponitur'autem
1750 4146 1823 4191 sic
1836 4146 1958 4193 titu-

354 4218 437 4264 lus
462 4228 475 4263 :
521 4214 748 4261 Psalmus
778 4215 870 4261 iste
907 4212 1198 4259 attribuitur
1222 4208 1398 4278 344
1434 4212 1541 4276 ipsi
1565 4213 1761 4277 David,
1788 4218 1838 4263 id
1862 4223 1952 4282 est,

356 4286 573 4345 Christo,
609 4286 732 4345 quia
765 4284 1001 4345 Christus
1028 4284 1253 4342 loquitur
1276 4286 1329 4331 in
1355 4292 1448 4332 hoc
1470 4285 1682 4343 psalmo.
1709 4287 1952 4345 Psalmus,

354 4322 749 4411 agilem;
764 4322 1043 4409 33W,
1050 4322 1113 4411 ῐξί
1115 4322 1223 4404 Eii,“
1218 4322 1292 4394 illi
1292 4322 1329 4393 ἶ
1315 4322 1628 4411 uitiati-731."
1618 4322 1687 4395 ι»ἶέ
1693 4322 1954 4409 ﬁliiﬁlii

356 4408 1956 4483 repeteretur“sitietet‘immmsummesumme

356 4475 451 4521 ﬁlii
478 4473 682 4529 Christi,
705 4474 846 4531 prius
861 4472 956 4518 ﬁlii
973 4473 1128 4519 Adam
1142 4472 1196 4518 in
1210 4472 1495 4531 captivitate
1509 4486 1537 4518 a
1551 4474 1750 4520 diabolo
1766 4475 1951 4533 captivi

353 4540 473 4584 sunt
496 4536 651 4585 ducti.
668 4537 790 4583 Nam
811 4548 913 4582 non
939 4535 1035 4581 fuit
1059 4535 1203 4597 prius
1226 4535 1303 4597 (ut
1324 4537 1394 4581 ait
1410 4536 1692 4596 Apostolus)
1703 4539 1835 4594 quod
1853 4536 1952 4595 spi-

354 4600 397 4645 ri
406 4598 537 4645 tuale
558 4603 650 4660 est,
671 4598 756 4645 sed
768 4598 903 4657 quod
916 4595 1187 4657 animale(l
1200 4632 1211 4645 .
1233 4595 1349 4646 Cor.
1364 4598 1481 4657 15.).
1498 4595 1755 4645 Anima’les
1766 4599 1950 4658 quippe

354 4663 408 4708 in
432 4661 587 4707 Adam
606 4659 812 4719 fuimus,
840 4660 894 4705 in
918 4672 1067 4706 carne
1090 4660 1341 4708 viventes:
1371 4660 1425 4707 in
1446 4661 1641 4708 Christo
1658 4674 1773 4708 vero
1797 4662 1953 4719 spiri-

353 4720 532 4784 tuales,
580 4723 631 4768 id
668 4726 756 4781 est,
780 4720 974 4784 spiritu
1016 4722 1258 4769 viventes.
1283 4723 1483 4770 Materia
1504 4728 1577 4769 est
1593 4724 1763 4781 justus
1785 4724 1953 4771 omnis

350 4783 559 4845 sperans
582 4785 635 4831 in
652 4783 880 4831 Domino.
911 4784 970 4829 Et
1006 4784 1358 4832 describuntur
1391 4786 1547 4832 multa
1578 4786 1821 4833 beneﬁcia
1846 4787 1949 4842 Dei,

351 4853 483 4895 circa
521 4850 805 4907 sperantem,
842 4845 896 4891 in
942 4858 1075 4894 eum.
1116 4847 1171 4892 In
1214 4847 1378 4905 prima
1400 4853 1535 4906 parte
1556 4848 1895 4907 petitliberari
1921 4863 1951 4895 a

352 4909 521 4966 malis,
548 4912 604 4954 ut
623 4906 945 4966 possitDeum
960 4908 1180 4954 laudare.
1200 4909 1257 4954 in
1276 4911 1497 4970 secunda
1513 4909 1645 4970 (qum
1663 4910 1860 4969 incipit,
1887 4924 1950 4957 ne

351 4971 589 5031 projicias
624 4982 702 5015 me
734 4970 793 5031 in,
819 4972 1037 5027 tempore
1077 4968 1359 5031 senectutis)
1398 4968 1535 5030 petit,
1583 4976 1639 5019 ut
1670 4968 1799 5019 sicut
1823 4974 1950 5020 Deus

352 5030 399 5082 ei
420 5032 617 5081 obludit
645 5030 883 5077 beneﬁcia
906 5044 999 5077 sua
1030 5031 1083 5076 in
1123 5030 1405 5093 juventute,
1430 5034 1503 5080 sic
1529 5034 1673 5080 faciat
1695 5035 1750 5081 in
1774 5048 1949 5082 senec-

354 5102 470 5156 tute,
488 5095 577 5143 ubi
600 5093 875 5140 maximum
900 5106 1028 5151 opus
1044 5094 1215 5156 est.iIn
1234 5095 1376 5140 tertia
1398 5094 1734 5155 (qureincipit.
1755 5098 1871 5151 Quas
1886 5098 1949 5145 fe-

352 5155 465 5207 cisti
508 5158 762 5217 magnalia
801 5156 944 5216 Deus,
973 5156 1089 5214 quis
1111 5155 1297 5201 similis
1329 5157 1418 5202 tibi
1437 5158 1480 5216 Ἰ)
1505 5160 1647 5216 ponit
1674 5159 1944 5217 gratiarum

350 5224 596 5270 actionem
620 5221 682 5266 de
712 5219 904 5267 collatis
929 5217 1205 5264 beneﬁciis.
1232 5218 1415 5264 Invitat
1446 5233 1535 5266 nos
1558 5232 1707 5267 verus
1724 5221 1946 5269 Ionadab

351 5286 483 5331 ﬁlios
514 5296 633 5331 suos
654 5284 716 5329 ad
739 5282 821 5346 sui
845 5280 1257 5340 conformitatem,
1282 5285 1338 5327 nt
1360 5292 1478 5346 non,
1494 5282 1722 5329 bibamus
1747 5284 1944 5346 vinum,

349 5354 398 5393 et
419 5347 473 5393 in
513 5344 849 5392 tabernaculis
878 5345 1291 5403 moremur,sicut
1314 5345 1837 5403 superiusexpositum
1853 5344 1942 5394 est;

348 5410 408 5456 Et
435 5412 487 5454 ut
509 5408 640 5454 sicut
660 5409 770 5466 ipse
786 5419 873 5466 per
888 5405 1181 5454 obedientiaa
1205 5419 1311 5453 suae
1339 5407 1674 5454 humilitatem
1697 5408 1941 5456 sublima-

350 5476 426 5517 tus
448 5475 521 5516 est
546 5468 767 5546 (Philip.
782 5466 874 5546 ‘2.),
892 5469 1656 5546 perlejusliumili'talis‘vestigia
1680 5471 1944 5546 sublimari

346 5532 642 5579 mereamur.
695 5532 749 5578 Et
782 5533 889 5577 haec
925 5536 999 5578 est
1030 5532 1261 5580 intentio.
1300 5532 1388 5578 Per
1428 5536 1583 5580 totum
1613 5538 1780 5581 autem
1803 5535 1942 5593 psal-

344 5606 482 5642 mum
507 5594 666 5652 gratia
696 5594 782 5640 Dei
817 5594 1207 5641 commendatur.
1232 5594 1447 5653 Aitergo
1474 5608 1485 5641 :

806 5670 1201 5737 PSALMUS
1256 5671 1466 5736 LXX.

366 5762 371 5765 ⁷
405 5765 458 5823 2.
496 5766 565 5817 In
601 5768 666 5829 te,
688 5765 935 5832 Domine,
968 5768 1201 5834 speravi,
1225 5773 1285 5822 et
1316 5770 1367 5823 si
1386 5768 1561 5825 modo
1583 5770 1940 5835 confundar;

1996 1734 2048 1808 Β

1988 3151 2037 3226 C

2075 429 2228 481 cadit
2246 428 2418 480 homo
2429 428 2489 479 in
2510 432 2828 493 peccatum,
2841 434 2900 481 et
2914 430 3323 482 confunditur.
3350 431 3729 485 Accedendo

2071 501 2144 552 ad
2198 502 2529 563 Dominum,
2567 499 2797 563 corrigit
2843 513 2924 564 se,
2959 506 3020 553 et
3064 514 3184 552 non
3221 502 3729 555 confundeturin
3818 499 3819 563 l

2072 578 2369 623 aeternum.
2395 573 2465 621 Et
2500 584 2572 621 ne
2598 570 2873 622 confundi
2896 573 3104 634 valeat,
3127 573 3295 637 petit,
3328 573 3552 625 dicens
3590 591 3604 622 :

2132 644 2196 691 In
2240 642 2457 706 justitia
2500 646 2596 691 tua
2638 640 2805 697 libera
2852 657 2953 703 me,
2988 648 3036 692 et
3069 645 3222 708 eripe
3244 658 3351 693 me.
3383 646 3524 696 Duo
3554 650 3723 707 sunt,

2070 725 2202 777 quae
2225 714 2285 764 in
2309 712 2654 764 servitutem
2679 726 2786 764 nos
2799 714 3443 779 redigunt:peccatum
3465 716 3721 778 scilicet,

2071 790 2128 836 et
2148 796 2320 848 poena
2342 784 2576 847 peccati.
2608 785 2766 836 Unde
2790 798 2946 837 nunc
2968 787 3230 850 postulat
3250 786 3503 839 liberari
3525 800 3563 839 a
3582 800 3723 852 pec-

2070 860 2199 907 cato
2254 868 2355 919 per
2390 855 2694 918 justitiam,
2736 860 2913 919 atque
2955 857 3096 922 eripi
3144 870 3181 909 a
3220 871 3410 923 paena
3460 862 3717 924 peccati,

2070 926 2426 979 transeundo
2448 939 2483 978 a
2502 932 2688 978 morte
2714 927 2787 978 ad
2812 926 3069 991 gloriam.
3106 930 3176 979 Et
3201 931 3360 982 bene
3384 931 3499 993 ait,
3528 931 3713 994 [πλει-

2068 1000 2217 1048 stitia
2259 1005 2355 1048 tua
2387 998 2497 1049 hoc
2533 1003 2623 1050 est
2652 1010 2688 1050 a
2720 1003 2775 1050 te
2798 1000 2948 1051 data.
2973 1002 3133 1052 Deus
3156 1006 3252 1053 est
3273 1002 3447 1053 enim
3475 1003 3587 1065 qui
3614 1015 3717 1067 per

2069 1071 2315 1135 gratiam
2339 1082 2507 1121 suam
2517 1071 3076 1135 operaturjustitiam
3103 1073 3161 1122 in
3179 1073 3451 1136 homine,
3465 1076 3592 1122 sine
3609 1089 3711 1121 me—

2070 1142 2209 1193 ritis.
2232 1145 2361 1205 ipse
2385 1142 2540 1193 enim
2564 1142 2665 1193 dat
2676 1142 2849 1194 ﬁdem
2862 1155 3047 1207 suam,
3062 1156 3197 1207 qum
3213 1149 3546 1210 reputatur
3562 1148 3713 1194 nobis

2068 1213 2142 1265 ad
2183 1212 2469 1276 justitiam
2505 1212 2669 1276 (Rom.
2705 1212 2815 1273 4.):
2851 1225 2984 1275 quas
3015 1220 3299 1278 operante
3320 1216 3546 1279 gratia,
3574 1215 3711 1265 facit

2069 1283 2363 1335 hominem
2383 1282 2643 1333 liberum.
2680 1283 2779 1345 qui
2810 1295 3013 1335 servus
3039 1284 3231 1336 fuerat
3250 1298 3361 1350 per
3383 1292 3711 1351 peccatum

2073 1355 2250 1417 (Joan.
2276 1352 2366 1416 8.).
2392 1354 2461 1404 Et
2487 1354 2621 1416 quia
2642 1354 2851 1404 merita
2872 1366 3000 1406 mea
3022 1354 3194 1419 digna
3219 1368 3348 1408 non
3377 1361 3622 1418 essent,
3646 1362 3709 1407 ut

2070 1425 2143 1477 ad
2174 1427 2338 1476 tuam
2373 1423 2737 1475 altitudinem
2761 1425 3129 1488 pervenirent
3158 1439 3172 1476 :
3208 1426 3346 1478 ideo
3370 1427 3607 1477 lnctina
3636 1427 3711 1475 ad

2070 1511 2153 1545 me
2175 1509 2364 1544 aurem
2389 1499 2561 1555 tuam,
2579 1494 2636 1545 id
2660 1498 2768 1557 est,
2802 1494 3203 1547 eondescende
3226 1497 3378 1548 mihi
3403 1510 3518 1562 per
3537 1503 3704 1549 tuam

2071 1567 2450 1625 clementiam,
2481 1571 2525 1613 et
2548 1565 2698 1614 salva
2723 1580 2824 1614 me.
2863 1567 2932 1617 Et
2956 1567 3085 1618 haec
3109 1568 3221 1630 (Ea:
3243 1569 3596 1633 Augustino}
3617 1574 3703 1621 est

2073 1636 2357 1689 confessio
2388 1636 2751 1687 humilitatis.
2783 1636 2890 1698 Qui
2915 1638 3071 1688 enim
3096 1638 3235 1689 dicit
3256 1639 3494 1689 Inclina
3518 1640 3599 1688 ad
3622 1655 3702 1689 me

2073 1710 2375 1760 conﬁtetur
2410 1708 2545 1769 quia
2569 1707 2741 1769 jacet,
2774 1712 3053 1771 tanquam
3074 1709 3301 1761 medico
3325 1710 3524 1761 stanti
3547 1723 3699 1775 aeger

2074 1783 2415 1845 prostratus.
2443 1777 2607 1827 Salva
2630 1793 2730 1840 me,
2752 1778 2955 1841 inquit.
2979 1780 3277 1841 Quomodo
3292 1783 3324 1831 εἴ

2129 1851 2180 1906 3.
2207 1851 2332 1900 Esto
2365 1850 2506 1898 mihi
2551 1849 2613 1897 iu
2645 1849 2815 1898 Deum
2849 1855 3219 1912 protectorem.
3258 1853 3346 1902 Ne
3378 1852 3461 1903 ad
3495 1864 3596 1904 me
3609 1852 3695 1917 ja-

2067 1922 2196 1972 cula
2218 1921 2554 1985 perveniant
2577 1920 2810 1970 inimici.
2825 1922 2945 1984 Ego
2956 1922 3111 1972 enim
3137 1926 3445 1987 protegere
3469 1923 3691 1975 menon

2065 2006 2323 2057 possum.
2351 1994 2418 2042 Et
2443 2003 2648 2055 parum
2672 1995 2762 2042 est
2787 1992 2850 2040 in
2874 1997 3238 2055 protectorem,
3264 1995 3401 2044 ideo
3424 1993 3687 2046 addidit:

2066 2063 2133 2112 Et
2171 2064 2229 2111 in
2279 2062 2455 2111 locum
2484 2061 2783 2123 munitum,
2822 2066 2881 2110 ut
2902 2062 3116 2111 salvum
3144 2077 3232 2114 me
3250 2063 3462 2127 facias.
3492 2067 3568 2116 Et
3587 2066 3689 2116 hoc

2066 2134 2174 2187 erit
2218 2133 2278 2184 in
2302 2132 2413 2185 alia
2445 2133 2578 2185 vita.
2618 2134 2701 2184 Ibi
2720 2132 2873 2184 enim
2894 2133 2956 2184 in
2980 2135 3288 2187 securitate
3311 2136 3571 2197 erimus,
3596 2137 3689 2188 ubi

2066 2218 2175 2256 nos
2217 2203 2451 2268 aggredi
2497 2202 2694 2255 nullus
2740 2201 2952 2255 valebit
2992 2204 3285 2257 inimicus.
3342 2207 3522 2258 Prius
3558 2219 3690 2270 ergo

2065 2278 2288 2340 oportet
2334 2278 2397 2326 ut
2419 2275 2512 2326 hic
2540 2279 2913 2338 protegamur
2933 2287 2966 2325 a
3003 2276 3143 2339 Deo,
3174 2277 3275 2327 ubi
3302 2276 3535 2329 bellum
3564 2282 3686 2329 est:

2068 2351 2356 2410 quatenus
2379 2345 2587 2398 deinde
2603 2346 2678 2397 sit
2698 2344 2862 2397 locus
2872 2347 3139 2398 munitus
3162 2348 3224 2398 in
3238 2360 3359 2411 quo
3378 2348 3686 2411 salvemur,

2068 2418 2167 2468 ubi
2200 2421 2417 2469 aeterna
2435 2417 2660 2480 requies
2683 2420 2785 2468 est.
2812 2416 2957 2478 Quid
2981 2418 3134 2468 enim
3156 2419 3472 2484 munitius,
3490 2435 3605 2469 cum
3627 2424 3683 2468 ad

2067 2487 2232 2540 illum
2258 2488 2449 2540 locum
2475 2488 2839 2551 confugeris?
2853 2490 3009 2550 Quos
3033 2489 3113 2539 ibi
3128 2489 3503 2543 adversarios
3515 2494 3686 2540 formi-

2068 2560 2374 2611 dabimus?
2398 2561 2466 2610 Et
2490 2558 2617 2610 ideo
2649 2559 2871 2610 salvum
2890 2572 2985 2611 me
3001 2560 3179 2612 debes
3201 2560 3417 2626 facere,
3440 2566 3679 2624 quoniam

2064 2644 2182 2682 non
2216 2632 2399 2682 habeo
2431 2630 2823 2681 fortitudinem
2858 2630 2969 2681 nisi
2998 2642 3033 2682 a
3059 2636 3132 2682 te.
3164 2633 3237 2683 Et
3260 2633 3376 2685 hoc.
3397 2639 3494 2685 est
3532 2633 3681 2697 quod

2067 2702 2264 2751 subdit
2295 2720 2305 2749 :
2334 2700 2610 2759 Quoniam
2643 2702 3057 2761 ﬁrmamentum
3089 2716 3292 2765 meum,
3324 2708 3376 2751 et
3403 2703 3681 2767 refugium

2066 2786 2247 2820 meum
2271 2787 2322 2819 es
2340 2777 2415 2822 tu.
2431 2773 2582 2823 Exte
2599 2769 2774 2837 355
2798 2776 2856 2822 et
2868 2784 2972 2835 per
2987 2777 3043 2823 te
3062 2786 3194 2824 sum
3204 2773 3419 2825 ﬁrmus
3432 2790 3446 2825 :
3459 2771 3677 2824 etsicubi

2064 2842 2225 2894 fuero
2248 2842 2575 2894 inﬁrmatus
2598 2844 2658 2893 in
2681 2856 2792 2906 me,
2817 2843 3101 2906 refugiam
3119 2843 3196 2895 ad
3222 2850 3298 2896 te.
3336 2847 3605 2897 Firmum
3622 2849 3677 2897 et

2064 2912 2421 2967 immobilem
2456 2918 2511 2965 te
2536 2913 2672 2964 facit
2695 2914 2876 2977 gratia
2898 2914 3129 2978 Christi,
3153 2915 3452 2969 adversus
3473 2930 3674 2970 omnes

2065 2987 2413 3036 tentationes
2438 2984 2788 3036 inimici.Sed
2804 2985 2881 3035 ibi
2898 2990 3069 3049 est,et
3085 2986 3348 3038 humana
3374 2987 3673 3053 fragilitas:

2062 3056 2139 3107 ibi
2163 3062 2251 3108 est
2274 3056 2465 3108 adhuc
2491 3056 2673 3119 prima
2697 3056 2993 3119 captivitas
3019 3072 3031 3107 :
3064 3057 3145 3108 ibi
3166 3063 3261 3109 est
3285 3060 3383 3109 lex
3405 3059 3468 3109 in
3498 3072 3678 3111 mem-

2064 3128 2201 3191 bris,
2226 3140 2559 3193 repugnans
2572 3128 2688 3191 legi
2710 3128 2919 3178 mentis
2942 3129 3115 3190 (Rom.
3141 3128 3233 3193 7.).
3256 3131 3327 3181 Et
3339 3130 3541 3183 adhuc
3562 3144 3674 3183 cor-

2067 3213 2197 3263 pus,
2223 3200 2378 3263 quod
2402 3202 2805 3263 corrumpitur,
2830 3204 3107 3262 aggravat
3126 3201 3392 3252 animam
3413 3202 3568 3267 (Sap.
3583 3202 3673 3263 9.).

2062 3271 2194 3321 Ideo
2233 3269 2659 3333 quantumlibet
2691 3274 2747 3320 et
2768 3272 2953 3333 gratia
2976 3272 3083 3322 Dei
3118 3272 3327 3323 ﬁrmus
3351 3273 3460 3337 sis,
3487 3280 3672 3326 tamen

2059 3341 2251 3392 adhuc
2275 3341 2700 3392 formidandum
2714 3345 2804 3392 est
2818 3353 2889 3391 ex
2906 3343 3276 3405 corruptione
3288 3345 3509 3397 carnis.
3532 3347 3669 3409 Ergo

2057 3415 2471 3475 ﬁrmamentum
2498 3427 2741 3461 meumes
2757 3418 2831 3472 tu,
2852 3417 2915 3464 ut
2937 3412 3049 3464 sim
3063 3413 3349 3466 ﬁrmusin
3363 3416 3665 3467 istaut-.010

2059 3489 2260 3537 contra
2279 3486 2643 3535 tentationes.
2663 3484 2775 3535 Sed
2791 3483 2839 3534 si
2855 3483 3056 3537 multae
3069 3491 3227 3548 sunt,
3245 3492 3308 3538 et
3321 3488 3563 3539 turbant
3577 3503 3662 3537 me:

2055 3557 2332 3620 refugium
2368 3570 2546 3604 meum
2576 3570 2627 3604 es
2669 3562 2743 3606 tu.
2774 3557 2845 3607 Et
2865 3556 3001 3619 quia
3033 3557 3308 3621 superius
3332 3558 3489 3610 dixrt
3510 3560 3664 3624 Eripe

2058 3642 2149 3681 me
2177 3644 2187 3676 :
2212 3640 2371 3679 nunc
2392 3626 2735 3679 determinat
2753 3638 2788 3679 a
2810 3627 3042 3690 quibus,
3063 3641 3198 3679 cum
3223 3630 3535 3695 subjungit
3563 3645 3578 3681 :

2121 3699 2172 3753 4.
2199 3699 2340 3747 Deus
2363 3713 2511 3746 meus
2522 3698 2666 3762 eripe
2681 3713 2764 3747 me
2787 3699 2850 3746 de
2872 3713 3045 3746 manu
3068 3700 3386 3762 peccatoris,
3402 3701 3579 3759 idest,
3594 3700 3657 3752 de

2058 3774 2340 3835 potestate
2367 3769 2575 3821 diaboli
2598 3784 2610 3819 :
2639 3769 2739 3833 qui
2776 3768 3092 3834 specialiter
3114 3769 3405 3823 dicendus
3427 3781 3655 3835 peccator,

2057 3846 2195 3906 quia
2216 3843 2339 3907 ipse
2356 3847 2445 3893 est
2464 3855 2770 3906 persuasor
2791 3842 2979 3894 omnis
3002 3845 3245 3907 peccati.
3280 3846 3352 3895 Et
3369 3848 3538 3908 potes
3556 3846 3655 3896 eri-

2057 3926 2189 3978 pere
2222 3926 2333 3977 me,
2377 3914 2512 3977 quia
2550 3914 2704 3964 Deus
2746 3926 2828 3964 es.
2854 3915 2923 3963 Et
2957 3914 3134 3965 etiam
3167 3913 3371 3979 debes,
3398 3916 3537 3979 quia
3565 3928 3655 3980 per

2055 3986 2299 4048 gratiam
2338 3998 2508 4036 meus
2547 3984 2671 4036 ﬁeri
2714 3984 2986 4049 dignatus
3024 3998 3105 4037 es.
3130 3986 3200 4036 Et
3231 3999 3355 4037 non
3381 3989 3571 4038 solum
3591 3986 3652 4037 de

2055 4070 2235 4108 manu
2276 4057 2576 4108 invisibilis
2611 4056 2828 4107 inimici
2858 4060 3011 4121 eripe
3050 4070 3165 4120 me,
3200 4057 3305 4109 sed
3330 4058 3469 4108 etde
3490 4073 3650 4108 manu

2055 4134 2244 4178 contra
2260 4128 2421 4193 legem
2443 4128 2655 4191 agentis
2678 4133 2728 4178 et
2752 4129 2950 4192 iniqui.
2969 4129 3076 4180 Hic
3090 4129 3196 4192 (Eae
3214 4130 3548 4194 Augustino)
3564 4143 3651 4182 n0~

2054 4204 2212 4252 tatur
2256 4212 2426 4252 omne
2470 4211 2655 4263 genus
2695 4206 3082 4265 peccatorum,
3128 4199 3351 4252 scilicet
3388 4207 3497 4253 aut
3525 4201 3651 4265 legis

2055 4274 2464 4335 transgressor,
2490 4270 2539 4322 si
2560 4272 2779 4335 accepit
2798 4272 2979 4335 legem
2992 4287 3004 4321 :
3018 4276 3121 4323 aut
3137 4273 3548 4324 tantummodo
3557 4273 3651 4324 ini-

2056 4356 2206 4407 quus
2232 4343 2356 4394 sine
2376 4342 2520 4408 lege,
2546 4344 2595 4394 si
2615 4342 2801 4407 legem
2818 4357 2934 4394 non
2949 4345 3185 4408 accepit.
3202 4346 3288 4396 De
3305 4350 3558 4409 utroque
3570 4359 3649 4410 ge-

2052 4426 2190 4467 nere
2206 4413 2461 4478 loquitur
2488 4414 2803 4479 Apostolus
2824 4414 3025 4466 dicens
3050 4431 3065 4464 :
3092 4415 3201 4477 Qui
3231 4416 3360 4468 sine
3379 4416 3511 4481 lege
3528 4430 3647 4482 pec--

2051 4490 2350 4547 caverunt,
2378 4486 2502 4537 sine
2524 4486 2649 4550 lege
2669 4486 2941 4551 peribunt
2978 4498 2991 4535 :
3016 4491 3076 4538 et
3096 4486 3197 4550 qui
3229 4486 3292 4539 in
3313 4486 3448 4551 lege
3465 4500 3647 4552 pecca-

1975 4561 2342 4640 Dcaverunt,
2376 4570 2477 4622 per
2505 4557 2693 4640 legem
2716 4557 3147 4640 judi’cabuntun
3173 4558 3356 4640 (Rom._
3381 4558 3477 4640 2.),
3509 4562 3647 4611 Inter

2050 4634 2361 4692 utrumque
2393 4628 2571 4693 gemit
2597 4640 2806 4693 corpus
2833 4628 3062 4693 Christi,
3093 4633 3271 4693 atque
3303 4630 3382 4681 ab
3414 4634 3644 4694 utroque

2048 4700 2338 4764 afﬂigitur.
2375 4701 2486 4751 Nec
2527 4713 2591 4751 se
2620 4699 2896 4763 vindicat,
2923 4699 3024 4752 sed
3044 4702 3332 4765 patienter
3352 4700 3575 4767 tolerat,
3595 4706 3646 4753 et

2047 4777 2170 4823 orat
2200 4786 2213 4824 :
2249 4770 2402 4822 unde
2421 4771 2614 4823 adhuc
2638 4772 3008 4836 subjungitur
3030 4787 3047 4820 :

2108 4845 2155 4893 5.
2192 4844 2466 4901 Quoniam
2502 4848 2560 4892 tu
2603 4858 2655 4892 es
2688 4843 2955 4907 patientia
2990 4857 3110 4892 mea
3153 4843 3316 4903 Deus,
3361 4844 3505 4895 Deus
3540 4859 3641 4909 spes

2046 4929 2168 4963 mea
2190 4930 2225 4963 a
2237 4915 2515 4979 juventute
2546 4928 2683 4963 mea.
2698 4915 2832 4965 Ideo
2855 4926 2949 4965 me
2968 4914 3145 4966 debes
3168 4916 3407 4980 eripere,
3436 4916 3566 4981 quia
3588 4920 3640 4967 tu

2047 5001 2108 5038 es
2130 4997 2356 5048 caussa,
2377 4990 2435 5038 et
2459 4986 2681 5037 fructus
2705 4987 2996 5051 patientiae
3010 4998 3174 5038 mese.
3201 4987 3441 5052 Propter
3461 4991 3640 5052 tegra-

2049 5060 2193 5110 viter
2235 5056 2490 5121 atﬁigor:
2525 5062 2754 5122 propter
2794 5061 2851 5109 te
2882 5057 3285 5121 mquanimiter
3307 5058 3511 5122 patior.
3538 5060 3639 5109 Nec

2048 5127 2234 5180 solum
2268 5128 2544 5193 patientia
2579 5141 2723 5193 mea,
2758 5129 2861 5180 sed
2902 5133 2959 5180 et
2987 5141 3139 5193 spes,
3160 5128 3219 5179 id
3241 5135 3352 5193 est,
3375 5129 3639 5181 certitudo

2044 5213 2191 5251 mea.
2217 5202 2368 5251 Bene
2384 5204 2579 5250 autem
2590 5205 2724 5263 post
2742 5200 3080 5265 patientiam
3103 5202 3303 5264 posuit
3317 5214 3503 5265 spem,
3518 5201 3639 5264 quia

2046 5271 2116 5323 de
2138 5271 2430 5335 patientia:
2455 5271 2666 5322 virtute
2687 5271 2968 5323 certitudo
2993 5272 3114 5335 spei
3147 5278 3480 5335 generatur.
3504 5273 3635 5323 Hinc

2045 5343 2256 5394 Paulus
2277 5342 2355 5394 ait
2381 5359 2391 5390 :
2426 5342 2736 5394 Tribulatio
2764 5343 3096 5408 patientiam
3120 5350 3411 5408 operatur,
3436 5343 3636 5408 patien-

2045 5414 2123 5465 tia
2168 5413 2580 5477 probationem,
2622 5415 2881 5478 probatio
2914 5426 3077 5478 spem
3105 5433 3117 5473 ;
3146 5426 3283 5479 spes
3317 5419 3513 5466 autem
3532 5427 3632 5464 non

2043 5485 2341 5536 confundit
2388 5486 2553 5551 (Rom.
2590 5485 2677 5549 5.].
2725 5488 2948 5547 Quanto
2995 5485 3086 5536 hic
3122 5486 3398 5550 graviora
3428 5489 3632 5551 propter

2042 5558 2226 5609 Deum
2255 5557 2635 5616 sustinemus,
2653 5561 2816 5609 tanto
2840 5560 3060 5622 majora
3079 5558 3140 5608 in
3156 5558 3351 5610 futuro
3367 5558 3627 5622 prmmiaa

2041 5629 2287 5681 Domino
2312 5638 2633 5693 speramus.
2660 5628 2790 5692 Spes
2812 5628 2938 5681 dico
2961 5644 2997 5678 α
3010 5628 3294 5692 juventute
3308 5643 3450 5691 mea,
3468 5627 3524 5680 id
3536 5630 3624 5687 est.

2040 5712 2075 5751 a
2110 5704 2363 5764 tempore
2378 5698 2728 5751 fortitudinis
2754 5712 2920 5754 mea).
2942 5702 3074 5752 Non
3094 5701 3253 5752 enim
3272 5700 3380 5765 (Ea:
3399 5699 3623 5765 August.)

2041 5770 2182 5825 dicit
2215 5773 2599 5837 juventutem,
2632 5777 2920 5835 quantum
2949 5772 3025 5825 ad
3046 5776 3312 5826 aetatem:
3335 5771 3444 5826 sed
3464 5782 3622 5837 quan-
