3880 6222
45 309 169 366 )33

1090 323 1164 376 IN
1196 322 1518 377 PSALMOS
1550 324 1760 380 LXXV
1792 327 2372 386 COMMENTARIUS.

3269 348 3376 406 934

46 438 189 476 .um
227 426 310 478 ad
337 427 517 479 animi
532 429 822 525 virtutem.
840 434 888 483 A
898 433 1205 525 iuventute
1235 448 1362 488 mea
1386 438 1511 501 cepi
1535 439 1673 521 inte
1697 447 1759 517 Α
1780 456 1920 525 meae.
1945 444 2451 525 Hocnillisexpedit,
2475 454 2792 525 _ut_peccata
2817 469 3372 525 suarecognoscant;

45 508 327 560 iper-are,
350 511 420 550 ex
446 512 561 564 quo
580 514 670 553 me
692 503 975 556 adversus
999 506 1290 559 diabolum
1313 511 1580 562 armasti:
1611 517 1674 563 ut

45 570 491 645 nunitustlde,
510 584 610 636 spe
635 578 691 624 et
715 575 968 636 caritate,
996 579 1339 643 caeterisque
1364 581 1673 645 spirituali-

1782 514 1932 565 unde
1948 516 2376 592 confundantur
2388 519 2731 592 etdeﬂciant
2749 525 2809 576 in
2834 540 2917 589 se,
2936 531 3033 592 qui
3052 514 3200 584 male
3229 514 3367 586 dese

1771 589 2218 659 praesumebant.
2240 587 2570 659 Operiantur
2582 594 2750 643 multa
2767 587 3082 659 confusione
3094 639 3104 656 ,
3118 605 3334 655 interius
3348 631 3359 659 :

45 651 160 689 ηις
201 643 412 724 armis,
429 647 646 724 ‘contra
673 645 1037 700 adversarios
1064 654 1180 700 tam
1205 643 1458 704 visibiles
1498 666 1673 717 quam
1771 643 1818 703 Et
1838 656 2062 718 pudore,
2086 643 2341 708 exterius
2366 671 2378 707 :
2406 660 2503 723 qui
2520 671 2768 724 quaerunt
2789 643 2941 717 mala
2964 643 3127 721 mihi.

46 712 397 787 nvisibiles
412 713 764 768 dimicarem.
782 720 898 770 Nec
920 732 954 770 a
976 721 1279 783 juventute
1307 712 1550 787 tantum,
1571 725 1673 777 sed

45 782 268 844 :tiam,

100 852 162 906 6.
212 855 291 902 In
333 862 378 904 te
411 857 763 917 conﬁrmatus
788 874 911 909 sum
947 876 1014 909 ex
1049 868 1227 915 utero:
1264 865 1328 914 de
1347 872 1524 916 ventre
1546 882 1676 917 ma-

54 924 146 971 ris
174 939 323 973 mea:
346 931 405 975 tu
417 941 469 975 es
491 935 751 1001 protector
769 945 937 982 meus.
959 934 1194 985 Uterum
1225 935 1495 988 Ecclesiaa
1522 950 1676 1001 para-

46 995 289 1072 .ionern
314 998 471 1048 illam
497 998 651 1062 dicit,
686 1013 796 1063 qua
828 1002 1135 1056 instruitur
1166 1006 1355 1072 homo,
1396 995 1536 1060 cum
1553 1022 1676 1059 cre-

46 1066 190 1117 lere
224 1067 469 1142 incipit:
496 1075 700 1142 etante
724 1072 780 1123 in
804 1087 869 1125 eo
895 1078 1052 1127 utero
1070 1066 1353 1129 formatur
1379 1080 1677 1142 spirituali-

46 1152 151 1202 .er,
177 1144 261 1212 ut
282 1139 493 1191 deinde
508 1141 566 1190 in
582 1141 771 1193 lucem
784 1157 935 1197 verse
952 1148 1300 1211 cognitionis
1330 1139 1602 1212 pariatur.
1624 1155 1674 1200 Et

46 1222 102 1258 .u
138 1210 341 1285 etiam
365 1223 430 1285 es
444 1215 735 1285 protector
759 1227 921 1267 meus
951 1217 1021 1269 de
1038 1210 1247 1272 ventre
1281 1210 1484 1273 matris
1510 1234 1670 1285 mea,

45 1279 363 1342 Ecclesia),
408 1282 468 1333 id
499 1288 605 1345 est,
635 1296 708 1335 ex
746 1298 862 1348 quo
892 1287 972 1339 fui
993 1295 1231 1342 renatus
1257 1292 1328 1343 de
1360 1279 1670 1355 baptismate;

45 1353 284 1429 I‘otum
308 1357 401 1429 est
415 1356 839 1429 commendatio
854 1361 1057 1423 gratiae
1073 1361 1308 1426 divinae,
1327 1353 1459 1427 quae
1483 1377 1675 1429 opera-

45 1436 139 1497 ;nr
166 1424 240 1497 in
267 1425 439 1497 nobis
463 1431 521 1477 ct
543 1427 705 1487 velle,
733 1433 792 1479 et
814 1432 1051 1494 operari,
1080 1446 1180 1497 pro
1203 1424 1362 1486 bona
1379 1424 1672 1488 voluntate

46 1495 334 1559 Philipp.
362 1493 453 1558 2.).
478 1498 510 1547 J
517 1502 713 1549 ustum
736 1504 827 1550 est
862 1513 1015 1566 ergo,
1042 1493 1106 1554 ut
1128 1506 1330 1568 gratim
1355 1518 1479 1558 suae
1499 1508 1675 1559 bene-

46 1574 200 1626 iciis
236 1576 545 1628 laudetur:
579 1579 731 1631 unde
765 1585 821 1631 et
844 1586 996 1633 recte
1020 1596 1173 1635 nunc
1201 1586 1504 1638 subditur:
1534 1588 1597 1636 In
1628 1594 1673 1636 te

45 1647 325 1722 εαηιοιιίοΔ
348 1662 479 1722 mea
504 1663 727 1722 semper.
770 1651 833 1702 Id
870 1658 979 1710 est,
1014 1656 1170 1705 omni
1207 1661 1481 1722 tempore,
1517 1662 1575 1709 et
1609 1658 1670 1708 in

45 1718 362 1792 prosperis
389 1724 446 1770 et
466 1720 527 1770 in
543 1720 807 1773 adversis
831 1722 1078 1776 laudabo
1105 1730 1176 1776 te.
1204 1718 1435 1792 Propter
1456 1718 1585 1792 hoc,

1835 725 1920 805 14g
1960 727 2073 790 E90
2118 734 2299 805 autem
2337 743 2542 795 semper
2575 734 2810 795 sperabo.
2851 740 3134 805 Quicquid
3170 744 3250 796 illi
3292 747 3370 798 fa-

1772 797 2384 875 cient,__qua_ntumque
2417 810 2827 866 persequentur
2854 797 2889 858 ε’
2908 797 3029 875 θεά
3059 827 3174 867 non
3211 797 3364 870 fran-

1769 880 1874 949 gar
1905 869 2401 949 ullaadversitate,
2439 875 2538 925 sed
2565 886 2791 939 semper
2817 869 3042 934 ﬁrmam
3072 898 3233 949 spem
3269 869 3369 942 ha-

1772 940 1918 992 bebo
1940 942 1997 991 in
2024 947 2094 993 te.
2134 943 2197 991 Et
2228 944 2490 1009 adjiciam
2522 960 2685 1008 super
2706 962 2924 999 omnem
2947 940 3161 1005 laudent
3196 940 3366 1011 tuam.

1772 1011 2051 1092 est
2092 1013 2200 1064 hoc
2224 1019 2247 1063 Ρ
2287 1014 2432 1075 Quid
2472 1019 2659 1092 potest
2694 1018 2798 1092 (tia:
2839 1021 3085 1087 August.)
3124 1028 3370 1092 adjicere

1775 1080 1888 1148 35
1900 1080 1949 1149 7
1968 1084 2140 1134 homo
2157 1098 2330 1148 super
2344 1098 2574 1137 omnem
2596 1088 2823 1141 laudem
2842 1080 2949 1143 Dei
2953 1096 2980 1143 ?
3003 1080 3113 1146 Sed
3139 1080 3370 1152 laudatus

1771 1159 1895 1204 erat
1916 1156 2071 1227 Deus
2094 1155 2156 1227 in
2169 1157 2325 1207 omni
2345 1162 2605 1210 creatura
2628 1173 2751 1225 sua,
2770 1161 2826 1212 in
2853 1165 3131 1227 regimine
3154 1172 3376 1224 seculo-

1771 1237 1920 1305 rum,
1938 1226 2002 1305 in
2014 1226 2373 1305 ordinatione
2390 1232 2731 1305 temporum,
2751 1232 2809 1305 in
2826 1226 3143 1289 eminentia
3154 1240 3297 1305 caali,
3316 1245 3370 1292 in

1772 1295 2148 1378 {fecunditate
2171 1302 2354 1378 terrae,
2378 1302 2437 1378 in
2460 1302 2906 1378 circumfusione
2924 1309 3118 1370 maris,
3145 1311 3204 1362 in
3229 1295 3372 1378 ipsis

1769 1365 1901 1417 ﬂliis
1935 1368 2253 1432 hominum,
2285 1370 2342 1420 in
2366 1369 2557 1421 danda
2586 1372 2733 1438 lege,
2770 1378 2827 1425 et
2850 1380 3076 1430 czeteris
3101 1365 3374 1437 omnibus

1773 1438 2128 1517 mirabilibus
2154 1440 2295 1491 suis.
2313 1441 2583 1517 Nondum
2605 1446 2727 1495 erat
2740 1445 3010 1499 laudatus
3033 1450 3092 1501 in
3109 1464 3195 1517 eo,
3221 1456 3373 1517 quod

1771 1507 2076 1561 suscitavit
2090 1522 2322 1588 carnem
2344 1512 2401 1588 in
2421 1513 2597 1564 vitam
2616 1519 2908 1588 aeternam.
2938 1521 3090 1572 Laus
3108 1507 3256 1588 ergo.
3270 1527 3374 1579 Dei

1772 1590 1944 1642 super
1975 1592 2204 1659 omnem
2236 1580 2465 1659 laudem
2498 1585 2888 1659 antehabitam
2917 1580 3205 1659 adjicitur:
3238 1608 3373 1648 cum

1771 1650 2612 1731 Unigeniti.ejus‘incarnatio,
2654 1658 2866 1731 passio,
2904 1650 3265 1731 resurrectio,
3317 1672 3374 1720 et

1768 1722 2031 1771 ascensio
2068 1722 2129 1773 in
2162 1721 2370 1774 caelum
2400 1724 2763 1788 praedicatur.
2806 1730 2965 1781 Unde
3003 1733 3194 1786 adhuc
3232 1721 3370 1789 sub-

106 1788 166 1840 7.
211 1790 509 1853 Tanquam
542 1793 859 1855 prodigium
895 1795 1070 1858 factus
1106 1811 1229 1847 sum
1266 1788 1469 1851 multis.
1503 1788 1667 1851 Multi
1763 1790 1957 1855 jungit
1989 1810 1999 1841 ³

45 1860 212 1912 enim
231 1866 525 1913 amatores
553 1864 730 1914 seculi
756 1870 963 1928 putant
989 1880 1079 1919 me
1110 1869 1376 1921 insanum
1404 1876 1462 1921 et
1485 1872 1666 1934 prodi-
1694 1859 1748 1933 B
1797 1860 1927 1934 7715.
1955 1862 2020 1912 08
2039 1878 2219 1913 meum
2257 1866 2610 1915 annuntiabit
2631 1868 2909 1932 justitiam
2940 1876 3108 1924 tuam.
3138 1878 3209 1929 Et
3232 1881 3370 1932 sub-

45 1933 321 1995 giosum,
347 1934 699 2009 cum_vident
716 1949 806 1988 me
831 1938 1159 2004 invisibilia,
1188 1954 1320 2004 qua:
1348 1933 1523 2009 356
1556 1943 1665 2007 ipsi

45 2005 468 2076 contemnunt,
488 2004 723 2057 laudare
740 2011 796 2057 et
810 2013 1077 2071 appetere
1096 2030 1105 2057 :
1126 2004 1541 2076 visibilia'vizro,
1558 2004 1672 2075 qum

45 2072 162 2135 ipsi
181 2075 492 2138 appetunt,
510 2078 931 2128 contemnendo
947 2080 1143 2131 vitare.
1163 2083 1229 2130 Et
1254 2088 1310 2131 tu
1338 2072 1538 2135 contra
1560 2072 1674 2135 om-

45 2143 150 2193 nia
180 2144 500 2207 Opprobria
519 2145 701 2197 tactus
724 2159 786 2198 es
810 2148 949 2200 mihi
973 2151 1195 2214 adjutor
1209 2153 1383 2214 fortis.
1410 2156 1496 2205 Tu
1517 2155 1673 2206 enim

45 2215 365 2265 ministras
404 2216 759 2279 spiritualem
784 2220 1179 2274 fortitudinem
1202 2224 1276 2275 ad
1299 2228 1671 2279 contemnen-

45 2285 190 2336 dam
223 2285 533 2338 hominum
559 2289 1010 2344 insultationem.

111 2355 168 2409 8.
213 2357 358 2432 Ideo
391 2358 679 2432 Repleatur
711 2376 768 2410 os
802 2378 984 2412 meum
1020 2364 1195 2428 laude,
1230 2373 1540 2432 antequam
1575 2388 1672 2427 es-

49 2438 206 2487 sem,
241 2429 382 2491 quia
407 2430 622 2480 fecisti:
662 2445 794 2482 cum
821 2446 1030 2496 essem,
1067 2437 1204 2499 quia
1228 2429 1465 2494 salvasti
1499 2459 1673 2499 :cum

46 2510 430 2578 peccass_em,_
450 2500 587 2578 quia
616 2503 890 2566 ignovisli
917 2519 929 2555 :
957 2520 1091 2557 cum
1124 2521 1437 2564 conversus
1461 2528 1670 2578 essem,

47 2571 512 2643 quiaAadjuvisti
541 2586 708 2624 :cum
734 2587 1220 2641 perseverassem,
1247 2582 1381 2643 quia
1404 2571 1669 2640 coronasti.

48 2642 141 2691 Ita
162 2640 342 2704 plane
363 2642 635 2720 repleatur
649 2658 705 2692 os
721 2660 905 2720 meum
924 2647 1099 2711 laude,
1124 2655 1182 2697 ut
1203 2640 1415 2702 cantem
1436 2657 1671 2720 gloriam

53 2716 236 2792 tuam,
287 2717 396 2792 tota
419 2713 503 2762 die
539 2717 1161 2792 magniludinemtuam.
1200 2723 1273 2774 Ut
1307 2724 1416 2788 (Ea:
1437 2713 1667 2792 hugust.

51 2783 766 2862 exultandqannuntiem,
786 2800 956 2862 quam
983 2790 1270 2853 gloriosus
1288 2783 1386 2859 sis,
1413 2801 1469 2848 et
1494 2783 1671 2862 quam

52 2866 336 2919 magnus.
363 2856 433 2906 Et
451 2856 562 2907 hoc
586 2862 693 2907 tota
710 2858 814 2921 die,
837 2859 893 2910 id
919 2865 1024 2924 est,
1052 2862 1178 2913 sine
1202 2856 1634 2925 intermissione
1658 2888 1670 2924 :

52 2928 177 2975 tam
194 2925 596 2998 inprosperis,
614 2929 824 2991 quibus
841 2930 1180 2997 consolaris,
1209 2948 1381 2998 quam
1397 2938 1455 2990 in
1480 2942 1674 2994 adver-

49 2996 154 3058 sis,
182 2996 405 3058 quibus
429 2998 684 3077 cor_rigi_s.
716 3002 1010 3077 Dicoquia
1039 3007 1101 3054 tu
1125 2996 1190 3055 es
1215 2996 1347 3071 spes
1372 3022 1501 3063 mea
1523 3026 1558 3063 a
1576 3014 1671 3077 ju-

50 3071 305 3147 ventute
327 3070 568 3147 mea_.1:3t
593 3070 823 3147 sicutin
842 3072 1154 3136 juventute
1177 3089 1295 3128 non
1324 3079 1560 3147 deseris,
1576 3070 1669 3136 'sic

115 3135 170 3189 9.
208 3137 295 3187 Ne
328 3140 590 3202 projicias
622 3143 797 3218 main
827 3135 1068 3218 tempore
1102 3151 1396 3200 senectutis.
1428 3154 1499 3204 Et
1531 3135 1670 3218 quid

54 3220 157 3271 per
169 3214 537 3261 senectutem
552 3212 793 3276 accipiat
809 3214 1170 3279 determinat,
1188 3218 1411 3273 dicens:
1434 3212 1570 3274 Cum
1588 3227 1669 3277 de-

54 3349 130 3399 tis
153 3350 427 3427 nominat
446 3359 831 3427 senectutem,
868 3356 1019 3408 sicut
1044 3361 1312 3423 superius
1332 3349 1666 3427 juventutis

52 3422 295 3473 nomine
332 3422 667 3488 designavit
710 3422 1133 3480 fortitudinem.
1164 3433 1248 3482 Ac
1293 3422 1350 3485 si
1367 3436 1522 3490 dicat
1547 3454 1559 3490 :
1586 3441 1667 3490 Ne

54 3491 326 3568 proﬁcias
354 3508 436 3568 me
464 3506 500 3545 a
523 3500 577 3568 te
605 3513 617 3568 ς
641 3508 758 3548 non
778 3500 1076 3568 permittas
1099 3513 1193 3553 me
1222 3516 1457 3568 peccare
1482 3522 1555 3561 ex
1588 3511 1670 3563 in-

58 3562 353 3645 ﬁrmitate.
381 3564 545 3645 Quod
568 3566 620 3617 si
641 3579 739 3630 per
763 3567 1127 3645 fragilitatem
1150 3562 1387 3637 peccare
1409 3581 1669 3645 contige-

63 3634 155 3697 rit,
186 3650 258 3684 ne
283 3635 629 3701 derelinquas
650 3653 734 3687 me
768 3652 843 3691 ex
882 3644 1020 3703 toto,
1056 3646 1122 3693 ut
1151 3634 1425 3699 deﬁciens
1449 3634 1669 3704 viribus

64 3716 433 3786 perseverem
456 3706 517 3758 in
542 3714 795 3786 peccato.
816 3712 1058 3786 Projecit
1070 3714 1227 3766 Deus
1254 3718 1503 3786 Petrum,
1534 3736 1667 3775 cum

64 3776 330 3857 permisit
344 3790 579 3857 peccare
605 3796 624 3857 ί
636 3780 747 3857 sed
762 3794 880 3833 non
897 3784 1216 3857 dereliquit,
1240 3790 1374 3851 quia
1400 3776 1532 3844 fecit
1557 3807 1672 3857 pae-

66 3846 579 3930 niteren(_Luc.-22._).
609 3853 733 3930 N_on
752 3857 882 3916 pote
892 3859 947 3905 st
969 3854 1080 3930 legi
1094 3846 1304 3910 versus
1327 3862 1439 3914 iste
1462 3864 1518 3915 in
1541 3846 1671 3930 per-

69 3929 215 3969 sona
236 3920 465 3983 Christi,
493 3926 558 3972 ut
579 3933 615 3973 a
634 3925 796 3975 Patre
821 3926 1075 3989 postulet
1096 3942 1170 3981 ne
1183 3930 1345 3983 illum
1370 3920 1599 3988 deserat
1615 3942 1670 3987 in

68 3990 329 4054 tempore
353 4003 479 4043 sua:
511 3993 821 4059 passionis,
860 3998 1093 4059 quando
1126 4000 1253 4060 visa
1276 4008 1365 4055 est
1389 4005 1671 4060 defecisse

70 4059 260 4141 virtus
284 4063 414 4126 ejus
430 4062 491 4114 in
506 4066 818 4118 miraculis.
845 4069 914 4119 Et
937 4082 1084 4135 opus
1106 4059 1197 4123 est
1223 4073 1444 4141 (inquit)
1465 4083 1532 4130 ut
1551 4059 1670 4132 non

72 4131 456 4198 derelinquas,

133 4202 220 4257 10.
249 4205 397 4266 Quia
419 4205 678 4256 dixerunt
692 4208 909 4259 inimici
922 4212 1030 4260 mei
1054 4212 1217 4279 mihi,
1241 4219 1287 4264 et
1303 4218 1399 4280 qui
1421 4220 1675 4270 custodie-

72 4271 200 4353 bant
221 4276 473 4326 animam
489 4293 685 4353 meam.
705 4281 832 4333 Non
854 4286 921 4334 ut
940 4271 1326 4351 imitarentur,
1343 4289 1445 4342 sed
1469 4293 1533 4343 ut
1556 4307 1671 4353 per-

72 4343 276 4400 derent
297 4360 444 4424 eam.
475 4349 776 4401 Consilium
810 4354 1050 4416 fecerunt
1072 4355 1133 4404 in
1166 4343 1365 4410 unum.
1391 4360 1453 4411 Id
1477 4343 1584 4424 est,
1609 4362 1671 4415 in

74 4428 275 4498 unam_
285 4420 659 4498 voluntatem
677 4425 938 4498 nocendi.
967 4426 1205 4498 Dicentes
1227 4429 1365 4479 Deus
1388 4420 1672 4498 dereliquit

74 4502 214 4561 eum.
228 4490 393 4543 Unde
409 4497 501 4544 est
523 4492 664 4545 illud
684 4495 742 4545 in
761 4496 1073 4561 Evangelio
1092 4519 1102 4547 :
1125 4501 1250 4551 Non
1275 4506 1366 4553 est
1388 4503 1482 4554 hic
1498 4490 1673 4556 homo

75 4572 108 4609 a
127 4560 248 4637 Deo
264 4578 285 4637 .-
307 4566 388 4637 _et,
420 4564 784 4637 Dmmonium
806 4560 981 4620 habet
1028 4570 1205 4633 (Joan.
1231 4571 1281 4627 9.
1318 4580 1363 4623 et
1388 4574 1515 4637 10.).

137 4630 221 4686 11.
262 4633 397 4685 Ideo
434 4635 836 4699 Persequimini
867 4645 913 4688 et
949 4630 1380 4706 cornprehendite
1423 4630 1563 4698 eum.
1605 4649 1674 4700 Et

78 4713 275 4756 secure
309 4708 552 4782 potestis
576 4707 774 4782 facere.
801 4710 946 4782 Quia
976 4727 1090 4761 non
1114 4718 1187 4763 est
1212 4716 1309 4779 qui
1341 4717 1555 4782 eripiat.
1582 4719 1675 4770 Di—

78 4777 234 4851 ctum
258 4781 349 4851 est
370 4776 479 4828 hoc
503 4777 575 4851 de
600 4778 841 4831 Christo.
870 4781 971 4833 Ille
996 4783 1168 4848 enim,
1196 4776 1293 4849 qui
1310 4776 1561 4851 potentia
1588 4789 1676 4840 di-

79 4844 335 4916 vinitatis
359 4850 787 4902 resuscitaverit
806 4858 1080 4916 mortuos,
1105 4844 1298 4908 subito
1310 4844 1470 4911 inter
1496 4876 1675 4910 manus

78 4914 439 4970 inimicorum
455 4919 717 4971 inﬁrmus
730 4922 919 4974 factus
935 4929 1042 4989 est,
1061 4914 1119 4976 et
1134 4928 1299 4990 quasi
1316 4929 1457 4981 nihil
1473 4932 1675 4983 valens

82 4990 549 5066 comprehensus.
579 4993 821 5066 Quando
845 5000 1039 5046 autem
1069 5003 1552 5066 apprehenderetur,
1573 5006 1675 5052 nisi

80 5058 260 5136 primo
284 5061 362 5136 illi
379 5062 559 5136 corde
595 5077 702 5115 suo
725 5064 999 5131 dicerent,
1038 5058 1187 5120 Deus
1217 5070 1521 5136 dereliquit
1542 5058 1675 5126 eum

85 5127 258 5200 (Joan.
284 5131 389 5194 18.)
413 5137 437 5181 7
459 5135 582 5195 Quo
607 5140 806 5186 contra
829 5127 1101 5200 postulat,
1125 5140 1324 5193 dicens
1349 5156 1362 5192 :

140 5198 223 5253 1‘2.
250 5203 406 5263 Deus,
446 5219 512 5252 ne
545 5204 806 5268 elongeris
831 5198 873 5256 a
909 5223 993 5258 me
1016 5225 1027 5257 :
1054 5198 1193 5258 Deus
1226 5227 1391 5274 meus,
1420 5215 1479 5263 in
1505 5216 1675 5264 auxi-

80 5265 224 5346 lium;
237 5289 416 5323 meum
440 5276 653 5340 respice.
668 5265 769 5328 'Ita
784 5278 866 5329 ﬁt.
894 5282 1018 5331 Non
1043 5280 1344 5346 elongatus
1368 5265 1455 5336 est
1476 5299 1510 5336 a
1534 5287 1675 5339 Filio

82 5351 182 5413 suo
210 5344 363 5396 Deus
386 5346 554 5397 Pater
578 5363 593 5395 :
622 5347 726 5399 sed
750 5361 977 5413 semper
1002 5356 1091 5402 est
1110 5353 1162 5403 ei
1180 5344 1525 5406 coaeternus.
1552 5358 1675 5408 Non

83 5409 379 5478 elongatur
403 5418 575 5468 etiam
609 5420 681 5470 ab
712 5419 815 5481 eis,
842 5409 957 5473 imo
982 5435 1158 5487 prope
1181 5429 1289 5485 est,
1317 5426 1414 5487 qui
1441 5430 1674 5477 tribulalo

84 5488 219 5563 sunt
247 5487 418 5563 corde
444 5488 758 5563 (Psat._33.).
785 5492 964 5555 Prope
996 5498 1105 5557 est,
1142 5499 1207 5545 ut
1242 5495 1456 5547 audiat.
1501 5499 1676 5563 Prope

85 5558 188 5629 est,
209 5561 275 5607 ut
306 5559 749 5612 misericorditer
777 5563 1062 5627 respiciat.
1089 5568 1267 5629 Prope
1295 5570 1401 5629 est,
1428 5572 1490 5617 ut
1511 5558 1676 5619 auii-

83 5621 265 5699 lietur.
289 5629 449 5680 Oculi
467 5631 693 5681 Domini
719 5621 892 5697 super
908 5635 1102 5698 justos
1121 5621 1288 5699 (Ibid.)
1322 5652 1334 5686 :
1362 5621 1559 5690 vultus
1582 5652 1676 5692 au-

82 5696 197 5772 tem
216 5700 445 5753 Domini
461 5714 635 5766 super
654 5696 931 5756 facientes
963 5706 1118 5758 mala
1135 5696 1328 5771 (IbidL).
1347 5708 1562 5762 Tamen
1584 5725 1675 5772 pro

90 5764 290 5840 talibus
313 5776 456 5837 orat,
482 5764 619 5825 cum
648 5774 949 5840 subjungit
975 5792 987 5826 :

145 5836 247 5892 13-
277 5841 709 5905 Confundantur
734 5836 782 5897 et
804 5836 1059 5910 deficiant
1101 5848 1435 5901 detrahentes
1476 5850 1676 5904 anim

1779 1933 1880 1999 dit,
1905 1934 2043 2013 quid
2077 1939 2244 2013 vocet
2260 1938 2571 2013 justitiam,
2599 1939 2816 2013 scilicet
2838 1943 3077 1995 salutare
3107 1953 3279 2013 tuum,
3310 1952 3367 2003 id

1773 2010 1882 2067 est,
1898 2004 2133 2084 filiuni
2149 2011 2331 2084 tuum,
2358 2009 2539 2084 quiet
2563 2009 2747 2084 salvat
2775 2020 3072 2076 sperantes
3106 2019 3167 2070 in
3205 2004 3287 2084 se,
3314 2026 3371 2075 et

1767 2076 2065 2151 justillcat.
2094 2079 2161 2127 Et
2182 2077 2293 2128 hoc
2325 2084 2433 2128 tota
2455 2080 2556 2140 die,
2583 2080 2642 2130 id
2667 2086 2756 2132 est
2780 2088 2898 2136 toto
2924 2089 3195 2151 tempore.
3229 2076 3369 2145 Haec

1772 2149 1862 2197 est
1882 2146 2030 2211 laus,
2053 2160 2184 2210 quae
2219 2154 2451 2213 superat
2484 2162 2714 2203 omnem
2748 2151 2993 2218 laudem,
3028 2146 3127 2210 Dei
3154 2162 3371 2216 scilicet

1767 2218 2055 2293 justitiam
2080 2220 2409 2293 praedicare,
2426 2234 2541 2293 qua
2556 2223 2905 2285 justiﬂcatur
2924 2228 3136 2293 impius
3163 2249 3175 2283 :
3203 2239 3262 2285 et
3286 2248 3370 2287 sa-

1772 2286 1974 2363 lutare,
2000 2301 2115 2363 quo
2141 2290 2392 2363 salvetur
2414 2291 2741 2346 damnatus.
2785 2298 2855 2347 Et
2884 2286 3117 2363 propter
3138 2302 3249 2355 hoc
3269 2286 3367 2357 an-

1772 2361 2036 2411 nuntiavi
2055 2361 2347 2436 justitiam
2374 2364 2535 2436 tuam
2559 2379 2571 2414 :
2601 2366 2876 2423 Quoniam
2903 2361 3016 2418 non
3043 2377 3286 2436 cognovi,
3307 2378 3366 2430 id

1772 2435 1879 2489 est,
1896 2444 2013 2483 non
2035 2434 2346 2496 approbavi
2367 2434 2728 2485 literaturam.
2749 2439 2827 2488 De
2848 2451 2962 2502 qua
2980 2434 3186 2496 Paulus
3204 2434 3369 2500 dicit:

1771 2502 1957 2585 litera
1993 2503 2219 2585 occidit,
2245 2504 2481 2585 spiritus
2514 2511 2708 2585 autem
2740 2509 2994 2585 vividcat
3031 2512 3101 2576 (2.
3142 2516 3264 2570 Cor.
3299 2520 3368 2585 3.)

1771 2573 2015 2651 Quidam
2031 2575 2185 2651 enim
2208 2588 2323 2626 non
2343 2576 2413 2627 de
2427 2578 2629 2651 gratia,
2659 2580 2762 2631 sed
2786 2581 2858 2632 de
2876 2573 3044 2636 litera
3056 2573 3371 2651 gloriaban:

1771 2648 1884 2724 tur,
1901 2646 2138 2724 ecquod
2156 2647 2343 2724 legem
2358 2649 2737 2724 accepissent.
2757 2655 2875 2704 Lex
2891 2646 3086 2709 autem
3105 2661 3230 2713 sine
3257 2678 3368 2724 gra-

1770 2715 1866 2780 tia,
1900 2717 2020 2767 sola
2041 2716 2205 2768 litera
2239 2722 2328 2769 est
2362 2720 2578 2781 (Matth.
2609 2721 2678 2781 5).
2703 2725 2772 2774 Et
2797 2732 2991 2777 manet
3031 2730 3105 2781 ad
3129 2715 3368 2786 convin-

1769 2787 2018 2861 cendam
2041 2788 2419 2861 iniquitatem,
2444 2804 2562 2843 non
2593 2793 2667 2844 ad
2700 2794 2948 2847 dandam
2976 2798 3284 2861 justitiam.
3312 2807 3367 2858 Si

1769 2859 1925 2933 enim
1954 2859 2089 2911 data
2111 2865 2267 2933 esset
2290 2860 2401 2920 lex,
2427 2875 2556 2923 quae
2578 2870 2775 2928 posset
2797 2859 3096 2933 vivificare,
3131 2877 3367 2929 omnino

1770 2929 1985 3004 exlege
2009 2932 2549 3004 essetjustitia.ised
2564 2936 2845 2988 conclusit
2860 2929 3152 3004 Scriptura
3176 2948 3368 3000 omnia

1771 3002 1880 3052 sub
1912 3008 2144 3065 peccato
2183 3003 2378 3067 (Gatat.
2412 3003 2500 3067 3.),
2543 3011 2607 3057 ut
2638 3009 2946 3071 promissio
2980 3002 3053 3064 ex
3086 3015 3204 3068 ﬁde
3225 3020 3363 3071 Jesu

1770 3073 1978 3155 Christi
1990 3073 2223 3155 daretur
2236 3074 2624 3155 credentibus.
2642 3079 2708 3129 In
2724 3080 2851 3144 ipsa
2864 3086 3023 3142 gratia
3055 3085 3160 3149 (Ea:
3182 3090 3366 3155 Augu-

1767 3144 1925 3207 stino)
1959 3143 2230 3223 glorians,
2263 3144 2606 3197 literaturam
2634 3143 3005 3217 noncognovi,
3031 3143 3088 3208 id
3113 3164 3220 3223 est,
3260 3143 3364 3214 lio-

1699 3224 1745 3297 C
1765 3215 3362 3310 F399393.1K‘f’33.€§?§“$ellfe§EE{Eriliiiesmén‘es

53 3279 195 3353 ficiet
222 3280 402 3353 virtus
423 3295 564 3346 mea,
586 3298 652 3331 ne
674 3284 1018 3349 derelinquas
1033 3302 1131 3337 me.
1162 3291 1459 3346 Defectum
1484 3297 1668 3350 virtu-
1702 3279 1745 3297 υ
1770 3291 1887 3339 ιοιο
1907 3286 2077 3338 corde
2099 3279 2411 3351 ΓθΡῙὍῙἹθονίο
2448 3290 2610 3342 unde
2634 3279 3172 3353 meritOUSUbdmﬁ':

1699 4596 1756 4669 D

1831 3357 1916 3412 16.
1951 3359 2187 3432 Introibo
2217 3360 2279 3408 in
2302 3362 2569 3432 potentias
2600 3363 2842 3418 Domini.
2863 3368 3182 3432 Spiritualis
3211 3375 3363 3428 enim

1765 3429 1940 3507 homo
1956 3429 2107 3507 dum
2119 3443 2237 3507 non
2252 3431 2513 3507 adhtsret
2531 3433 2734 3507 literas,
2754 3429 3007 3493 meretur
3027 3455 3128 3507 per
3149 3445 3368 3501 intelle-

1768 3505 1925 3577 ctum
1946 3501 2017 3577 ad
2036 3502 2306 3577 interiora
2327 3504 2564 3569 spiritus
2589 3506 2843 3573 introire,
2864 3515 2929 3563 ut
2945 3501 3232 3577 potentias
3252 3521 3365 3570 Do-

1766 3572 1919 3655 mini.
1938 3573 2099 3655 sciat,
2137 3573 2195 3624 id
2220 3579 2326 3635 est,
2363 3576 2608 3639 gratiam
2633 3583 2692 3630 et
2714 3572 2978 3655 virtutes,
3013 3587 3227 3649 quibus
3244 3591 3364 3655 jam

1767 3642 2233 3723 noninﬂrmatus
2253 3659 2361 3723 per
2383 3659 2616 3723 carnem
2644 3651 2921 3705 mandata
2943 3642 3142 3709 divina
3164 3642 3368 3723 poten-

1770 3720 1855 3769 ter
1878 3714 2132 3795 impleat.
2159 3719 2227 3769 In
2248 3717 2358 3770 hoc
2383 3719 2555 3770 etiam
2580 3724 2951 3795 commendat
2974 3714 3219 3790 gratiam
3245 3734 3364 3795 Dei,

1769 3800 1887 3839 non
1909 3788 2197 3871 justitiam
2222 3802 2408 3871 suam,
2439 3794 2870 3871 cumnproti‘nus
2897 3788 3094 3850 addit:
3121 3788 3367 3871 Domine,
3429 3794 3443 3806 ’

1770 3858 2355 3939 memoraborjustitiae
2376 3867 2484 3939 tuae
2500 3862 2684 3915 solius.
2727 3866 2973 3939 Quidam
3011 3871 3167 3924 enim
3206 3858 3372 3939 igua-'-

1769 3937 1965 4010 rantes
1989 3933 2092 4010 Dei
2108 3932 2412 4010 justitiam,
2440 3937 2494 4010 et
2516 3947 2683 4010 suam
2715 3937 2976 4010 volentes
3000 3932 3369 4010 constituere,

1763 4003 2009 4067 justitiaa
2038 4004 2143 4054 Dei
2169 4016 2289 4055 non
2320 4007 2459 4077 sunt
2493 4006 2740 4070 subjecti
2771 4010 2947 4072 (Rom.
2983 4011 3106 4077 10.).
3141 4003 3368 4071 Nullam

1768 4085 1961 4145 meam
1975 4086 2246 4137 agnosco,
2275 4074 2452 4124 solius
2474 4079 2591 4127 tua)
2606 4082 2968 4133 memorabor
2983 4074 3246 4145 justitiie.
3268 4091 3370 4141 Ju-

1771 4144 1929 4196 stitia
1950 4146 2049 4195 tua
2064 4144 2185 4220 sola
2198 4145 2545 4220 meliberat:
2563 4159 2694 4220 mea
2714 4149 2836 4200 sola
2864 4144 3098 4205 nonest
3116 4158 3227 4209 nisi
3252 4175 3371 4220 pec—

1769 4219 1914 4266 cata.
1932 4216 2059 4266 Non
2078 4214 2364 4279 gloriabor
2384 4215 2456 4267 de
2470 4216 2686 4268 viribus
2711 4220 2874 4283 meis,
2897 4234 2971 4273 ne
2988 4224 3050 4274 in
3077 4214 3371 4281 litteratura

1767 4297 2076 4362 maneam;
2100 4285 2203 4362 sed
2236 4286 2308 4338 de
2330 4287 2516 4362 gratia
2539 4292 2641 4362 tua
2665 4301 2766 4362 per
2788 4301 2963 4353 quam
2984 4292 3210 4347 literam
3233 4311 3371 4362 ope-

1767 4355 2349 4433 rando_adimplc_am_._
2367 4359 2483 4410 Nec
2508 4360 2699 4433 solum
2720 4360 2923 4433 facere,
2949 4364 3051 4415 sed
3093 4368 3151 4418 et
3177 4355 3366 4433 ipsum

1770 4427 1916 4479 scire
1943 4429 2062 4480 Deo
2098 4428 2377 4493 attribuit,
2410 4442 2544 4480 cum
2572 4430 2899 4496 subjungit:

1834 4499 1901 4553 17
1947 4500 2105 4575 Deus,
2143 4499 2497 4575 docuisti-me
2537 4500 2884 4575 ajuuenlute
2927 4519 3065 4569 mea,
3111 4512 3157 4557 et
3206 4525 3372 4575 usque

1778 4586 1945 4621 nunc.
1971 4572 2056 4621 Ex
2072 4570 2197 4634 ipso
2221 4571 2333 4634 (Ea:
2353 4570 2601 4634 August.)
2622 4571 2785 4624 initio
2808 4573 2939 4625 fidei
2956 4587 3071 4639 quo
3094 4591 3186 4630 me
3213 4570 3373 4633 inno-

1777 4642 1923 4694 vasti
1947 4654 2134 4705 usque
2152 4640 2613 4716 modo,‘_docuisti
2635 4655 2747 4716 me,
2766 4645 2919 4716 quia
2944 4650 3060 4700 tuas
3084 4649 3263 4703 solius
3277 4653 3369 4716 ju-

1776 4713 1952 4765 stitite
1992 4712 2295 4765 memorari
2328 4712 2528 4764 debeo.
2570 4714 2957 4768 Considerans
2990 4720 3145 4772 enim
3194 4712 3369 4777 vitam

1774 4785 2121 4862 praeteritam
2164 4795 2372 4862 meam,
2406 4783 2573 4836 video
2610 4785 2923 4862 qui<l_mi_hi
2956 4789 3289 4862 debebatur,
3314 4801 3373 4849 et

1774 4856 1914 4920 quid
1937 4855 2251 4919 acceperim
2272 4867 2372 4919 pro
2392 4868 2477 4919 eo,
2503 4856 2656 4919 quod
2675 4855 2815 4908 mihi
2836 4860 3169 4916 debebatur.
3199 4855 3371 4919 Debe-

1774 4928 1943 5005 batur
1968 4939 2157 5005 poena,
2178 4926 2400 5005 reddita
2415 4931 2505 5005 est
2518 4928 2715 4992 gratia.
2734 4931 3065 4985 Debebatur
3085 4937 3369 5005 gehenna,

1774 4998 1908 5050 data
1931 5001 2020 5048 est
2042 4998 2159 5049 vita
2181 5001 2413 5073 mterna.
2439 5000 2524 5050 Ex
2547 5011 2661 5073 quo
2684 5012 3000 5056 conversus
3026 4998 3177 5073 sun),
3202 4998 3374 5063 didici

1774 5070 1978 5141 merita
2012 5081 2138 5141 mea
2173 5068 2332 5141 nulla
2370 5071 2759 5141 praecessisse,
2797 5074 2901 5126 sed
2929 5068 3174 5141 gratiam
3212 5088 3370 5134 tuam

1773 5140 1912 5191 mihi
1939 5140 2116 5204 gratis
2150 5140 2397 5192 venisse.
2434 5140 2643 5194 Taliter
2681 5140 2958 5205 eruditus,
3000 5150 3371 5203 Pronuntiabo

1773 5210 2054 5285 mirabilia
2071 5210 2260 5285 tua_,id
2276 5216 2389 5285 est,
2415 5224 2634 5285 eaquaa
2661 5216 2720 5265 tu
2745 5218 3081 5271 mirabiliter
3101 5228 3370 5285 operatus

1774 5296 1856 5343 es,
1881 5282 2007 5333 aliis
2024 5283 2363 5346 prtedicabo.
2392 5284 2536 5346 Quid
2563 5284 2879 5339 mirabilius
2908 5290 3057 5341 inter
3078 5282 3178 5342 Dei
3208 5294 3372 5345 mira—

1772 5352 1924 5415 bilia,
1952 5366 2128 5416 quam
2153 5354 2308 5416 quod
2336 5355 2459 5419 ipse
2498 5362 2717 5408 creator
2740 5358 2927 5411 factus
2952 5365 3039 5412 est
3061 5366 3323 5415 creatura
3347 5369 3371 5416 P

1775 5425 1929 5475 Deus
1946 5424 2263 5476 humanam
2272 5432 2539 5477 naturam
2558 5429 2826 5493 suscepit.
2844 5431 3131 5495 Sanguine
3147 5449 3240 5482 suo
3258 5451 3368 5495 per-

1775 5494 1962 5568 ditum
1998 5495 2291 5568 hominem
2328 5498 2588 5558 redemit,
2615 5498 2687 5549 de
2726 5505 2908 5551 morte
2942 5494 3015 5552 ad
3054 5494 3269 5568 vitam,
3297 5506 3369 5559 de

1775 5566 1993 5616 mundo
2015 5567 2087 5618 ad
2106 5566 2343 5630 gloriam
2366 5568 2616 5619 reduxit.
2636 5571 2776 5621 Haec
2800 5576 2955 5634 sunt,
2981 5584 3112 5635 qua:
3136 5566 3367 5635 pronun-

1777 5636 1927 5688 tiabo
1956 5636 2255 5699 mirabilia,
2278 5651 2411 5701 quas
2434 5652 2526 5689 me
2549 5639 2795 5691 docuisti
2827 5653 2861 5692 a
2879 5642 3183 5705 juVentute
3218 5659 3363 5700 mea.

1773 5708 2039 5785 Et_sicut
2101 5709 2414 5785 hucusque
2448 5710 2650 5775 cepisti
2707 5712 3052 5776 misericors,
3106 5717 3369 5785 Domine,

1775 5778 1951 5848 358
1979 5780 2061 5832 sic
2084 5793 2272 5844 usque
2298 5781 2359 5833 in
2381 5780 2556 5833 ﬁnem
2590 5794 2706 5833 non
2730 5795 2926 5838 cesses
2947 5797 3134 5850 agere.
3159 5789 3229 5842 Et
3262 5778 3372 5843 hoc

1775 5855 1868 5905 est
1896 5853 2051 5915 quod
2076 5852 2274 5904 subdit
2297 5868 2319 5903 ι
