3880 6222
484 298 588 353 935

1544 290 1812 342 RUFINO
1853 290 2312 344 PRESBYTERO
2345 289 2734 343 ASCRIPTUS

543 415 618 461 18.
670 409 737 458 Et
770 421 938 481 usque
956 406 1043 481 _in
1079 409 1360 481 senectam,
1404 407 1449 451 et
1471 403 1703 481 senium,
1727 405 1977 481 Deum-ne
1999 404 2083 454 dc-
2105 410 2167 481 Α
2184 410 2241 481 e_t
2259 403 2574 456 admonitio
2596 405 2716 481 est,
2731 402 3135 481 nondesertio.
3160 405 3321 481 Nam
3337 404 3633 481 protinus
3649 407 3818 459 addit:
3850 428 3851 447 λ

479 482 758 544 relinquas
774 493 874 528 me.
886 475 1177 539 Adjuvisti
1193 475 1417 532 fortem,
1434 486 1550 525 non
1562 474 1798 526 deseras
1810 475 2073 527 debilem.

479 555 760 616 Tempore
783 546 1189 613 Apostolorum
1204 550 1261 597 et
1278 549 1597 610 martyrum
1611 548 1731 597 erat
1736 546 1970 610 juvenis
1984 549 2076 595 Ec-

478 625 671 687 clesia,
698 621 863 673 fortis
886 619 947 669 in
968 618 1199 681 virtute,
1218 618 1442 681 patiens
1466 618 1528 668 in
1551 617 2078 682 tribulatione,per-

478 696 627 747 fecta
649 696 709 745 in
733 690 1030 755 sapientia.
1055 691 1185 741 Jam
1208 689 1342 753 quia
1372 689 1581 740 caritas
1600 688 1933 754 refrigescit,
1969 691 2078 740 mi-

475 768 675 820 nuitur
698 761 997 827 sapientia,
1021 761 1201 812 virtus
1238 758 1430 811 deficit
1456 776 1467 811 :
1502 760 1669 824 quasi
1690 762 1749 812 in
1773 768 2074 809 senectutem

476 837 673 891 venire
697 835 863 898 cepit.
888 833 1164 896 Tempore
1186 830 1530 882 Antichristi
1551 829 1711 883 cadet
1738 844 1799 883 in
1828 831 2073 883 senium.

475 907 710 973 quando
726 907 855 970 ejus
877 904 1060 955 virtus
1076 903 1218 954 adeo
1237 902 1522 954 diminuta
1536 903 1662 965 erit,
1674 905 1799 973 utsi
1815 902 1937 953 ﬂeri
1954 916 2079 966 pos-

474 972 567 1044 sit,
611 977 964 1030 seducantur
1001 974 1175 1025 etiam
1221 974 1384 1025 electi
1422 973 1628 1035 (Matth.
1662 972 1787 1037 24.).
1819 974 2077 1025 Postulat

471 1062 609 1113 ergo
632 1047 842 1099 Christi
874 1044 1142 1107 Ecclesia,
1166 1047 1233 1094 ut
1256 1044 1408 1094 sicut
1430 1056 1464 1095 a
1481 1045 1794 1108 juventute
1817 1056 1919 1108 per
1946 1057 2074 1095 om-

474 1119 788 1185 nipotentis
816 1119 917 1168 Dei
940 1118 1183 1181 gratiam
1209 1116 1427 1179 regitur
1456 1130 1468 1166 :
1503 1116 1587 1166 sic
1612 1127 1796 1178 usque
1819 1115 1874 1166 in
1898 1116 2074 1167 tinem

473 1205 575 1258 per
593 1190 857 1243 eamdem
868 1187 1111 1251 gratiam
1122 1187 1506 1258 gubernetur.
1535 1187 1705 1258 Usque
1716 1187 1777 1235 in
1792 1191 2072 1251 senectam,

473 1257 519 1313 et
562 1262 775 1311 senium
817 1271 1031 1318 meum,
1080 1257 1139 1308 id
1177 1262 1284 1314 est.
1318 1270 1503 1321 usque
1536 1257 1609 1308 ad
1633 1257 1785 1309 diem
1805 1258 2074 1310 ultimum

472 1347 691 1394 meum,
713 1343 902 1395 usque
924 1330 985 1379 in
1007 1328 1181 1379 ﬁnem
1206 1327 1385 1379 seculi
1419 1328 1601 1392 gratia
1622 1333 1725 1380 tua
1747 1334 2076 1393 perseveret

473 1417 721 1458 mecum.
748 1404 922 1453 Donec
941 1400 1267 1449 annunliem
1286 1398 1573 1448 brachium
1587 1406 1761 1459 tuum,
1780 1400 1837 1451 id
1852 1406 1960 1465 est,
1984 1401 2075 1451 Fi-

473 1478 616 1529 lium
648 1482 833 1538 tuum,
862 1471 1200 1537 generaliani
1236 1472 1390 1520 omni
1428 1486 1546 1534 qum
1565 1477 1792 1520 ventura
1814 1478 1902 1520 est.
1927 1474 2073 1522 Hinc

472 1548 608 1601 alibi
631 1546 949 1599 diciturzEt
966 1543 1263 1594 brachium
1276 1543 1506 1593 Domini
1529 1543 1620 1593 cui
1640 1544 1958 1594 revelatum
1983 1548 2073 1594 est

476 1620 620 1686 (Isai.
665 1617 765 1677 33;
798 1616 960 1665 Joan.
1000 1612 1098 1677 12;
1128 1615 1281 1663 Rom.
1308 1613 1450 1677 10.)?
1483 1613 1616 1665 Ideo
1651 1615 2072 1686 Christusbra-

472 1684 669 1742 Chium
692 1687 922 1739 Domini
944 1686 1171 1747 dicitur,
1199 1686 1335 1748 quia
1358 1687 1479 1749 ipse
1498 1688 1586 1736 est
1612 1686 1798 1737 virtus
1823 1690 1880 1737 et
1910 1684 2071 1736 forti-

476 1762 615 1814 tudo
639 1761 741 1811 Dei
768 1771 869 1822 per
881 1769 1056 1821 quem
1073 1757 1264 1807 omnia
1284 1755 1433 1807 facta
1447 1761 1609 1807 sunt:
1629 1761 1687 1808 et
1705 1769 1740 1807 a
1751 1768 1865 1819 quo
1880 1759 2067 1805 diaboli

471 1834 659 1885 virtus
684 1834 1008 1897 superatur.
1022 1828 1193 1879 Omni
1209 1827 1559 1891 generationi
1571 1829 1949 1879 annuntiatur
1958 1827 2067 1879 hoc

470 1904 791 1967 brachium,
811 1904 876 1953 ut
896 1898 1178 1951 credendo
1192 1899 1253 1949 in
1271 1899 1583 1950 Dominum
1599 1900 1799 1950 Jesum
1812 1902 2064 1949 Christum

471 1977 646 2029 fortes
690 1976 1086 2038 permaneant,
1125 1974 1300 2033 atque
1345 1970 1404 2021 in
1444 1974 1607 2021 tanta
1640 1972 1855 2022 virtute
1891 1971 2068 2022 conti-

474 2046 684 2109 dendo,
709 2042 1003 2095 diabolum
1029 2046 1087 2093 et
1112 2042 1251 2092 vitia
1274 2045 1539 2104 potenter
1566 2041 1818 2092 vincant.

534 2117 619 2172 19.
666 2112 1024 2166 Annuntiabo
1072 2112 1295 2176 (inquit)
1329 2125 1447 2163 non
1489 2112 1639 2163 vires
1681 2116 1785 2163 aut
1810 2112 2068 2175 justitias

470 2200 653 2251 meas,
692 2186 813 2245 sed,
851 2183 1155 2234 Potentiam
1180 2187 1329 2231 luam
1350 2188 1396 2231 et
1410 2182 1685 2245 justitiam
1710 2188 1881 2246 luam,
1907 2184 2066 2247 Deus,

472 2273 603 2325 qua)
627 2256 1038 2317 extenduntur,
1054 2268 1223 2325 usque
1245 2252 1597 2325 inaltissima,
1614 2268 1729 2325 quae
1749 2252 1921 2314 feciin
1942 2269 2067 2303 ma-

470 2321 664 2395 άηαιία
679 2342 691 2378 :
708 2327 769 2378 id
779 2330 883 2382 est.
911 2336 1100 2387 usque
1114 2323 1188 2373 ad
1211 2324 1369 2387 ipsas
1390 2321 1652 2374 caelestes
1666 2324 1925 2385 virtutes,
1941 2340 2068 2386 quas

471 2410 534 2454 tu
558 2401 729 2465 longe
743 2396 1066 2449 mirabilius
1077 2406 1251 2457 quam
1267 2399 1477 2446 caatera
1487 2406 1659 2458 opera
1672 2399 1770 2446 tua
1779 2400 2063 2445 creasti.Dei

471 2464 764 2536 magnalia
783 2472 921 2520 sunt
931 2464 1157 2529 Angeli,
1174 2465 1369 2528 Sedes,
1388 2467 1844 2529 Dominationes,
1860 2468 2067 2518 Princi-

469 2548 660 2610 patus,
697 2543 1042 2610 Potestate‘s.
1066 2538 1205 2589 Haec
1239 2537 1359 2610 ipsa
1398 2537 1687 2610 magnalia
1709 2538 1810 2589 tibi
1833 2538 2063 2610 debent,

470 2608 623 2679 quod
661 2614 821 2674 sunt,
851 2608 1008 2672 quod
1025 2609 1184 2672 juste
1213 2608 1435 2669 vivunt,
1475 2608 1625 2671 quod
1654 2608 1817 2660 beate
1840 2609 2063 2661 vivunt.

467 2689 597 2739 Non
617 2684 803 2737 solum
826 2682 1092 2733 homines
1118 2679 1302 2744 gratia
1325 2679 1427 2730 Dei
1446 2679 1860 2743 gubernantur,
1882 2681 1984 2732 sed
2010 2686 2067 2732 et

469 2759 614 2824 ipsa;
629 2755 998 2809 altissimaaet
1011 2756 1247 2807 aeternae
1264 2754 1600 2824 potestates.
1612 2754 1754 2824 Unde
1769 2754 2064 2801 admirando

467 2822 771 2890 exclamat,
795 2827 996 2876 dicens
1020 2839 1033 2874 :
1050 2824 1190 2872 Deus
1206 2823 1329 2887 quis
1349 2822 1547 2871 similis
1561 2822 1672 2885 tibi,
1688 2824 1984 2888 subaudis,
2007 2825 2065 2876 in

467 2899 835 2966 magnalibus
877 2895 1194 2948 faciendis?
1218 2894 1411 2945 Voluit
1436 2894 1654 2966 primus
1683 2895 1925 2959 angelus
1962 2896 2063 2947 tibi

461 2965 592 3026 esse
639 2970 862 3030 similis,
902 2972 960 3020 et
1001 2966 1208 3018 cecidit
1253 2966 1397 3029 (lsai.
1447 2965 1573 3029 14.).
1614 2965 1810 3017 Voluit
1843 2966 2064 3031 primus

462 3046 654 3107 homo,
667 3042 761 3093 cui
777 3052 1013 3103 serpens
1030 3038 1205 3088 dixit:
1248 3038 1316 3089 Et
1343 3037 1503 3088 eritis
1515 3038 1667 3089 sicut
1689 3037 1765 3088 dii
1790 3041 1809 3101 ζ
1814 3039 1940 3089 Gen.
1963 3039 2056 3103 3.),

2181 477 2246 525 Et
2270 489 2549 525 conversus
2571 475 2852 537 viviﬁcasli
2874 490 2977 526 me.
3007 476 3188 538 Quasi
3210 481 3362 540 post
3387 476 3544 528 iram
3556 494 3816 529 conversa

2174 550 2239 598 ad
2287 544 2757 606 misericordiam,
2792 545 3105 598 viviﬁcasti
3146 560 3355 611 genus
3403 548 3816 603 humanumin

2174 618 2358 683 primo
2374 622 2611 682 parente
2623 621 2935 668 mortuum.
2955 618 3119 669 Sicut
3142 620 3311 670 enim
3336 619 3407 670 in
3434 620 3636 672 Adam
3652 638 3813 672 omnes

2175 689 2517 749 moriuntur,
2558 688 2640 739 ita
2671 691 2728 739 et
2762 689 2821 739 in
2850 688 3079 741 Christo
3105 702 3326 741 omnes
3357 692 3814 745 viviﬁcabuan

2173 759 2244 821 (1.
2289 761 2407 811 Cor.
2450 758 2577 822 15.).
2612 759 2661 808 E
2664 765 2681 808 ι
2706 759 2768 808 de
2791 759 2995 825 abyssis
3017 767 3190 824 terrae,
3210 761 3402 823 idest,
3432 762 3511 814 de
3537 764 3814 826 profundi-

2176 834 2293 882 tate
2339 836 2398 883 et
2441 831 2839 882 submersione
2882 832 3121 895 peccati,
3162 833 3381 881 iterum
3410 833 3702 883 reduxisti
3729 852 3812 885 me.

2176 901 2323 964 Quid
2344 906 2450 959 est,
2477 901 2630 965 quod
2654 901 2792 952 dicit
2810 903 3044 951 lterum!
3081 904 3213 955 Non
3243 906 3415 955 enim
3443 907 3637 957 semel
3661 907 3810 957 redu-

2174 974 2252 1026 cit
2271 975 2425 1024 Deus
2448 986 2484 1024 a
2505 974 2785 1037 peccatis:
2810 974 2912 1024 sed
2931 974 3104 1027 modo
3129 988 3237 1039 per
3250 977 3668 1041 baptismum,
3682 995 3757 1026 me
3772 983 3811 1025 io

2172 1057 2271 1110 per
2303 1045 2726 1109 paenitentiam,
2760 1045 2935 1097 modo
2973 1058 3073 1110 per
3096 1048 3583 1099 conversionem
3616 1067 3629 1096 :
3661 1056 3721 1100 et
3745 1054 3811 1099 sic

2173 1115 2370 1167 multis
2395 1119 2453 1167 et
2480 1115 2726 1167 diversis
2738 1116 2925 1167 modis
2942 1116 3378 1169 reducimurad
3398 1119 3809 1171 salutem.

2173 1187 2450 1239 iteramus
2467 1186 2714 1251 culpam,
2729 1189 2859 1251 pius
2878 1189 3164 1240 Dominus
3181 1191 3365 1242 iterat
3378 1204 3533 1256 ergo
3545 1205 3664 1243 nos
3682 1209 3805 1241 suam

2174 1259 2759 1311 misericordiam.Vel
2784 1259 2845 1307 de
2871 1258 3076 1323 abyssis
3093 1266 3267 1320 terrae,
3293 1262 3359 1313 id
3388 1267 3506 1323 est,
3535 1263 3612 1314 de
3638 1277 3809 1328 pecca-

2174 1330 2265 1393 tis,
2292 1342 2425 1394 quaa
2457 1343 2565 1381 nos
2596 1335 2867 1393 mergunt
2893 1331 2955 1381 in
2995 1331 3325 1393 interitum,
3377 1333 3634 1386 reduxit
3670 1337 3805 1386 Deus

2172 1414 2358 1465 genus
2380 1402 2724 1465 humanum,
2756 1402 3010 1452 Primum
3050 1415 3154 1465 per
3178 1403 3389 1466 tidem,
3436 1405 3673 1458 iterum
3724 1421 3805 1471 per

2174 1473 2450 1536 speciem:
2476 1486 2632 1523 nunc
2659 1476 2812 1523 recte
2834 1472 3104 1534 vivendo,
3126 1473 3349 1526 iterum
3376 1480 3623 1528 aeterna
3639 1478 3803 1529 beati-

2172 1543 2373 1594 tudine
2406 1542 2766 1607 perfruendo.
2793 1544 3165 1595 Surreximus
3180 1547 3572 1609 mente,ﬂde,
3597 1561 3804 1613 spe,ca-

2170 1614 2355 1666 ritate.
2390 1616 2608 1676 Restat,
2632 1619 2697 1666 ut
2720 1626 3030 1678 surgamus
3056 1619 3113 1666 et
3136 1629 3409 1683 corpore.
3440 1620 3520 1669 Et
3544 1622 3688 1683 quia
3708 1620 3800 1671 hoc

2166 1687 2285 1750 jam
2328 1699 2427 1750 spe
2453 1689 2737 1749 tenemus,
2759 1685 2984 1737 dicatur
3005 1691 3180 1751 recte,
3205 1688 3280 1737 Et
3304 1689 3377 1738 de
3403 1689 3633 1754 abyssis
3662 1697 3799 1740 terr:

2094 1774 2148 1848 B
2176 1756 2665 1848 iugum-retinuisti
2682 1772 2782 1848 me,
2808 1756 2971 1848 Mihin
2982 1769 3115 1848 vero
3150 1759 3549 1848 siclreducto,

2238 1826 2323 1882 21.
2356 1828 2726 1893 Multiplicasli
2744 1828 3211 1892 magniﬁcentiam
3238 1836 3426 1893 luam,
3459 1831 3643 1896 idest,
3667 1832 3796 1883 mul-

2168 1899 2241 1950 tis
2265 1899 2452 1950 modis
2478 1912 2709 1963 magna,
2731 1903 2789 1950 et
2803 1898 3145 1963 multiplicia
3173 1901 3479 1953 virtutum
3505 1903 3669 1955 dona
3682 1916 3793 1954 con-

2168 1970 2367 2021 tulisti.
2428 1970 2494 2020 Et
2538 1985 2854 2031 conversus,
2905 1983 3007 2035 per
3048 1971 3446 2025 mediatorem
3512 1975 3789 2026 Christum

2169 2040 2236 2103 (1.
2263 2041 2395 2089 Tim.
2415 2040 2507 2103 2.).
2532 2042 2605 2092 ab
2634 2041 2920 2105 ira,quam
2942 2041 3206 2094 habebas
3231 2043 3305 2095 de
3331 2051 3595 2109 peccato
3609 2054 3789 2097 contra

2167 2125 2352 2176 genus
2377 2111 2718 2176 humanum,
2744 2112 3049 2162 consolatus
3070 2129 3122 2163 es
3146 2129 3252 2177 me,
3271 2128 3570 2168 securum
3594 2117 3788 2169 facien-

2168 2184 2240 2235 do
2265 2184 2335 2236 de
2365 2190 2583 2236 interna
2615 2184 3048 2248 promisssione.
3074 2186 3147 2236 Et
3175 2186 3444 2249 quia(E:c
3467 2190 3778 2253 Augustino;

2166 2255 2313 2306 duas
2343 2256 2567 2306 dixerat
2583 2255 2970 2316 reductiones,
2999 2268 3178 2308 unam
3199 2259 3545 2310 secundum
3563 2263 3783 2321 spiritum

2166 2327 2227 2378 in
2266 2340 2343 2386 re,
2367 2329 2605 2378 alteram
2643 2326 2968 2379 secundum
3001 2340 3214 2393 corpus
3248 2329 3311 2382 in
3344 2342 3479 2395 spe,
3516 2343 3623 2383 eas
3655 2331 3782 2383 duas

2167 2398 2537 2451 commendat
2558 2411 2690 2450 cum
2722 2398 3027 2463 subjungit
3052 2415 3065 2451 :

2228 2468 2315 2524 22.
2354 2471 2500 2521 Nam
2533 2475 2579 2519 et
2617 2486 2709 2534 ego
2735 2469 3018 2533 conﬁtebor
3034 2470 3131 2520 tibi
3152 2471 3212 2519 in
3235 2473 3389 2522 vasis
3409 2473 3630 2538 psalmi
3662 2476 3784 2522 ueri-

2167 2546 2323 2590 tatem
2338 2547 2510 2603 luam,
2535 2541 2690 2590 Deus.
2717 2541 2838 2592 Hoc
2859 2543 2950 2592 est
2965 2542 3294 2594 secundum
3308 2543 3674 2608 spiritum.A
3696 2558 3782 2595 su-

2164 2612 2369 2676 periori
2401 2612 2553 2664 enim
2587 2615 2755 2663 sonat
2783 2611 3125 2676 psalterium
3155 2613 3316 2676 quod
3343 2620 3464 2678 est,
3491 2617 3668 2679 quasi
3690 2629 3777 2667 va:

2165 2682 2457 2746 quoddam
2481 2682 2795 2746 spirituale,
2819 2682 2878 2732 in
2902 2694 3018 2746 quo
3051 2683 3267 2748 psalmi
3297 2686 3703 2747 continentur,
3727 2687 3775 2736 in

2165 2767 2279 2818 quo
2305 2754 2475 2807 etiam
2500 2754 2730 2805 Domini
2755 2753 2962 2805 veritas
2977 2753 3052 2806 ad
3078 2755 3267 2818 ipsius
3278 2755 3579 2810 honorem
3595 2758 3779 2822 praedi-

2164 2830 2344 2877 catur.
2382 2826 2535 2877 Vasa
2556 2825 3187 2890 psalmi,instmmenta
3198 2832 3364 2891 sunt,
3380 2829 3486 2879 ubi
3508 2830 3771 2891 psalmodia

2162 2896 2263 2949 ﬂat
2287 2913 2298 2948 :
2325 2901 2383 2949 et
2419 2897 2744 2961 signiﬁcant
2771 2895 3224 2949 viviﬁcationem
3262 2899 3535 2962 spiritus.
3564 2902 3689 2957 Quid
3722 2902 3772 2947 de

2160 2970 2431 3032 corpore?
2462 2968 2703 3017 Psallam
2740 2967 2836 3017 tibi
2867 2968 2929 3015 in
2967 2968 3207 3033 cithara,
3229 2976 3462 3019 sanctus
3480 2971 3669 3020 Israel.
3694 2971 3768 3020 Ci-

2160 3041 2321 3091 thara
2343 3040 2500 3092 enim
2523 3040 2596 3091 ab
2619 3038 2870 3091 inferiori
2898 3045 3061 3104 parte
3085 3041 3352 3092 sonitum
3383 3042 3604 3094 reddit.
3631 3042 3766 3093 Psal-

458 3120 519 3167 et
556 3114 897 3179 dignitatem
933 3110 1146 3162 amisit.
1182 3110 1253 3159 Et
1284 3112 1475 3179 tamen
1513 3108 1586 3160 ad
1624 3110 2055 3163 similitudinem
2104 3176 2127 3179 A
2157 3110 2267 3160 lam
2306 3110 2401 3160 tibi
2433 3111 2493 3160 in
2527 3111 2760 3174 cithara,
2792 3110 2850 3162 id
2873 3115 2981 3175 est,
3001 3112 3062 3163 in
3084 3114 3545 3166 mortificatione
3577 3114 3761 3167 carnis.

460 3186 563 3239 Dei
591 3176 782 3237 factus
804 3183 1018 3247 legitur
1046 3180 1388 3241 homo(Gen.
1413 3177 1486 3242 2.)
1511 3193 1525 3229 :
1554 3185 1613 3232 et
1632 3180 1757 3245 ipse
1782 3182 2058 3234 Dominus
2087 3176 2134 3250 C
2166 3181 2297 3245 Tibi,
2322 3182 2578 3245 inquam,
2597 3182 2774 3245 quies
2800 3193 3041 3234 sanctus
3063 3184 3262 3245 Israel,
3286 3184 3348 3236 id
3364 3190 3484 3249 est,
3510 3185 3616 3250 qui
3630 3198 3762 3237 sanc-

457 3257 531 3310 ad
556 3254 991 3308 similitudinem
1015 3264 1180 3304 suam
1204 3263 1312 3303 nos
1336 3251 1567 3317 invitat,
1592 3251 1791 3304 dicens
1806 3252 1866 3304 in
1882 3255 2060 3305 Evan-

455 3329 605 3393 gelio
632 3343 644 3378 :
670 3326 900 3389 Diligite
929 3324 1192 3376 inimicos
1219 3329 1477 3375 vestros:
1504 3324 1819 3375 benefacite
1841 3324 1934 3375 his
1959 3327 2059 3388 qui

456 3399 703 3452 oderunt
726 3409 848 3458 vos,
875 3399 941 3447 ut
961 3395 1087 3446 sitis
1110 3394 1211 3445 ﬁlii
1232 3394 1415 3445 Patris
1439 3394 1618 3445 vestri
1642 3396 1851 3456 (Matth.
1879 3394 1969 3459 5.).
1988 3398 2059 3447 Et

456 3468 806 3535 Apostolus:
836 3466 1059 3518 Similes
1077 3465 1299 3529 (inquit)
1324 3465 1375 3515 ei
1399 3464 1634 3529 erimus,
1665 3467 1939 3529 quoniam
1969 3469 2057 3519 vi-

455 3534 722 3593 debimus
762 3550 897 3589 eum
944 3536 1114 3587 sicuti
1146 3541 1236 3586 est
1274 3534 1341 3598 (1.
1368 3535 1533 3586 Joan.
1559 3535 1651 3597 3.).
1685 3540 1751 3587 In
1780 3550 1895 3600 quo
1919 3550 2056 3603 ergo

454 3610 914 3677 peccavithomo,
938 3607 986 3657 si
1011 3618 1140 3657 esse
1167 3605 1366 3666 voluit,
1394 3605 1549 3669 quod
1575 3608 1729 3658 Deus
1760 3608 1820 3658 in
1843 3608 1938 3660 illo
1973 3609 2055 3660 fe-

454 3682 569 3734 cit?
592 3680 699 3732 Sed
724 3678 906 3731 voluit
927 3677 1037 3728 hoc
1061 3680 1427 3740 perverse,ut
1445 3678 1734 3740 quomodo
1756 3680 1913 3730 Deus
1937 3692 2053 3731 non

452 3752 630 3804 habet
652 3763 687 3802 a
709 3762 824 3813 quo
847 3748 1131 3799 formatus
1149 3751 1256 3809 est,
1277 3758 1395 3797 non
1415 3747 1593 3799 habet
1615 3761 1650 3799 a
1664 3760 1779 3811 quo
1794 3753 2049 3813 regatur:

453 3823 536 3875 sic
566 3825 690 3887 ipse
734 3818 918 3873 voluit
950 3819 1013 3870 in
1045 3829 1153 3869 sua
1193 3821 1479 3882 potestate
1504 3831 1631 3869 esse
1654 3820 1779 3871 sine
1799 3820 2051 3887 domino,

454 3895 581 3946 sine
612 3894 848 3955 rectore,
876 3894 942 3941 ut
966 3890 1193 3954 propria
1216 3891 1474 3940 uteretur
1500 3888 1814 3943 voluntate.
1850 3892 2052 3945 Posset

451 3970 647 4019 autem
670 3969 729 4017 et
748 3964 856 4014 hoc
879 3961 1024 4014 velle
1056 3960 1181 4011 sine
1213 3964 1465 4024 peccato,
1508 3960 1725 4012 scilicet
1759 3966 1825 4013 ut
1846 3961 2051 4015 similis

451 4041 607 4089 esset
630 4038 766 4087 Deo.
792 4032 1068 4096 Quisquis
1090 4032 1245 4083 enim
1269 4030 1395 4083 vult
1423 4032 1505 4083 ita
1526 4045 1658 4084 esse
1681 4032 1887 4084 similis
1912 4035 2047 4099 Deo,

451 4113 518 4160 ut
541 4107 615 4160 ad
644 4105 809 4158 illum
830 4108 964 4161 stet,
979 4107 1036 4155 et
1057 4103 1130 4154 ab
1154 4102 1249 4154 illo
1267 4102 1659 4155 fortitudinem
1676 4116 1844 4155 suam
1863 4110 2050 4157 custo-

450 4181 587 4244 diat,
617 4179 788 4243 eique
817 4174 1160 4228 commendo
1200 4175 1460 4239 signetur
1502 4179 1776 4238 tanquam
1811 4189 1940 4227 cera
1976 4190 2048 4229 ex

449 4251 665 4306 annulo
691 4265 704 4302 :
730 4249 905 4301 habet
926 4248 1236 4311 imaginem
1262 4246 1388 4310 ejus
1413 4246 1628 4298 faciens
1652 4246 1806 4310 quod
1826 4248 2048 4300 dictum

448 4327 561 4389 est,
576 4322 715 4376 Mihi
729 4325 924 4379 autem
936 4318 1233 4372 adhaerere
1250 4319 1366 4370 Deo
1384 4319 1601 4369 bonum
1626 4318 1889 4380 est(Psal.
1917 4318 2043 4373 72.).

450 4397 557 4449 Hic
592 4393 847 4447 custodit
873 4390 1306 4443 similitudinem
1342 4394 1400 4441 et
1435 4391 1748 4455 imaginem
1770 4391 1844 4441 ad
1870 4403 2044 4455 quam

447 4468 635 4521 factus
647 4472 754 4530 est,
774 4469 832 4517 et
846 4477 966 4517 non
975 4466 1193 4529 peccat.
1212 4463 1370 4523 Quod
1386 4466 1521 4526 quia
1535 4462 1709 4514 homo
1726 4462 1885 4526 prius
1900 4478 2046 4524 agere

2157 3252 2342 3305 tiﬂcas
2367 3266 2487 3315 eos,
2524 3253 2625 3316 qui
2664 3257 2807 3305 sunt
2842 3253 3216 3318 spiritualiter
3238 3257 3446 3316 Israel,
3468 3256 3533 3309 id
3567 3256 3757 3318 estvi-

2156 3325 2360 3377 dentes
2394 3325 2598 3375 Deum.
2626 3325 2696 3376 Et
2716 3324 2845 3376 ideo

2217 3393 2305 3450 23.
2352 3395 2694 3445 Exullabunt
2733 3395 2878 3445 labia
2916 3410 3057 3459 mea,
3103 3411 3231 3447 cum
3265 3403 3570 3449 cantavero
3595 3399 3701 3463 tibi,
3724 3406 3759 3447 el

2155 3469 2350 3517 anima
2372 3482 2493 3516 mea
2508 3481 2676 3531 quam
2698 3467 2988 3519 redemisti.
3007 3469 3150 3520 Tam
3161 3470 3361 3521 certus
3377 3475 3513 3523 erat
3535 3473 3760 3523 Sanctus

2158 3539 2338 3592 David
2362 3539 2433 3591 de
2449 3538 2803 3590 redemtione
2817 3540 3031 3591 animae
3043 3552 3191 3602 sum,
3206 3546 3274 3592 ut
3285 3543 3417 3606 jam
3431 3542 3649 3595 diceret
3668 3542 3754 3593 fac-

2154 3615 2298 3675 tum,
2325 3611 2478 3674 quod
2511 3611 2569 3660 in
2594 3609 2799 3673 spiritu
2819 3610 3183 3675 prmvidebat
3204 3611 3500 3664 futurum.
3516 3616 3643 3665 Non
3662 3615 3754 3666 ait:

2153 3684 2222 3734 Et
2261 3681 2533 3743 animam,
2562 3693 2737 3744 quam
2757 3682 3126 3733 redemturus
3155 3696 3219 3733 es
3253 3700 3265 3732 :
3298 3684 3409 3736 sed
3424 3686 3638 3734 Anima
3656 3700 3754 3734 mea

2152 3770 2183 3818 q
2193 3768 2321 3802 nam
2344 3752 2631 3803 redemisti.
2660 3750 2712 3818 3
2722 3748 2775 3819 6
2785 3748 2834 3818 ο
2851 3754 3210 3817 Quapropter
3222 3753 3370 3807 dum
3384 3755 3638 3807 Domino
3651 3770 3754 3805 eau-

2152 3828 2251 3884 tat,
2298 3836 2416 3875 non
2460 3822 2649 3874 solum
2692 3824 3077 3875 exterioribus
3115 3824 3312 3886 labiis,
3361 3825 3476 3877 sed
3510 3828 3666 3878 intus
3702 3826 3751 3875 in

2146 3896 2343 3947 anima
2385 3895 2624 3946 exultat.
2667 3895 2756 3945 Sic
2802 3895 2957 3945 enim
2986 3896 3172 3946 Deum
3212 3893 3465 3949 laudare
3497 3897 3676 3957 decet,
3697 3901 3751 3947 ut

2146 3980 2313 4018 mens
2333 3967 2641 4017 concordet
2661 3978 2796 4016 cum
2820 3978 2980 4027 voce,
3005 3970 3073 4017 ut
3101 3965 3421 4031 impleatur
3447 3967 3595 4020 illud
3616 3972 3747 4033 Apo—

2146 4036 2310 4088 stoli:
2345 4035 2591 4088 Psallam
2615 4036 2834 4100 spiritu,
2866 4035 3110 4101 psallam
3126 4042 3187 4088 et
3201 4043 3403 4091 mente
3423 4038 3497 4104 (l.
3515 4040 3744 4099 Coi-.14.).

2148 4111 2262 4162 Nec
2287 4107 2477 4160 solum
2503 4108 2653 4159 labia
2673 4120 2801 4159 mea
2823 4107 3238 4171 decantabunt,

2205 4181 2291 4237 24.
2334 4182 2437 4232 Sed
2469 4187 2513 4231 el
2540 4181 2733 4245 lingua
2755 4194 2875 4229 mea
2898 4179 3257 4229 meditabitur
3271 4181 3567 4246 justitiam
3593 4187 3739 4231 tuam.

2142 4252 2208 4303 Id
2230 4256 2336 4314 est,
2363 4251 2608 4316 qualiter
2622 4252 2816 4302 anima
2832 4262 2961 4302 mea
2982 4263 3086 4315 per
3113 4255 3171 4302 te
3195 4252 3474 4304 redemta
3496 4254 3593 4314 sit,
3606 4258 3660 4304 et
3674 4253 3742 4314 ju-

2142 4324 2404 4382 stiflcata,
2424 4322 2597 4374 nullis
2608 4322 2754 4374 meis
2780 4321 3247 4386 praecedentibus
3264 4323 3517 4383 meritis.
3537 4324 3636 4374 sed
3656 4324 3740 4371 sols

2143 4399 2245 4447 tua
2267 4395 2517 4459 gratuita
2537 4392 2945 4445 misericordia.
2965 4394 3207 4455 Quando
3219 4392 3334 4444 hoc
3344 4394 3737 4446 meditabitur?

2146 4469 2211 4518 In
2244 4465 2378 4528 ﬁne,
2414 4466 2551 4516 Cum
2581 4464 2794 4527 confusi
2822 4470 2868 4513 et
2889 4464 3104 4513 reveriti
3126 4464 3360 4526 fuerint,
3387 4466 3494 4529 qui
3517 4470 3737 4529 qua-unt

446 4539 777 4602 contemsit,
811 4550 970 4589 nunc
992 4535 1256 4600 captivus
1282 4533 1529 4586 clamat:
1555 4535 1712 4597 Deus,
1739 4534 1835 4598 qui
1850 4534 2046 4583 similis
2066 4579 2119 4602 η
2148 4537 2299 4587 mala
2319 4536 2483 4588 mihi.
2510 4537 2752 4588 Duobus
2784 4534 2973 4587 modis
2996 4535 3105 4597 (Ea:
3129 4537 3385 4599 August.)
3411 4535 3739 4587 confunden-

448 4579 894 4662 Itiﬁﬁﬁér‘éé’
910 4579 1224 4659 voluiresse
1248 4605 1351 4657 tibi
1387 4605 1613 4670 similis,
1638 4579 1901 4657 et,factus
1913 4617 2045 4657 sum
2065 4579 2123 4652 D
2150 4613 2244 4660 tur
2254 4613 2312 4660 et
2322 4579 2838 4659 erusbescentmut
2850 4618 2982 4657 cum
2998 4579 3313 4657 cmdenfin
3326 4579 3735 4669 Christum,aut

446 4682 650 4734 similis
675 4680 880 4744 pecori.
910 4679 1027 4730 Sub
1051 4681 1153 4729 tua
1175 4676 1583 4737 dominatione,
1604 4678 1714 4727 sub
1729 4679 1825 4727 tuo
1840 4688 2047 4740 praece-

442 4756 540 4818 pto
584 4764 720 4803 vere
745 4746 921 4818 359
960 4748 1165 4800 similis
1192 4760 1368 4799 eram.
1404 4748 1515 4799 Sed
1548 4747 1721 4799 homo
1744 4747 1804 4798 in
1825 4746 2043 4801 honore

444 4823 670 4889 positus
689 4835 807 4873 non
823 4820 1125 4884 intellexit,
1137 4825 1506 4883 comparatus
1522 4818 1897 4889 estjumentis
1911 4819 2043 4870 insi-

445 4888 757 4961 pientibus,
803 4896 863 4944 et
902 4891 1107 4943 similis
1139 4893 1325 4943 factus
1359 4896 1450 4943 est
1479 4890 1592 4942 illis
1630 4889 1792 4953 (Psal.
1816 4888 1941 4953 48.).
1974 4893 2044 4943 Et

444 4966 577 5032 quia
614 4963 805 5027 tetigit
846 4962 1104 5026 vititum,
1130 4967 1189 5015 et
1221 4962 1447 5016 invenit
1488 4962 1849 5027 supplicium.
1879 4961 2042 5014 Unde

444 5049 603 5092 nunc
624 5046 866 5101 gemens
891 5033 1089 5084 subdit
1112 5050 1124 5082 :

504 5108 591 5165 20.
637 5107 883 5168 Quantas
916 5104 1190 5155 ostendisti
1221 5104 1363 5154 mihi
1397 5104 1767 5154 tribulatioin
1797 5104 1973 5154 malas
1994 5110 2041 5155 cl

442 5183 642 5232 multas
657 5184 682 5230 Ρ
701 5178 1016 5231 Ostensum
1038 5180 1131 5228 est
1153 5176 1309 5227 enim
1324 5176 1540 5226 malum
1553 5175 1771 5226 homini
1787 5188 1887 5239 per
1897 5192 2043 5238 expe-

442 5255 773 5305 rimentum.
798 5249 962 5302 Unde
983 5247 1263 5312 scriptum
1283 5251 1374 5297 est
1399 5262 1410 5294 :
1448 5250 1505 5297 et
1526 5246 1707 5309 aperti
1728 5251 1868 5298 sunt
1890 5248 2041 5298 oculi

443 5337 641 5376 eorum
684 5324 829 5385 (Gen.
878 5321 969 5384 3.).
1005 5321 1412 5383 Cognoverunt
1464 5317 1617 5368 enim
1662 5330 1725 5369 se
1751 5330 2034 5381 peccasse.

441 5395 633 5447 Clausi
662 5398 801 5447 sunt
824 5391 974 5445 oculi
998 5390 1296 5442 interiores
1335 5388 1550 5453 quibus
1575 5388 1850 5441 videbant
1870 5390 2035 5454 spiri-

438 5467 592 5519 tuale
607 5467 826 5518 bonum
848 5480 861 5515 :
889 5468 947 5516 et
973 5462 1155 5527 aperti
1177 5463 1316 5513 sunt
1338 5459 1488 5513 oculi
1509 5461 1817 5513 exteriores
1839 5461 1913 5513 ad
1938 5475 2037 5513 ex~

440 5538 778 5603 periendum
795 5535 1033 5589 malum.
1059 5534 1199 5597 Quis
1210 5538 1404 5585 autem
1421 5537 1611 5597 potest
1632 5532 1822 5585 dicere
1842 5537 1944 5585 aut
1956 5548 2036 5583 ex-

438 5608 705 5673 cogitare,
751 5612 998 5673 quantas
1035 5611 1093 5659 et
1124 5617 1299 5669 quam
1322 5605 1536 5657 multas
1559 5604 1954 5656 tribulationes
1979 5609 2035 5655 et

438 5679 759 5732 anxietates
772 5680 968 5732 videat
984 5682 1041 5730 et
1053 5679 1270 5729 sentiat
1283 5677 1458 5728 miser
1474 5677 1669 5742 homo,
1692 5678 1751 5727 in
1773 5676 1882 5727 hac
1898 5690 2035 5724 mor-

443 5748 660 5799 talitate
693 5754 751 5800 et
780 5748 1181 5813 corruptione?
1209 5748 1352 5808 Qum
1374 5747 1501 5800 ideo
1526 5747 1696 5800 malta
1719 5751 1873 5808 sunt,
1899 5746 2034 5810 quia

437 5815 564 5867 sine
586 5816 754 5881 culpa
775 5830 905 5871 esse
925 5831 1044 5873 non
1064 5822 1332 5883 possunt.
1346 5817 1658 5882 Disciplina
1679 5822 1876 5872 tamen
1885 5820 2031 5882 ﬁunt,

2143 4693 2273 4731 cum
2300 4679 2519 4732 venerit
2531 4677 2812 4729 Christus.
2836 4679 3162 4741 Resurgent
3174 4678 3330 4728 enim
3344 4690 3561 4729 omnes
3576 4679 3734 4726 mortui

2145 4752 2160 4814 (
2169 4750 2213 4806 1.
2244 4751 2362 4802 Cor.
2384 4749 2509 4813 15.),
2536 4750 2781 4814 quisque
2798 4760 2932 4800 cum
2944 4761 3155 4800 caussa
3167 4761 3275 4800 sua
3293 4764 3306 4799 :
3326 4752 3737 4813 separabantur

2142 4823 2280 4874 boni
2312 4823 2385 4875 ad
2410 4820 2725 4885 dexteram,
2751 4818 2885 4871 mali
2908 4833 3043 4871 vero
3066 4819 3141 4870 ad
3158 4819 3491 4871 sinistram.
3512 4822 3594 4871 Ex
3616 4825 3737 4871 tunc

2142 4893 2586 4955 confundentur,
2614 4892 2713 4956 qui
2725 4896 2859 4943 ante
2871 4891 3217 4943 exultabant
3238 4906 3250 4941 :
3272 4893 3644 4954 erubescent,
3656 4893 3735 4951 qui

2140 4965 2485 5029 garriebant,
2512 4976 2644 5014 cum
2670 4962 2985 5014 dicetureis
3008 4975 3021 5012 :
3045 4961 3125 5013 ite
3148 4961 3212 5012 in
3238 4961 3443 5026 ignem
3466 4967 3735 5013 aeternum

2141 5037 2348 5100 (Matth.
2374 5032 2500 5099 25.).
2526 5036 2597 5086 Et
2625 5033 2964 5095 notandum,
3002 5031 3159 5097 quod
3183 5046 3303 5085 non
3327 5034 3430 5097 ait,
3462 5034 3533 5085 Et
3558 5034 3735 5098 lingua

2140 5120 2269 5159 mea
2287 5106 2589 5171 loquetur:
2625 5104 2727 5158 sed
2751 5103 3115 5155 meditabitur.
3151 5106 3315 5156 Tunc
3342 5105 3506 5156 enim
3539 5104 3733 5169 linguis

2139 5179 2454 5229 cessabunt
2489 5177 2558 5240 (1.
2611 5177 2731 5228 Cor.
2767 5175 2894 5241 13.),
2918 5176 3196 5240 quoniam
3220 5176 3278 5227 in
3306 5175 3411 5226 illa
3438 5176 3610 5227 beata
3631 5176 3732 5226 vita

2138 5251 2397 5301 omnium
2447 5248 2778 5323 voluntates
2813 5252 2873 5300 et
2894 5247 3276 5312 cogitationes
3298 5247 3580 5323 omnibus
3603 5246 3731 5299 invi-

2138 5332 2265 5372 cem
2287 5320 2663 5385 apparebunt.

2416 5431 2779 5499 TITULUS
2823 5431 3147 5498 PSALMI
3190 5431 3440 5498 LXXI.

2201 5569 2251 5623 1.
2271 5567 2520 5619 Psalmus
2530 5567 2725 5627 David,
2742 5567 2804 5614 in
2827 5564 3460 5618 Salomonem.'l‘ractatus
3479 5571 3572 5618 iste
3586 5567 3719 5617 tendit

2136 5635 2187 5679 in
2211 5634 2481 5689 Christum,
2508 5632 2595 5696 qui
2620 5639 2691 5696 est
2708 5643 2858 5677 verus
2884 5632 3141 5689 Salomon,
3159 5632 3213 5678 id
3235 5639 3330 5690 est,
3345 5632 3620 5696 paciﬁcus,
3638 5634 3715 5696 qui

2136 5646 2187 5679 in
2211 5646 2481 5689 υιιιιιειυω,
2508 5646 2595 5691 qui
2620 5646 2691 5679 est
2708 5646 2858 5677 verus
2885 5646 3141 5689 saiomon,
3159 5646 3213 5678 ia
3235 5646 3620 5743 est,pac511tcus,
3699 5646 3710 5678 ι

2134 5708 2304 5755 pacem
2320 5695 2489 5759 posuit
2505 5695 2634 5759 inter
2659 5695 2808 5759 Deum
2836 5698 3065 5759 etgenus
3093 5696 3383 5743 humanum
3405 5696 3423 5757 (
3474 5646 3710 5759 plus.

2133 5760 2190 5806 In
2222 5759 2317 5806 hoc
2350 5758 2542 5817 psalmo
2577 5757 2802 5803 Christus
2826 5756 3035 5803 materia
3057 5763 3132 5804 est
3158 5759 3446 5806 secundum
3474 5756 3709 5817 utramque

2133 5825 2381 5882 naturam,
2397 5819 2626 5868 divinam
2649 5818 2841 5867 scilicet
2861 5822 2908 5866 et
2928 5819 3226 5872 humanam.
3250 5822 3310 5870 In
3326 5820 3705 5882 primapsrtepe-
