3880 6222
67 315 166 372 937

1057 312 1130 363 ΙΝ
1165 309 1486 362 PSALMOS
1519 307 1726 362 LXXV
1758 307 2338 360 COMMENTARIUS.

3234 306 3340 363 938

68 434 121 501 tit
144 432 187 476 ei
211 428 313 501 dari
336 426 610 501 judicium,
636 431 683 499 et
707 427 917 501 afﬁrmat
939 426 1072 500 quod
1093 426 1401 501 _hahebl‘t.‘1n
1424 425 1645 501 secunda
1669 428 1725 501 Α
1742 423 1844 486 jus
1869 422 1974 501 (Eae
1995 421 2249 501 August.)
2273 419 2366 474 ille
2393 425 2740 501 potestatem
2763 420 2845 474 ita
2875 422 3127 487 gerebat,
3151 427 3218 476 ut
3240 435 3340 490 per

67 495 191 555 (quas
211 491 404 550 incipit,
432 490 630 537 Orietur
653 489 708 535 in
733 490 921 555 diebus
947 490 1058 555 ejus
1084 489 1301 555 justitia)
1325 489 1547 555 loquitur
1585 488 1644 534 de

67 551 226 614 regno,
251 555 414 611 ipsum
437 565 647 610 regnum
666 553 1064 599 commendando
1081 552 1252 614 multis
1273 551 1451 598 modis.
1473 553 1528 597 In
1555 557 1646 614 ter-

67 621 126 665 tia
148 613 267 676 (quae
291 615 491 675 incipit,
510 616 774 661 Sitnomon
798 615 908 671 ejus
923 613 1256 675 benedictum)
1279 613 1644 659 commendatio

67 686 128 726 est
156 679 312 736 ipsius
349 678 498 736 regis.
541 677 758 723 lntendit
787 690 878 723 nos
910 679 1195 734 admonere,
1229 681 1282 722 ut
1315 677 1644 733 subjiciamur

67 743 155 800 ipsi
177 741 444 788 Salomoni.
477 740 581 787 Vox
607 741 864 797 Prophetas
884 740 1208 798 prmvideutis
1233 741 1484 786 Christum
1515 739 1646 784 futu-

67 817 166 851 rum
200 815 380 861 regem,
417 803 506 861 qui
544 803 733 848 orando
769 804 1047 865 prophetat,
1078 807 1134 850 ut
1161 803 1302 850 detur
1326 804 1372 849 ei
1409 813 1642 861 regnum,

68 869 226 912 licens
252 898 262 908 .
502 949 904 1015 PSALMUS
948 949 1186 1014 LXXI.

115 1058 164 1112 ε).
196 1057 348 1120 Deus,
364 1056 643 1120 judicium
663 1061 820 1103 tuum
841 1055 955 1118 regi
979 1055 1052 1104 da
1077 1073 1087 1103 :
1123 1060 1169 1103 et
1183 1053 1460 1117 justitiam
1490 1058 1644 1102 tuam

67 1130 160 1178 ilio
183 1129 338 1191 regis.
376 1128 498 1177 Hoc
529 1125 831 1177 conﬁrmat
855 1126 916 1176 in
950 1139 1012 1176 se
1037 1127 1334 1188 Dominus,
1365 1124 1460 1174 ubi
1478 1124 1559 1174 ait
1585 1124 1644 1174 in

67 1199 362 1261 Evangelio
387 1211 399 1247 :
428 1198 591 1247 Pater
622 1209 741 1246 non
762 1196 984 1259 judicat
1015 1207 1363 1258 quemquam
1386 1197 1473 1242 sed
1496 1208 1645 1242 omne

77 1270 331 1321 udicium
353 1267 510 1318 dedit
531 1266 672 1317 Filio
700 1267 878 1328 (Joan.
912 1264 1005 1330 5.).
1031 1267 1137 1327 Qui
1167 1278 1270 1316 rex
1293 1265 1467 1316 etiam
1490 1263 1643 1316 filius

68 1341 198 1404 egis
223 1345 330 1402 est,
353 1339 490 1402 quia
512 1343 571 1389 et
593 1340 753 1388 Deus
770 1342 931 1401 pater
951 1339 1151 1400 utique
1174 1349 1274 1387 rex
1297 1340 1416 1387 est:
1440 1341 1498 1386 et
1519 1336 1643 1400 ipse

68 1412 256 1462 :‘ilium
274 1423 446 1460 suum
459 1410 825 1460 incarnatum
841 1408 1145 1459 constituit
1158 1420 1352 1470 regem
1376 1420 1547 1469 super
1563 1422 1646 1468 po-

67 1484 246 1534 )ulum
265 1494 459 1542 suum,
480 1484 544 1530 ut
559 1493 692 1530 eum
709 1479 1028 1531 secundum
1039 1481 1286 1539 justitiam
1303 1485 1350 1526 et
1368 1481 1641 1539 judicium,

67 1553 368 1605 :ecundum
387 1553 568 1602 bonos
583 1564 775 1602 mores
791 1556 850 1602 et
865 1552 1112 1602 virtutes
1131 1550 1500 1614 spiritualiter
1515 1565 1648 1609 rege».

67 1631 148 1688 'et,
165 1629 346 1686 atque
359 1623 419 1673 in
436 1635 540 1673 suo
561 1621 782 1673 caelesti
795 1634 973 1685 regno
988 1621 1314 1686 perenniter
1328 1620 1644 1671 collocaret.

67 1705 123 1747 lc
148 1697 197 1746 si
221 1695 418 1746 dicat:
459 1695 503 1745 Ο
543 1695 700 1744 Deus
746 1695 930 1757 Pater,
969 1693 1043 1743 da
1066 1693 1187 1755 regi
1221 1693 1445 1743 Christo
1471 1704 1645 1754 super

67 1769 312 1819 tomines
324 1766 605 1829 judicium
628 1769 810 1827 tuum,
832 1770 895 1815 ut
919 1764 1070 1815 sicut
1085 1769 1150 1814 tu
1172 1763 1354 1814 habes
1365 1763 1640 1828 judicare,
1668 1795 1722 1868 Β

67 1846 112 1868 in
144 1839 351 1868 hahogt
383 1841 432 1868 at
460 1836 552 1868 illa
607 1835 982 1868 Ah-vnnairlnnn
1012 1835 1120 1868 Elin
1141 1837 1281 1868 νρηίο
1326 1835 1378 1868 id
1399 1840 1482 1868 nat
1537 1838 1616 1868 tni

67 1846 118 1890 ta
142 1839 359 1889 habeat
383 1841 438 1888 et
459 1836 568 1888 ille.
596 1839 788 1898 Atque
801 1835 987 1886 eidem
1005 1835 1120 1899 ﬁlio
1141 1837 1300 1898 regis,
1325 1835 1383 1884 id
1399 1840 1508 1898 est,
1537 1838 1638 1897 tui,

67 1911 138 1974 [ui
164 1909 330 1960 solus
355 1921 454 1960 rex
474 1921 558 1971 es,
590 1912 647 1958 et
676 1908 738 1957 in
768 1907 1008 1958 veritate
1034 1911 1166 1957 tuos
1192 1907 1363 1970 regis,
1389 1906 1466 1956 da
1479 1905 1642 1969 justi-

68 1984 179 2030 iam
211 1987 386 2042 tuam,
423 1979 480 2030 id
498 1983 605 2041 est,
625 1979 858 2041 justum
885 1977 1168 2041 judicium
1197 1995 1206 2025 :
1246 1977 1384 2039 quia
1420 1990 1523 2027 rex
1555 1976 1647 2031 ille

75 2065 276 2116 emper
294 2053 454 2115 justa
471 2049 986 2113 judiciajudicabit
1010 2059 1045 2099 ·.
1072 2047 1343 2098 Endiadis
1371 2053 1477 2109 est,
1513 2051 1648 2113 quia

67 2138 138 2176 »οι-
162 2124 398 2174 diversa
438 2122 591 2172 idem
615 2121 767 2171 dicit.
796 2120 955 2170 idem
993 2124 1082 2170 est
1118 2120 1274 2170 enim
1304 2119 1366 2169 in
1390 2119 1500 2170 hoc
1521 2121 1646 2174 loco

68 2195 268 2245 ustitia
297 2198 354 2244 et
371 2192 669 2256 judicium.
699 2193 814 2242 Nec
837 2189 990 2242 aliud
1011 2190 1339 2254 designant,
1365 2191 1478 2240 nisi
1493 2192 1648 2255 judi-

71 2268 191 2316 ium
211 2267 466 2330 justum.
494 2266 581 2314 Da
604 2265 654 2314 ei
676 2267 713 2313 J
718 2263 935 2311 udicare
943 2261 1212 2326 populum
1236 2267 1392 2310 tuum
1417 2263 1479 2310 in
1486 2263 1648 2327 justi-

67 2340 131 2400 ia,
151 2337 210 2388 id
223 2341 340 2395 est,
361 2337 447 2399 utj
459 2335 820 2396 ustejudicet
835 2333 1158 2385 universos:
1179 2332 1448 2385 videlicet
1462 2334 1646 2387 bonos

74 2416 96 2462 t
118 2409 331 2459 malos.
359 2410 474 2459 Nec
489 2418 726 2457 movere
750 2405 939 2466 debet,
962 2404 1119 2466 quod
1143 2405 1298 2465 dicit,
1330 2405 1519 2454 Tuum.
1548 2408 1648 2459 Sui

68 2484 187 2533 nim
218 2485 366 2532 sunt
382 2479 554 2530 etiam
574 2478 850 2541 perversi,
879 2473 1033 2542 36|
1066 2489 1173 2526 nec
1189 2475 1498 2540 quicquam
1523 2491 1648 2542 pos-

69 2559 176 2604 unt
201 2553 418 2613 facere,
441 2550 555 2600 nisi
576 2548 865 2613 permissu
882 2553 1000 2598 Dei.
1028 2547 1297 2598 Similiter
1318 2553 1364 2596 et
1383 2563 1647 2612 pauperes

67 2640 154 2674 uos
191 2625 256 2672 in
282 2623 517 2687 judicio,
561 2619 842 2671 subaudis
880 2619 955 2669 da
991 2619 1043 2670 ei
1089 2617 1364 2681 judicare.
1416 2620 1648 2673 Judicat

67 2697 309 2747 :hristus
326 2695 389 2744 in
412 2694 521 2744 hac
537 2692 656 2744 vita
672 2691 855 2742 bonos
875 2695 932 2740 et
944 2689 1147 2740 malos.
1167 2689 1458 2741 Judicabit
1473 2693 1646 2743 etiam

72 2766 438 2824 ostmodum,
456 2763 687 2826 quando
705 2761 886 2812 malos
899 2773 932 2811 a
948 2762 1115 2812 bonis
1133 2761 1421 2824 separabit
1436 2763 1644 2824 (Matth.

69 2837 162 2900 5.).
185 2841 260 2889 Et
277 2835 601 2888 notandum
625 2833 779 2897 quod
797 2845 930 2884 cum
957 2833 1165 2883 diceret
1191 2833 1509 2896 :Pauperes,
1532 2850 1649 2884 mox

69 2910 284 2970 ddidit,
317 2910 452 2957 Tuos
478 2922 489 2956 :
511 2911 572 2957 ut
595 2919 692 2970 per
706 2904 816 2955 hoc
831 2905 1160 2968 designaret
1178 2915 1459 2966 pauperes
1483 2920 1646 2959 veros.

67 2985 166 3033 Ion
191 2982 356 3033 enim
382 2991 581 3030 omnes
614 2988 897 3042 pauperes
931 2979 1070 3026 sunt
1093 2987 1374 3039 pauperes
1397 2977 1520 3038 Dei,
1546 2979 1648 3029 sed

76 3055 256 3106 ivites
275 3051 373 3103 sui
398 3067 410 3100 :
437 3052 571 3113 quia
593 3062 709 3100 non
728 3048 978 3099 humiles
1003 3051 1159 3109 sunt,
1185 3047 1288 3097 sed
1314 3049 1564 3110 superbi.
1584 3053 1653 3102 Et

68 3131 175 3178 unt
193 3124 442 3188 quidam
467 3122 676 3174 divites
703 3121 804 3184 qui
828 3120 1049 3171 facilius
1073 3119 1268 3170 omnia
1293 3131 1399 3169 sua
1412 3126 1652 3181 pauperi-

75 3212 147 3249 us
173 3197 478 3284 tribuant;
480 3207 651 3258 quam
665 3192 775 3256 ipsi
798 3203 1078 3256 pauperes
1095 3191 1322 3284 faciant.
1344 3192 1647 3271 Propterea
1672 3210 1720 3284 ρ

67 3271 103 3321 (1
144 3265 552 3330 designandos
585 3276 865 3328 pauperes
903 3275 1056 3324 suos,
1102 3261 1240 3311 dicit
1268 3262 1548 3313 Dominus
1587 3268 1646 3317 in

68 3340 368 3404 .vangelio
383 3354 395 3388 :
412 3337 571 3389 Beati
588 3348 865 3400 pauperes
883 3334 1106 3398 spiritu,
1126 3334 1398 3396 quoniam
1424 3337 1646 3394 ipsorum

67 3418 120 3464 st
143 3422 409 3475 regnum
434 3409 709 3460 caelorum
734 3407 938 3470 (Matth.
980 3404 1068 3468 5.).
1098 3407 1224 3456 Non
1256 3407 1336 3456 ait
1367 3419 1648 3472 pauperes

67 3486 232 3546 :bus,
255 3483 366 3534 sed
385 3481 587 3545 spiritu
612 3498 624 3527 :
642 3480 913 3542 quoniam
929 3479 1056 3530 hate
1075 3479 1244 3529 beata
1267 3483 1326 3530 et
1346 3480 1465 3530 Deo
1485 3496 1652 3542 accep-

67 3555 228 3605 tbilis
261 3558 579 3618 paupertas
612 3557 719 3614 est,
747 3551 844 3601 ubi
869 3550 1246 3615 praesumptio
1273 3551 1508 3614 spiritus
1531 3565 1650 3605 non

67 3641 86 3677 ς
100 3633 138 3678 t.
165 3626 353 3678 Tales
374 3638 651 3689 pauperes
667 3625 726 3674 in
741 3625 930 3674 futuro
950 3623 1478 3687 judiciojudicabit.
1496 3632 1542 3673 et
1557 3628 1651 3673 sal-

68 3700 200 3748 abit
225 3698 526 3748 Christus:
553 3696 828 3760 quoniam
846 3695 996 3746 sicut
1011 3694 1144 3746 alibi
1163 3695 1372 3745 dicitur
1396 3711 1407 3745 :
1427 3697 1652 3747 Patien-

71 3783 107 3820 a
143 3779 489 3834 pauperum
528 3781 645 3819 non
682 3766 884 3831 peribit
907 3767 967 3816 in
991 3767 1168 3816 tinem
1194 3766 1207 3830 (
1229 3767 1374 3816 Psal.
1399 3766 1450 3820 9.
1475 3766 1510 3830 ).
1537 3769 1651 3818 Νο0

68 3842 228 3892 )lum
245 3841 331 3892 da
348 3841 399 3891 ei
414 3839 712 3902 judicium,
733 3838 834 3890 sed
851 3838 938 3889 fac
953 3837 1116 3888 illum
1132 3850 1230 3901 per
1243 3837 1652 3901 praedicatores

68 3927 164 3964 lOS
191 3912 495 3976 divulgari
517 3924 618 3976 per
633 3915 820 3962 totum
839 3910 1141 3961 mundum.
1163 3911 1234 3961 Et
1255 3909 1365 3961 hoc
1385 3915 1475 3962 est
1497 3910 1651 3974 quod

67 3985 240 4036 Ibdit
269 4002 282 4033 :
687 3988 690 3991 ’

83 4056 138 4110 3.
183 4054 522 4118 Suscipiart
543 4058 746 4102 montes
766 4067 954 4116 pacem
979 4051 1198 4116 populo,
1227 4056 1274 4100 et
1303 4051 1455 4101 colles
1484 4051 1653 4116 justi-

68 4144 182 4179 ατη.
215 4126 568 4178 Eminentes
592 4123 893 4176 excellenti
919 4123 1225 4173 sanctitate
1241 4128 1469 4174 montes
1492 4126 1548 4170 in
1571 4127 1657 4172 Ec-

70 4199 211 4252 esia
228 4202 403 4261 sunt,
425 4197 525 4260 qui
545 4195 736 4246 idonei
754 4199 892 4245 sunt
908 4199 966 4245 et
979 4193 1122 4244 alios
1139 4196 1314 4242 docere
1331 4193 1401 4255 (‘2.
1421 4194 1541 4244 Cor.
1560 4193 1650 4257 3.).

67 4270 374 4334 ztscipiant
400 4269 496 4318 isti
529 4273 732 4316 montes
763 4280 948 4330 pacem
973 4264 1399 4329 praedicandam
1423 4264 1652 4329 populo,

71 4349 181 4394 cut
197 4342 332 4392 illis
349 4345 702 4403 praeceptum
718 4338 1123 4388 estaDomino.
1143 4339 1208 4387 In
1228 4348 1655 4401 quamcumque

67 4429 160 4467 )m
171 4427 286 4465 um
305 4411 682 4473 intraveritis,
699 4411 948 4473 primum
969 4409 1165 4459 dicite:
1187 4409 1303 4458 Pax
1325 4409 1460 4458 huic
1482 4412 1656 4459 domui

81 4503 172 4535 uc.
201 4485 347 4546 10.).
372 4481 555 4533 Colles
573 4485 711 4532 sunt
736 4480 1000 4532 minores.
1027 4482 1143 4544 Ipsi
1165 4480 1486 4543 suscipiant
1509 4484 1657 4540 justl-

68 4572 160 4608 ,tm
176 4593 193 4618 ,
213 4555 410 4615 idest,
428 4553 833 4614 obedientiam,
853 4563 984 4614 quae
1000 4552 1157 4602 estin
1168 4550 1521 4614 hominibus,
1541 4556 1653 4600 etin

68 4632 185 4680 nui
217 4624 505 4678 rationali
527 4629 787 4675 creatura
817 4623 1005 4674 omnis
1031 4623 1275 4685 justitiaa
1299 4623 1456 4686 origo
1480 4628 1655 4686 atque

67 4700 351 4751 :rfectio.
378 4696 479 4746 Vel
504 4708 603 4758 per
626 4698 855 4746 montes
881 4699 939 4744 et
962 4695 1137 4744 colles
1163 4700 1411 4758 possunt
1437 4696 1654 4756 intelligi

67 4770 426 4837 vangelicze
443 4769 599 4832 pacis
624 4767 850 4829 utrique
867 4767 1286 4830 praedicatores,
1307 4768 1429 4819 sive
1446 4780 1660 4831 praece-

67 4852 264 4906 zntes,
291 4843 426 4892 sive
451 4840 894 4902 subsequentes.
916 4839 1030 4902 lpsi
1053 4838 1374 4901 suscipiant
1389 4852 1587 4902 pacem
1603 4845 1660 4892 et

72 4918 362 4974 stitiam,
389 4911 448 4962 id
465 4915 573 4973 est,
595 4911 905 4969 Christum,
921 4909 1019 4971 qui
1038 4923 1147 4960 nos
1171 4911 1436 4973 pacificat
1459 4913 1595 4973 Deo,
1614 4919 1660 4959 et

69 4990 329 5040 stiticat
359 4996 460 5046 per
483 4982 658 5032 ﬁdem
689 4981 904 5044 (Cotoss.
938 4979 1012 5044 1.)
1045 4996 1057 5030 :
1083 4993 1334 5044 eumque
1361 4982 1661 5033 notiﬂcent

68 5083 77 5109 ι
87 5059 268 5124 pulo.
314 5056 578 5105 Primum
617 5051 1122 5124 postulat,deinde
1146 5053 1396 5103 afﬁrmat
1421 5054 1576 5116 quod
1599 5066 1661 5106 re

68 5123 151 5184 Qa
171 5127 500 5195 judicium
524 5125 759 5175 habebit
783 5123 1072 5195 Christus.
1092 5125 1252 5174 Unde
1277 5129 1334 5176 et
1363 5125 1500 5175 dicit
1523 5139 1537 5188 ;

67 5207 125 5259 4,
162 5194 482 5252 Judicabit
501 5210 767 5259 pauperes
789 5195 997 5259 populi,
1023 5194 1081 5244 id
1097 5199 1206 5258 est,
1221 5208 1388 5246 veros
1414 5200 1471 5247 et
1500 5195 1664 5257 spiri-

68 5277 215 5328 ales
247 5280 576 5336 pauperes,
601 5267 959 5331 segregando
983 5279 1082 5317 eos
1099 5279 1134 5317 a
1155 5266 1382 5331 populo,
1409 5268 1559 5317 sicut
1577 5271 1666 5315 Do-

67 5351 221 5401 inus
270 5338 605 5403 Discipulis
644 5339 766 5388 suis
806 5338 919 5390 ait:
955 5340 1074 5401 Ego
1115 5352 1221 5390 vos
1264 5339 1411 5400 elegi
1448 5339 1518 5390 de
1553 5337 1664 5390 hoc

67 5419 278 5473 undo.
299 5413 384 5463 Et
407 5411 576 5459 salvos
591 5411 752 5474 faciet
776 5410 917 5473 ﬁlios
935 5424 1267 5474 pauperum,
1285 5409 1459 5469 idest,
1485 5410 1666 5461 imita-

67 5505 174 5543 res
211 5482 656 5549 Apostolorum
685 5499 694 5529 :
743 5481 811 5530 Et
846 5481 1160 5530 hum-iliabit
1193 5481 1664 5543 calumniatorem,

68 5569 189 5624 est,
214 5555 537 5624 Opprima
553 5552 867 5616 diabolum,
894 5554 994 5617 qui
1019 5557 1108 5604 est
1132 5554 1386 5615 injustus
1412 5561 1668 5603 accusator

67 5646 275 5688 ttrum
297 5630 669 5679 nostrorum.
688 5624 1038 5676 Humiliatus
1055 5629 1145 5675 est
1161 5625 1336 5685 enim,
1357 5625 1493 5686 quia
1517 5640 1666 5685 quem

67 5705 346 5764 uiderat
364 5699 697 5760 resurrexit,
714 5709 1071 5761 regnumque
1085 5696 1287 5748 mortis
1303 5695 1560 5747 abstulit.
1578 5698 1669 5745 Cu-

67 5863 79 5883 '
121 5852 232 5903 EX
263 5846 509 5900 Greece,
534 5837 624 5890 1Ἑν
655 5841 733 5889 διὰ
755 5839 840 5894 δίς.

349 5934 651 5991 ΡΑΤιιοι..
689 5930 862 5989 XXI.

1682 4577 1738 4650 D

1750 507 1933 546 unum
1950 493 2242 544 hominem
2260 506 2433 555 quem
2450 495 2767 559 deceperat.
2785 507 2986 546 omnes
3010 507 3108 557 per
3133 503 3338 545 mortem

1743 567 1991 616 traheret
2013 565 2086 616 ad
2110 565 2556 616 damnationem.
2581 566 2691 616 Sed
2706 566 3044 618 humiliatus
3063 572 3177 618 est:
3206 580 3344 630 quo-

1743 637 1897 687 niam
1923 637 1971 686 si
1993 649 2093 700 per
2122 635 2296 686 unius
2322 635 2596 686 delictum
2637 649 2791 687 mors
2816 637 3050 688 intravit
3081 638 3138 688 in
3169 651 3341 689 mun-

1746 707 1886 759 dum
1903 709 2073 770 (Rom.
2091 705 2180 769 5.).
2200 706 2382 758 multo
2394 708 2583 770 magis
2597 708 2696 769 qui
2711 709 3124 759 abundantiam
3138 710 3341 772 gratiae

1745 779 2033 842 accipiunt
2057 779 2116 828 in
2140 777 2279 839 vita,
2304 779 2634 841 regnabunt
2655 791 2754 842 per
2780 779 3090 841 Christum,
3117 781 3215 843 qui
3240 781 3343 832 hu-

1745 849 1986 900 miliavit
2009 849 2503 900 calumniatorem.

1808 919 1859 974 5.
1899 921 1964 968 Et
1995 919 2329 984 per-manebit
2376 935 2498 968 cum
2533 918 2653 982 sole,
2697 918 2754 969 id
2783 923 2891 981 est,
2914 932 3047 971 cum
3088 921 3298 974 deitate
3327 937 3339 972 :

1747 1005 1878 1055 quas
1898 992 2027 1042 ideo
2053 991 2262 1042 dicitur
2285 990 2388 1054 sol,
2424 992 2560 1054 quia
2591 1003 2730 1041 vera
2754 993 3080 1053 cognitione
3099 995 3341 1056 justitiae

1747 1063 2032 1114 illuminat
2047 1063 2317 1125 animam,
2333 1062 2632 1113 humiliato
2649 1061 3086 1113 calumniatore:
3109 1080 3220 1112 cum
3239 1070 3343 1115 sole

1745 1138 2057 1200 permanet,
2083 1134 2218 1196 quia
2241 1134 2388 1185 victo
2407 1134 2631 1185 diabolo
2648 1146 2747 1197 per
2769 1134 3248 1186 resurrectionem
3271 1139 3344 1187 ad

1744 1207 2039 1258 dexteram
2060 1205 2240 1255 Patris
2257 1205 2437 1268 sedet,
2462 1205 2563 1254 ubi
2581 1204 2702 1267 jam
2717 1216 2834 1255 non
2854 1208 3112 1270 moritur,
3131 1209 3188 1258 et
3209 1222 3344 1257 mors

1745 1278 1798 1329 ei
1823 1276 1974 1329 ultra
2009 1288 2124 1327 non
2149 1275 2536 1326 dominabitur
2562 1276 2729 1338 (Rom.
2755 1273 2846 1338 6.).
2881 1276 2950 1324 Et
2980 1276 3090 1327 hoc
3112 1284 3237 1326 ante
3257 1278 3344 1327 tu-

1745 1365 1896 1398 nam.
1923 1350 2237 1410 Tamquam
2255 1346 2674 1410 primogenitus
2694 1358 2729 1397 a
2744 1347 2988 1397 mortuis
3007 1351 3344 1411 praecedens

1748 1419 2078 1482 Ecclesiam,
2101 1431 2233 1481 quas
2250 1417 2526 1470 variando
2554 1417 2747 1468 deficit
2769 1421 2827 1468 et
2849 1420 3072 1481 crescit,
3098 1419 3161 1468 In
3185 1436 3344 1484 gene-

1745 1492 2013 1540 rationem
2041 1494 2086 1538 et
2115 1489 2514 1552 generationem
2540 1525 2552 1537 .
2590 1491 2708 1538 Aut
2729 1493 3162 1551 generationem
3187 1492 3341 1557 dicit,

1747 1575 1862 1625 qua
1893 1572 2237 1626 generamur
2271 1559 2602 1610 mortaliter.
2640 1559 2860 1610 Deinde
2891 1560 3342 1616 incarnationem

1743 1633 2059 1685 divinitatis
2079 1631 2403 1691 annuntiat,
2428 1642 2558 1679 cum
2581 1629 2708 1692 subj
2720 1630 2883 1693 ungit
2909 1646 2921 1680 :

1807 1705 1856 1759 6.
1877 1703 2152 1753 Descendet
2170 1703 2306 1750 sicut
2319 1700 2508 1764 pluvia
2531 1701 2592 1748 in
2615 1700 2792 1749 vellus.
2814 1701 2961 1762 Quid
3191 1705 3341 1756 enim

1749 1782 1865 1828 tam
1890 1776 2120 1826 silenter
2142 1777 2197 1824 et
2214 1774 2339 1823 sine
2357 1771 2599 1835 strepitu
2613 1772 2694 1832 iit,
2723 1785 2898 1834 quam
2918 1786 3050 1824 cum
3075 1776 3260 1827 imber
3281 1778 3342 1828 in

1748 1847 1956 1901 vellere
1997 1844 2294 1896 descendit
2330 1843 2525 1906 (Judic.
2563 1842 2684 1905 6.)?
2722 1843 2944 1894 Nullius
2977 1857 3148 1898 aures
3196 1861 3340 1901 sono

1745 1920 2020 1971 verberat.
2056 1915 2281 1967 Nullius
2317 1927 2523 1977 corpus
2557 1913 2800 1964 humore
2832 1919 3152 1978 repercussi
3194 1922 3340 1972 roris

1746 1989 2024 2054 aspergit:
2054 1988 2153 2038 sed
2179 1987 2304 2036 sine
2327 1985 2725 2048 inquietudine
2743 1987 3002 2038 omnium
3025 1993 3210 2042 totum
3233 1993 3342 2044 im-

1747 2063 1908 2112 brem
1933 2073 2031 2124 per
2055 2057 2396 2128 multiplices
2425 2055 2674 2106 effusum
2707 2059 2898 2119 partes
2923 2073 2934 2102 :
2962 2063 3080 2112 toto
3105 2074 3342 2128 corpore

1748 2133 1923 2184 unius
1946 2134 2193 2190 meatus,
2229 2127 2545 2177 scissuram
2577 2128 2862 2189 nesciens,
2889 2129 3072 2182 solida
3094 2127 3340 2192 mollicie

1745 2207 1976 2255 meatus
1992 2201 2184 2265 plures
2206 2199 2451 2270 praebet:
2475 2201 2532 2248 et
2547 2197 2702 2260 quod
2725 2197 2988 2270 clausum
3012 2203 3241 2258 videtur
3253 2226 3340 2270 per

1747 2274 2114 2345 densitatem,
2131 2275 2222 2345 est
2237 2269 2497 2332 patulum
2509 2281 2609 2332 per
2635 2269 2995 2345 tenuitatem.
3012 2275 3186 2328 Recte
3204 2269 3340 2345 ergo

1747 2347 1986 2398 Mariam
1995 2343 2189 2394 velleri
2209 2352 2637 2403 comparamus:
2655 2352 2786 2402 quae
2802 2341 2882 2391 ita
2897 2346 3160 2409 concepit
3172 2341 3342 2400 Donii-

1746 2430 1910 2479 num,
1953 2419 2017 2466 ut
2051 2417 2171 2464 toto
2195 2425 2329 2463 eum
2365 2412 2619 2461 hauriret
2653 2423 2907 2475 corpore,
2940 2427 3048 2466 nec
3078 2420 3341 2480 ejusdem

1747 2487 2001 2551 corporis
2039 2485 2355 2536 scissuram
2387 2485 2715 2545 pateretur:
2740 2482 2840 2532 sed
2874 2490 3030 2536 esset
3051 2489 3239 2542 mollis
3268 2493 3341 2544 ad

1746 2553 2335 2628 obsequium,isolida
2376 2553 2448 2602 ad
2489 2553 2950 2628 sanctimoniam.
2989 2559 3164 2612 Recte
3205 2576 3341 2628 ergo

1748 2631 1925 2682 Maria
1948 2627 2141 2681 velleri
2161 2629 2548 2689 comparatur:
2576 2624 2646 2674 de
2669 2625 2839 2687 cujus
2855 2626 3046 2680 fructu
3067 2624 3344 2689 salutaria

1745 2701 1972 2766 populis
1990 2698 2338 2750 vestimenta
2359 2698 2652 2745 texuntur.
2680 2695 2876 2746 Velius
2899 2699 3068 2760 plane
3083 2705 3235 2753 Maria
3247 2716 3339 2761 est.

1749 2772 2040 2836 Siquidem
2057 2770 2126 2819 de
2144 2766 2300 2840 molli
2321 2766 2452 2840 sinu
2470 2766 2517 2840 ej
2521 2778 2596 2840 _us
2615 2769 2816 2830 Agnus
2831 2780 3102 2831 egressus
3117 2779 3222 2836 est,
3241 2778 3341 2840 qui

1748 2851 1806 2899 et
1822 2846 1943 2908 ipse
1963 2841 2162 2892 matris
2178 2837 2460 2899 laniciem,
2473 2836 2539 2910 id
2551 2841 2658 2910 est,
2676 2849 2904 2888 carnem
2921 2846 3180 2910 gestans,
3199 2836 3341 2900 molli

1748 2916 1952 2972 vellere
1967 2918 2310 2964 cunctorum
2330 2908 2511 2973 operit
2526 2908 2764 2959 vulnera
2779 2909 3139 2972 populorum.
3157 2908 3340 2975 Omne

1749 2989 1901 3042 enim
1919 2983 2137 3049 peccati
2159 2980 2376 3032 vulnus
2395 2979 2602 3029 Christi
2615 2979 2746 3029 lana
2761 2980 3129 3036 suffunditur.
3152 2991 3339 3042 Christi

1752 3058 2032 3122 sanguine
2057 3055 2280 3106 fovetur
2305 3069 2315 3100 :
2350 3055 2408 3102 et
2431 3055 2496 3100 ut
2519 3051 2826 3122 sanitatem
2850 3053 3099 3119 recipiat,
3129 3060 3342 3116 Christi

1751 3121 2087 3184 indumento
2105 3125 2367 3176 vestitur.
2385 3123 2454 3172 Et
2469 3121 2604 3185 quia
2620 3121 2690 3172 de
2709 3121 3061 3186 plenitudine
3079 3131 3207 3193 ejus
3228 3146 3341 3188 nos

1747 3215 1948 3255 omnes
1979 3197 2305 3273 accepimus
2333 3195 2518 3273 (do-an.
2531 3193 2566 3273 .1
2580 3195 2633 3258 .),
2666 3197 3205 3273 aptesubjunctum
3229 3211 3336 3273 est,

1748 3276 1816 3324 Et
1838 3274 1972 3322 sicut
2003 3267 2280 3318 stillicidia
2311 3265 2580 3315 stillantia
2607 3281 2770 3330 super
2803 3271 3021 3320 terram.
3053 3265 3338 3334 Quoniam

1749 3351 1871 3398 tota
1891 3357 1953 3395 se
1976 3340 2245 3392 divinitas
2274 3336 2486 3388 infudit
2509 3337 2570 3388 in
2594 3339 2846 3402 Mariam,
2872 3339 3166 3396 descendit
3189 3349 3344 3404 sicut

1748 3416 1947 3483 pluvia
1965 3415 2022 3464 in
2038 3411 2224 3464 vellus
2250 3426 2262 3460 :
2282 3409 2556 3483 quoniam
2582 3420 2681 3483 per
2696 3407 3011 3483 divisiones
3027 3418 3340 3478 gratiarum

1749 3480 1999 3554 perfudit
2013 3483 2342 3544 Ecclesium,
2360 3480 2662 3554 descendit
2681 3481 2833 3532 sicut
2845 3483 3125 3536 stillicidia
3137 3492 3343 3544 stillan-

1753 3552 1830 3609 tia
1866 3572 2029 3623 super
2061 3561 2281 3604 terram.
2322 3553 2552 3604 Cedeon
2588 3552 2646 3602 in
2680 3553 2943 3616 praelium
2973 3556 3182 3623 iturus,
3208 3565 3343 3618 belli

1751 3631 1947 3683 exitus
1979 3628 2209 3691 signum
2246 3637 2280 3675 a
2313 3623 2556 3674 Domino
2589 3625 2749 3687 petiit
2785 3625 2980 3685 (Judic.
3014 3629 3107 3693 6.).
3146 3635 3346 3690 Posuit

1751 3702 1927 3766 igitur
1943 3711 2114 3762 super
2127 3702 2338 3748 terram
2354 3693 2560 3768 vellus,
2578 3695 2730 3758 quod
2746 3697 2907 3759 prius
2919 3703 3198 3766 madidum,
3217 3715 3348 3768 post-

1752 3786 1820 3825 ea
1840 3784 1977 3824 vero
2015 3770 2235 3820 siccum
2259 3766 2540 3841 apparuit.
2567 3768 2738 3841 Terra
2761 3771 2957 3841 autem
2991 3773 3150 3835 prius
3177 3766 3346 3841 sicca,

1751 3848 1955 3909 postea
1993 3855 2127 3894 vero
2164 3839 2397 3890 madida
2439 3837 2566 3889 fuit.
2610 3838 2812 3890 Pluvia
2846 3840 3126 3909 Christus,
3167 3837 3352 3901 vellus

1751 3915 1974 3977 Judeea,
2004 3917 2158 3963 terra
2179 3910 2612 3983 vero_Gentium
2647 3911 2958 3983 multitudo
2989 3915 3350 3983 intelligitur.

1755 3987 1919 4036 Prius
1939 3983 2129 4047 pluvia
2147 3983 2208 4032 in
2225 3980 2433 4042 vellus,
2449 3981 2717 4043 primitus
2733 3981 2994 4034 Christus
3009 3987 3069 4036 in
3085 3989 3116 4037 J
3125 3980 3352 4042 udaeam

1754 4054 2067 4107 descendit.
2083 4055 2217 4102 Erat
2240 4055 2432 4101 autem
2453 4056 2602 4102 terra
2613 4051 3068 4114 sicca,quoniam
3083 4060 3352 4114 Gentium

1755 4125 2003 4192 populus
2039 4123 2304 4174 indoctus
2336 4119 2530 4171 adhuc
2561 4126 2620 4172 et
2650 4122 3055 4186 imbaptizatus
3079 4137 3216 4182 erat.
3243 4133 3354 4184 Sed

1755 4194 2041 4258 numquid
2068 4204 2293 4255 semper
2327 4193 2479 4242 sicca
2511 4193 2657 4242 erit?
2691 4194 2817 4243 Non
2850 4195 3049 4256 utique
3088 4211 3354 4263 semper:

1755 4269 1960 4319 vellere
1983 4276 2252 4324 excusso,
2268 4263 2328 4312 in
2351 4274 2554 4313 omnes
2578 4267 2759 4314 terras
2786 4264 2994 4315 Christi
3018 4280 3231 4320 nomen
3255 4272 3357 4322 dif-

1756 4339 2028 4390 funditur.
2073 4338 2155 4387 De
2188 4333 2391 4385 vellere
2423 4346 2559 4397 ergo
2602 4335 2660 4384 in
2695 4338 2920 4394 terram,
2958 4337 3028 4389 de
3065 4341 3272 4393 Judeea
3293 4343 3356 4394 in

1757 4414 1967 4461 Gentes
2000 4406 2205 4457 Christi
2238 4417 2454 4455 nomen
2486 4407 2746 4468 rorisque
2782 4409 3017 4469 superni
3053 4411 3222 4463 ﬂuxit
3253 4413 3355 4464 do-

1755 4481 1956 4533 ctrina.
1984 4481 2054 4530 Et
2076 4489 2208 4541 quae
2232 4476 2452 4526 utilitas
2479 4476 2586 4526 erit
2607 4476 2667 4525 in
2693 4477 2947 4527 adventu
2971 4479 3228 4533 Christi?

1823 4552 1872 4605 7.
1895 4551 2107 4600 Orietur
2130 4548 2189 4595 in
2205 4545 2387 4594 diebus
2401 4545 2742 4618 ejusjustitia
2758 4552 2802 4618 et
2819 4546 3165 4601 abundantia
3185 4554 3353 4618 pacis.

1761 4627 1879 4675 lIoc
1904 4623 2075 4673 etiam
2094 4618 2414 4670 secundum
2431 4616 2653 4668 literam
2668 4617 2970 4681 impletum
2995 4627 3104 4673 est.
3122 4616 3195 4674 In
3213 4630 3357 4676 tem-

1758 4708 1893 4760 pore
1917 4694 2071 4744 enim
2089 4702 2204 4754 quo
2223 4692 2396 4739 natus
2417 4693 2505 4760 est
2520 4689 2825 4748 Dominus,
2848 4692 2958 4742 sub
2983 4693 3155 4745 unius
3171 4697 3357 4760 regio-

1758 4759 1849 4818 nis
1870 4763 2108 4828 imperio
2132 4766 2289 4812 totus
2313 4759 2567 4810 mundus
2605 4760 2950 4823 quiescebat.
2979 4759 3356 4828 Spirituaiiter

1756 4844 1955 4890 autem
1976 4840 2032 4886 et
2047 4847 2159 4898 pax
2177 4836 2233 4882 et
2253 4831 2480 4894 justitia
2495 4831 2554 4881 in
2574 4831 2780 4883 diebus
2801 4834 2926 4897 ejus
2949 4842 3168 4890 exortae
3193 4843 3350 4890 sunt.

1758 4912 2088 4961 Peccatores
2113 4904 2244 4954 facti
2263 4903 2426 4966 justi,
2449 4907 2505 4953 et
2533 4902 2829 4955 discordes
2854 4907 3038 4968 pacifi.
3063 4910 3128 4959 In
3145 4909 3352 4962 diebus

1761 4983 1883 5045 ejus
1902 4975 2130 5041 justitia
2149 4979 2347 5026 exorta
2371 4977 2479 5032 est,
2502 4973 2561 5024 id
2577 4976 2682 5034 est,
2701 4975 2886 5038 gratia
2901 4977 3034 5029 fidei
3059 4991 3174 5043 qua
3189 4981 3354 5044 justi-

1759 5053 2006 5102 ﬂcantur
2030 5047 2210 5098 electi.
2247 5047 2399 5096 Bene
2432 5049 2627 5096 autem
2651 5045 2878 5110 dicitur,
2902 5048 2970 5096 Et
3005 5049 3355 5101 abundantia

1757 5123 1910 5188 pacis
1937 5139 1946 5168 :
1976 5119 2243 5183 quoniam
2265 5131 2366 5182 per
2389 5121 2577 5168 totum
2611 5118 2895 5170 mundum
2919 5121 3022 5172 erit
3048 5123 3354 5175 abundans

1761 5191 2165 5254 reconciliatio,
2199 5194 2257 5240 et
2295 5190 2366 5240 de
2392 5189 2547 5239 omni
2570 5193 2729 5252 parte
2762 5196 2931 5242 erunt
2965 5191 3230 5253 homines
3260 5207 3353 5245 re-

1763 5264 2049 5321 conciliati
2067 5264 2204 5313 Deo.
2229 5263 2366 5312 Haec
2389 5265 2582 5311 autem
2604 5273 2717 5324 pax
2733 5264 3121 5325 perseverabit
3144 5265 3202 5314 in
3229 5277 3356 5316 san-

1765 5339 1890 5400 ctis,
1911 5337 2090 5385 Donec
2114 5334 2400 5395 auferatur
2423 5331 2576 5395 luna,
2595 5332 2652 5383 id
2670 5337 2777 5396 est,
2803 5334 2986 5385 donec
3004 5334 3104 5385 ﬁat
3126 5335 3356 5387 immor-

1767 5410 1897 5462 talis
1915 5405 2355 5469 etimpassibilis
2369 5416 2624 5466 praesens
2642 5405 2912 5454 Ecclesia.
2931 5405 3076 5464 Quid
3093 5410 3183 5456 est
3203 5405 3355 5458 enim

1767 5483 1929 5531 donec
1951 5478 2239 5539 auferatur
2269 5476 2423 5536 luna,
2454 5475 2566 5524 nisi
2599 5477 2780 5525 donec
2809 5474 3107 5538 efﬁciatur,
3131 5480 3199 5527 ut
3239 5489 3358 5528 non

1769 5554 1880 5603 sit?
1896 5549 2170 5600 Videlicet
2191 5551 2255 5597 ut
2278 5547 2435 5609 pacis
2453 5545 2806 5597 abundantia
2830 5558 3014 5608 usque
3036 5547 3106 5596 ad
3131 5542 3240 5597 hoc
3251 5563 3362 5608 per-

1767 5624 2028 5682 ducatur,
2065 5624 2129 5670 ut
2154 5617 2529 5669 contradictio
2559 5629 2626 5668 ac
2662 5616 2956 5668 rebellatio
2992 5617 3225 5682 penitus
3257 5618 3363 5672 de-

1774 5698 2046 5756 struatur,
2071 5696 2129 5744 et
2141 5690 2242 5742 fiat
2260 5702 2372 5753 pax
2383 5689 2542 5740 intan
2551 5693 2672 5740 tum
2683 5702 2965 5754 crescens,
2982 5693 3050 5742 ut
3063 5693 3248 5743 morte
3259 5706 3368 5741 om-

2939 5917 3009 5978 30
