3880 6222
103 332 221 390 941

1138 348 1213 399 ΙΝ
1247 348 1565 400 PSALMOS
1598 349 1806 402 LXXV
1827 352 2405 413 COMMENTARIUS.

3314 370 3421 428 942

112 451 251 531 bus,
277 453 576 546 spernitur
598 454 841 546 felicitas
872 459 1219 546 temporalis,
1232 463 1298 513 ut
1309 464 1579 546 impleatur
1588 467 1727 546 quod
1749 469 1806 542 Α
1826 470 2110 546 conﬁtentis
2130 478 2202 520 est
2223 476 2527 546 praedicatio,
2552 479 2606 525 in
2627 481 2817 546 cantico
2841 485 3049 532 aﬂectio.
3078 488 3244 546 Asaph
3266 488 3420 537 intor-

113 523 408 598 scriptum
445 528 539 598 est
579 539 590 572 :
632 526 834 577 Omnis
868 541 1000 580 caro
1052 523 1274 583 faenum
1313 523 1458 592 (leui.
1495 523 1626 598 40.),
1669 541 1727 588 et

1827 538 2049 591 pretatur
2076 548 2350 610 synagoga,
2378 539 2483 610 sive
2495 545 3055 610 .cong.regatio.Yoxrest
3082 548 3135 593 in
3165 538 3256 596 hoc
3278 552 3413 610 psal-

110 594 313 645 omnis
335 593 519 658 gloria
542 597 672 660 ejus
698 602 759 649 ut
784 600 889 649 ﬂos
909 600 1067 652 foeni.
1094 605 1341 655 Faenum
1362 605 1530 667 aruit,
1548 593 1725 659 etilos
1824 607 1907 676 ’32
1936 593 2227 676 $329,518,099;
2240 593 2835 676 ,(ἷθίῖθίθΡέῘῙΡΗεξΡΧῆῖιίθ
2861 593 3412 676 Davtdanonﬁl'ii'ﬁéi.

108 665 362 717 decidit:
390 668 634 718 verbum
648 674 843 721 autem
867 673 1099 724 Domini
1124 677 1393 728 manetin
1417 665 1724 731 aeternum.

114 738 188 787 Et
215 742 452 800 propter
472 739 602 791 haec
625 742 818 792 omnia
834 743 1112 795 beneﬁcia

185 808 275 861 17.
314 808 397 859 Sit
417 825 629 883 _no_men
661 810 775 874 ejus
806 812 1139 865 benedictum
1181 816 1245 866 in
1288 818 1499 881 saecula,
1549 820 1716 883 idest,

104 878 271 953 fama
288 884 351 953 et
374 880 557 953 gloria
588 883 841 933 nominis
883 885 1012 948 ejus
1033 892 1311 949 quantum
1337 889 1409 940 ad
1432 878 1715 953 homines,

107 949 366 1013 accipiat
396 951 840 1027 incrementum,
867 959 924 1005 et
950 970 1177 1021 semper
1207 960 1396 1023 magis
1432 974 1501 1011 ac
1532 949 1719 1027 magis

106 1020 446 1085 divulgetur
470 1027 528 1074 et
538 1036 667 1087 mag
676 1026 1047 1079 niticeturhic
1061 1020 1194 1081 etin
1206 1020 1506 1084 aeternum.
1521 1020 1719 1087 Merito

104 1096 311 1166 autem
324 1093 782 1146 benedicendum
794 1103 901 1161 est,
915 1101 1187 1161 quoniam
1200 1103 1374 1153 etiam
1388 1104 1526 1152 Ante
1536 1106 1716 1166 solem,

102 1161 168 1239 id
190 1167 440 1226 est,ante
463 1166 657 1239 omnia
670 1172 927 1231 tempora
938 1180 1217 1233 permanet
1241 1189 1435 1223 nomen
1446 1176 1576 1239 ejus.
1592 1161 1716 1229 Non

106 1231 256 1283 dicit
266 1248 484 1294 nomen,
498 1235 655 1287 illam
667 1251 868 1290 vocem
882 1231 1013 1303 quae
1031 1245 1253 1294 transit:
1270 1245 1373 1296 sed
1388 1231 1715 1300 substantia

100 1304 310 1379 divina
332 1304 425 1356 hic
448 1306 803 1371 intelligitur:
824 1323 956 1373 quas
972 1326 1069 1375 per
1090 1327 1305 1366 nomen
1319 1316 1675 1379 signiﬁcatur
1697 1336 1710 1372 :

99 1378 162 1426 et
187 1379 279 1427 est
295 1389 679 1443 consequens,
694 1383 759 1431 ut
770 1385 867 1443 qui
884 1384 1071 1434 Deum
1084 1378 1395 1448 benedicit,
1407 1390 1713 1442 benedica-

99 1450 250 1521 tura
268 1448 404 1521 Deo.
430 1450 593 1521 Quod
625 1456 863 1503 sanctus
901 1455 1063 1505 Isaac
1086 1458 1359 1521 ostendit,
1388 1460 1623 1521 quando
1646 1462 1707 1514 in

94 1516 296 1592 Iigura
312 1519 521 1592 Christi
546 1521 686 1573 Filio
708 1535 813 1575 suo
841 1525 1195 1578 benedicens
1212 1516 1385 1580 dixit:
1405 1516 1517 1592 Qui
1536 1534 1709 1585 bene-

95 1588 318 1664 dixerit
354 1589 475 1664 tibi,
510 1592 617 1643 erit
637 1596 695 1644 et
716 1592 808 1645 ille
832 1595 1175 1648 benedictus
1195 1600 1391 1661 (Genes.
1419 1588 1707 1664 ‘27.).Hinc

94 1660 356 1712 Abrahae
369 1660 597 1725 dicitur,
614 1666 680 1714 In
691 1666 909 1718 semine
933 1672 1036 1719 tuo
1060 1660 1473 1723 benedicentur
1501 1660 1704 1726 omnes

90 1737 309 1795 gentes
349 1733 547 1797 (Genes.
596 1733 723 1799 22.).
762 1738 923 1789 Unde
965 1752 1123 1791 nunc
1156 1746 1310 1793 recte
1346 1743 1591 1795 dicitur:
1632 1746 1703 1795 Et

91 1803 476 1852 benedicentur
498 1806 559 1854 in
572 1806 687 1870 ipso
699 1822 881 1858 omnes
904 1810 1073 1861 tribus
1090 1818 1257 1862 terras.
1281 1815 1487 1865 Tribus
1502 1815 1702 1867 dicun-

98 1878 199 1925 tur
209 1875 376 1938 quasi
386 1876 578 1941 curiae,
593 1877 896 1943 improprie
923 1886 1126 1933 tamen.
1159 1886 1228 1936 Et
1247 1885 1528 1938 Dominus
1544 1889 1700 1940 Deus

93 1945 379 2024 pupulum
414 1960 586 2024 suum
600 1962 701 2024 per
734 1950 992 2024 diversas
1013 1955 1199 2006 tribus
1222 1956 1403 2009 dividi
1430 1961 1702 2024 praecepit

92 2017 292 2079 (Nam.
317 2016 388 2072 34
412 2033 426 2081 ;
449 2019 610 2069 Josue
635 2020 722 2075 13.
758 2027 805 2071 et
833 2022 980 2087 '14.):
1022 2030 1079 2076 et
1116 2032 1354 2078 sanctus
1393 2016 1574 2081 Jacob
1612 2016 1697 2082 se-

96 2088 358 2165 cundum
383 2089 639 2165 diversas
665 2093 850 2145 tribus
882 2095 1015 2146 ﬁliis
1048 2100 1171 2148 suis
1196 2099 1697 2165 benedixitme’nes.

95 2158 226 2223 50.).
262 2161 521 2214 Diversa
538 2163 722 2214 tribus
745 2165 805 2215 in
829 2166 1083 2219 Ecclesia
1114 2170 1219 2221 Dei
1241 2169 1451 2223 electas
1473 2158 1698 2225 animas

91 2230 420 2307 secundum
433 2233 664 2286 diversa
674 2238 882 2288 merita
896 2237 1458 2306 designant,propter
1471 2245 1627 2307 quod
1640 2249 1698 2297 et

86 2303 151 2380 in
172 2302 347 2380 domo
370 2306 553 2380 Patris
577 2310 908 2360 mansiones
938 2302 1143 2364 multa;
1188 2302 1533 2376 sunt—(Joau.
1566 2315 1692 2380 14.).

88 2376 172 2426 Ac
197 2376 247 2426 si
263 2375 447 2451 dicat:
479 2379 602 2429 Non
636 2381 827 2431 solum
866 2381 991 2445 ipse
1039 2385 1381 2438 benedictus
1421 2388 1543 2451 erit,
1593 2375 1693 2442 sed

85 2459 312 2521 omnes
329 2447 421 2498 sui
442 2460 545 2512 per
567 2461 721 2501 eum.
748 2452 911 2503 Unde
940 2454 1145 2506 merito
1174 2456 1366 2507 Omnes
1381 2447 1558 2521 gentes
1584 2474 1694 2512 ma-

85 2517 427 2597 gniﬁcabunt
450 2533 574 2568 eum
600 2536 610 2566 :
641 2522 767 2572 Non
799 2523 918 2597 ipsi
934 2523 1195 2597 iaciendo
1220 2532 1285 2579 ut
1320 2517 1571 2593 magnus
1597 2532 1689 2597 sit,

89 2588 193 2663 qui
204 2601 310 2663 per
334 2601 397 2663 se
417 2602 667 2663 magnus
692 2596 804 2644 est:
823 2594 924 2644 sed
936 2594 1228 2648 laudando
1243 2588 1592 2663 etmagnum
1607 2588 1692 2654 fa;

87 2661 315 2712 ciendo.
335 2661 497 2713 Unde
522 2674 596 2713 ex
632 2668 794 2728 parte
814 2678 922 2718 sua
941 2668 1125 2719 Deum
1147 2661 1443 2724 benedixit
1458 2674 1687 2726 dicens:

150 2731 241 2787 18.
277 2734 587 2806 Benedictus
607 2735 877 2786 Dominus
897 2739 1037 2788 Deus
1059 2740 1224 2790 Israel
1252 2745 1350 2806 qui
1364 2744 1497 2804 facit
1520 2747 1692 2796 mira-

82 2805 223 2855 bilia
244 2805 406 2882 solus.
435 2807 715 2882 Quoniam
750 2809 1098 2882 quicumque
1118 2805 1270 2877 facit,
1295 2827 1413 2866 non
1447 2817 1570 2881 ipse
1588 2831 1691 2882 per

85 2889 172 2936 se,
200 2876 302 2928 sed
319 2877 601 2929 Dominus
625 2891 725 2941 per
744 2881 937 2943 ipsum
970 2882 1124 2934 facit.

148 2948 235 3003 19.
262 2948 330 3021 Et
354 2947 685 3021 benedictum
721 2966 915 3001 nomen
948 2954 1244 3018 majestatis
1276 2956 1390 3021 ejus
1434 2959 1495 3008 in
1536 2964 1686 3009 aeter-

82 3036 244 3073 num.
272 3020 517 3071 Nomine
538 3023 861 3085 majestatis
883 3020 1410 3091 intelligiturglOria
1420 3030 1687 3084 divinita-

83 3094 180 3146 tis.
207 3094 393 3153 Quare
416 3096 612 3167 autem
624 3106 757 3167 cum
772 3094 985 3167 diceret
996 3098 1151 3149 Deus
1163 3101 1355 3165 Israel,
1369 3114 1485 3152 non
1494 3105 1686 3167 potius

81 3164 236 3216 dixit
252 3165 407 3215 Deus
430 3164 1023 3231 omniumhominum,
1038 3173 1138 3219 aut
1162 3171 1315 3221 Deus
1340 3164 1522 3224 totius
1538 3186 1687 3226 crea-

82 3240 233 3288 tum
250 3236 277 3285 ἱ)
297 3235 440 3295 Quia
467 3234 713 3286 intendit
734 3236 812 3287 ibi
836 3239 1025 3289 Deum
1054 3243 1460 3295 commendare
1486 3258 1686 3297 secun-

80 3308 502 3371 dumgratiam.
526 3307 670 3358 Nam
691 3309 1014 3361 secundum
1024 3314 1342 3374 potentiam
1366 3322 1685 3377 postmodum

76 3378 528 3452 commendavit,
547 3378 645 3429 ubi
666 3392 879 3431 nomen
897 3394 1019 3433 suae
1030 3384 1358 3447 maiestatis
1384 3390 1681 3452 apposuit:

77 3456 315 3517 propter
335 3450 490 3514 quod
509 3454 568 3502 et
598 3452 862 3515 protinus
885 3452 1140 3506 addidit:
1166 3456 1235 3505 Et
1258 3450 1550 3521 repletiitur
1573 3475 1688 3511 ma.

67 3524 261 3588 jeslate
283 3524 399 3587 ejus
408 3524 589 3572 omnis
612 3529 775 3574 terra.
795 3528 918 3586 Qua
929 3526 989 3577 in
1003 3539 1065 3577 re
1082 3529 1404 3580 notandum
1421 3536 1530 3593 est,
1552 3534 1686 3596 quia

76 3609 215 3647 cum
239 3594 608 3657 omnipotens
620 3596 775 3645 Deus
799 3602 1008 3647 cuncta
1030 3598 1247 3661 repleat
1256 3612 1355 3664 per
1368 3594 1684 3656 divinitatis

79 3681 207 3720 suae
231 3667 564 3731 potentiam,
579 3667 846 3730 quaedam
863 3673 1057 3719 tamen
1069 3666 1247 3738 366
1270 3674 1592 3737 specialiter
1604 3689 1687 3729 re-

78 3738 197 3804 plet
207 3751 312 3803 per
322 3750 446 3790 sum
456 3737 898 3791 inhabitationis
913 3742 1176 3804 gratiam.
1197 3737 1355 3796 Unde
1377 3746 1530 3798 sicut
1546 3760 1684 3811 pras-

78 3812 370 3874 misimus,
396 3810 469 3862 ad
492 3812 1016 3864 commendandam
1033 3814 1279 3879 gratiam
1304 3830 1471 3869 suam
1493 3810 1683 3872 dictus

78 3887 171 3936 est
193 3885 350 3956 Deus
363 3882 557 3956 Israel,
582 3885 855 3947 quoniam
877 3885 1030 3937 hanc
1054 3893 1287 3952 gentem
1304 3891 1411 3941 sibi
1423 3893 1683 3956 speciali-

78 3961 168 4008 ter
189 3954 392 4019 elegit:
415 3955 486 4006 de
507 3968 623 4019 qua
644 3969 744 4019 per
772 3959 1113 4021 Prophetam
1130 3959 1307 4012 alium
1332 3954 1499 4014 dicit:
1520 3966 1683 4018 Etin-

75 4027 354 4103 habitabo
377 4031 434 4077 et
453 4027 828 4103 inambulabo
838 4030 897 4079 in
925 4030 1029 4103 eis,
1057 4035 1116 4103 et
1130 4045 1228 4103 ero
1254 4032 1482 4085 illorum
1507 4037 1679 4103 Deus,

76 4104 136 4172 et
165 4098 283 4172 ipsi
302 4103 475 4172 erunt
491 4098 908 4172 mihi‘populus
929 4101 1248 4164 (Levit.26.).
1275 4106 1532 4165 Quatuor
1544 4098 1680 4172 ergo

77 4168 512 4221 benedictiones
546 4169 605 4220 in
640 4168 733 4220 his
759 4176 1007 4233 quatuor
1028 4174 1289 4224 versibus
1312 4177 1524 4237 posuit.
1558 4168 1676 4230 Pri-

76 4253 237 4292 mam
267 4240 340 4291 de
364 4240 685 4292 aeternitate
698 4242 818 4293 Dei.
846 4243 1172 4294 Secundam
1196 4244 1265 4295 de
1283 4246 1682 4302 benedictione

79 4313 357 4364 Gentium
380 4313 442 4362 in
457 4314 602 4376 ipso.
630 4314 880 4364 Tertiam
893 4315 966 4366 de
986 4317 1168 4379 gratia
1192 4317 1682 4380 spiritualilsraeli

74 4384 305 4447 collata,
335 4383 396 4435 in
416 4396 534 4455 qua
547 4384 720 4435 etiam
734 4385 924 4437 solum
946 4388 1133 4438 Deum
1145 4388 1466 4440 mirabilem
1478 4394 1681 4455 praedi-

74 4457 253 4518 cavit,
276 4455 412 4519 quia
430 4456 492 4506 in
510 4454 619 4507 hoc
638 4455 761 4509 solo
773 4470 943 4521 opere
953 4459 1156 4522 gratiae
1180 4460 1351 4522 longe
1370 4454 1681 4519 mirabilior

78 4538 261 4589 quam
283 4529 347 4577 in
368 4527 594 4579 caeteris
611 4529 879 4592 operibus
905 4530 1114 4581 extitit.
1143 4533 1416 4592 Quartam
1441 4533 1681 4597 gloriam

75 4610 203 4649 suae
230 4598 573 4660 majestatis,
598 4598 657 4649 in
674 4611 790 4661 qua
812 4600 1080 4652 consistit
1095 4607 1295 4653 nostra
1316 4604 1612 4659 beatitudo
1626 4614 1681 4660 et

80 4669 403 4745 ﬁnis._llac
450 4668 607 4745 enim
638 4671 944 4745 majestate
988 4674 1302 4745 replebitur
1340 4676 1486 4728 omis
1511 4683 1679 4745 terra,

80 4740 401 4804 replebitur
422 4744 543 4791 tota
568 4740 837 4793 Ecclesia.
856 4744 926 4794 Et
948 4756 1023 4795 ex
1048 4744 1130 4795 his
1156 4746 1429 4798 omnibus
1452 4740 1680 4803 benediQ

76 4817 207 4863 ctus
237 4811 314 4861 sit
342 4812 517 4863 Deus.
548 4812 668 4862 Fiat
691 4814 831 4865 Fiat.
863 4816 1009 4876 Quia
1030 4816 1201 4869 valde
1226 4816 1531 4878 desiderat,
1554 4822 1683 4876 ideo

78 4882 418 4947 ingeminat.
1508 4894 1521 4905 ·

360 4955 725 5021 TITULUS
760 4958 1083 5022 PSALMI
1125 4960 1396 5025 LXXII.

136 5066 278 5113 Sicut
298 5065 611 5135 perclav_em,
632 5066 710 5135 vel
735 5066 918 5135 ostium
945 5067 1265 5135 ingredimur
1282 5070 1339 5116 in
1366 5071 1590 5135 domum,
1611 5075 1681 5120 ita

76 5141 159 5186 per
182 5140 389 5193 sensum
407 5128 662 5193 titulorum
685 5130 1331 5193 intelligentiamintramus
1349 5128 1675 5193 psalmorum.

74 5191 272 5258 '[itulus
298 5191 456 5258 h_uju_s
478 5190 656 5258 psalmi
683 5195 755 5258 est
778 5190 1125 5258 :_Defecerunt
1148 5190 1555 5254 hymni‘David
1572 5196 1678 5258 ﬁlii

75 5252 215 5316 Jesse
239 5252 275 5309 ',
303 5251 769 5316 PsalmAusAsaph.
800 5256 985 5313 Hymni
1021 5262 1141 5301 sunt
1163 5251 1340 5303 cantus
1362 5251 1677 5307 continentes

77 5315 277 5380 laudem
303 5316 408 5361 Dei.
446 5314 497 5380 Si
526 5317 595 5380 sit
614 5314 741 5374 laus,
768 5323 815 5365 et
846 5330 947 5364 non
978 5319 1042 5364 sit
1076 5318 1181 5379 Dei,
1209 5332 1308 5364 non
1344 5323 1671 5380 esthymnus.

77 5379 120 5425 Si
140 5378 210 5425 sit
228 5378 356 5435 laus,
381 5384 429 5424 et
445 5379 623 5442 _Dei,et
667 5393 767 5425 non
791 5384 1034 5437 cantetur,
1055 5393 1155 5425 non
1171 5378 1250 5427 est
1268 5378 1507 5440 hymnus.
1528 5384 1678 5442 Opor-

80 5445 285 5506 tetergo
306 5446 376 5501 ut,
400 5440 455 5506 _si
471 5441 535 5486 sit
558 5441 798 5506 hymnus,
824 5443 1000 5489 habeat
1028 5443 1276 5506 lupatria:
1306 5450 1353 5489 et
1376 5440 1597 5506 laudern,
1628 5452 1674 5493 et

81 5504 185 5564 Dei,
211 5507 258 5548 et
279 5503 551 5551 canticum.
580 5504 701 5551 Cum
735 5518 850 5564 ergo
881 5506 1026 5561 dixit,
1053 5502 1384 5565 Dcfecerunt,
1416 5502 1673 5555 molestam

80 5578 180 5611 rem
207 5565 410 5612 videtur
431 5565 689 5615 nuntiare.
708 5567 825 5612 Nam
858 5567 945 5626 qui
971 5572 1135 5613 cantat
1160 5567 1379 5628 laudem,
1395 5582 1494 5615 non
1508 5571 1673 5619 solum

80 5627 266 5686 laudat,
281 5630 365 5673 sed
388 5627 540 5674 etiam
568 5628 791 5675 hilariter
820 5629 1118 5684 laudat.Qui
1144 5635 1308 5677 cantat
1333 5627 1551 5688 laudem,
1570 5646 1673 5680 non

80 5692 247 5738 solum
276 5688 470 5752 laudat,
493 5689 579 5736 sed
602 5689 748 5736 etiam
774 5696 905 5737 amat
936 5704 1068 5753 eum,
1084 5705 1231 5752 quem
1249 5698 1432 5744 cantat.
1445 5696 1503 5741 In
1527 5695 1673 5743 laude

1824 658 1911 730 sed
1936 657 2221 730 ﬁliiflessei
2239 664 2352 730 Ideo
2383 657 2693 730 addiditﬁlii
2714 667 2870 730 Jesse,
2890 657 3131 719 nein'hoc
3164 657 3415 723 lorcorsi—c'ui

1824 719 1878 765 in
1903 722 2094 790 caeteris
2117 725 2342 790 psalmis,
2375 739 2461 784 per
2483 719 2635 773 David
2669 719 3030 790 intelligeretur
3060 719 3409 785 Christum—sed

1822 794 1911 859 pe‘r
1938 785 2089 831 David
2106 785 2412 859 acciperetur
2424 790 2638 859 carnalis
2652 785 2889 859 udaicus
2902 798 3136 856 populus,
3154 800 3237 846 cui
3263 814 3413 859 prese-

1822 848 1896 890 rat
1920 859 2005 921 rer
2028 855 2077 921 et
2105 852 2349 921 propheta
2375 852 2547 921 David.
2571 853 2744 921 _Hujus
2782 848 3038 921 Davidfid
3069 848 3160 921 est,
3192 848 3411 909 carnalis

1820 909 1996 979 populi
2026 910 2198 958 laudes
2214 912 2516 979 defecerunt,
2556 916 2906 979 deiicientibus
2943 909 3297 979 temporalibus
3332 939 3411 972 re-

1820 968 1933 1040 bus,
1950 983 2178 1040 perquas
2194 976 2381 1040 solebat
2396 989 2426 1021 a
2449 968 2642 1040 carnali
2660 980 2846 1036 populo
2864 968 3060 1027 laudari
3086 968 3229 1031 Deus.
3248 968 3409 1040 Quare

1818 1036 1983 1109 autem
2005 1034 2108 1107 illa:
2126 1037 2426 1099 defecerunt,
2454 1039 2635 1109 nisi_ut
2656 1034 2769 1109 alia:
2793 1050 3133 1109 quaererentur
3157 1034 3406 1109 meliores,

1817 1096 2165 1167 quaa'delicere
2189 1112 2288 1144 non
2312 1096 2536 1167 pessum.
2558 1103 2756 1148 Materia
2780 1096 2851 1149 est
2874 1105 2981 1162 ipsa
3006 1106 3170 1154 ﬁdelis
3196 1096 3408 1167 synago:

1815 1167 1894 1212 ga.
1922 1158 1977 1202 In
2002 1159 2321 1230 prima‘parte
2340 1164 2442 1219 jam
2472 1168 2704 1222 tanquam
2730 1158 3023 1214 conﬁrmata
3048 1169 3198 1215 Deum
3221 1158 3407 1230 laudat,

1814 1229 1929 1295 qua;
1953 1222 2325 1295 anle‘dubitans
2350 1239 2475 1283 pene
2496 1233 2764 1295 erraverat.
2799 1230 2854 1295 ln_
2885 1231 3105 1295 secunda
3137 1238 3271 1290 parte
3295 1222 3411 1295 (qua

1814 1280 2017 1359 dicitur,
2039 1280 2383 1359 Dpnvertetur
2403 1286 2637 1359 populus
2662 1302 2809 1359 meus
2835 1289 2939 1359 hic)
2955 1280 3223 1359 conversio
3242 1280 3406 1359 61.13339,

1813 1342 1959 1418 quod.
1971 1344 2277 1393 dubitaverat
2290 1342 2697 1418 commendatur.
2714 1353 2767 1418 In
2784 1342 2934 1418 tertia.
2949 1352 3081 1414 (quin
3096 1356 3292 1418 incipit,
3322 1342 3409 1406 Vel

1811 1408 2121 1475 rumtamen
2137 1414 2358 1470 propter
2380 1410 2539 1471 dolos}
2560 1414 2916 1462 ostendithanc
2928 1408 3301 1475 prosperita‘ten'i
3316 1420 3409 1466 fal-

1812 1466 1986 1529 lacem,
2016 1466 2185 1531 atque
2223 1466 2467 1519 amatores
2513 1466 2622 1531 ejus
2655 1477 2715 1521 ad
2760 1466 2966 1523 mortem
3016 1466 3307 1530 trahentem.
3350 1484 3407 1529 In

1809 1532 1987 1587 quarta
2008 1530 2345 1601 (quaeincipit,
2366 1534 2500 1601 quid
2511 1530 2573 1583 cn
2584 1536 2656 1584 im
2669 1536 2813 1601 mihi
2835 1544 2906 1586 est
2922 1538 2982 1586 in
3000 1539 3171 1601 caelo?)
3189 1546 3407 1591 ostendit

1807 1603 1859 1635 se
1878 1604 2055 1665 verum
2079 1594 2258 1665 habere
2275 1594 2602 1665 intellectum,
2630 1599 2827 1655 necjam
2849 1603 3137 1660 temporalia
3157 1594 3402 1665 quarere,

1807 1653 1893 1725 sed
1920 1656 2083 1700 solum
2101 1658 2279 1725 Deum».
2314 1661 2527 1706 Intentio
2571 1653 2645 1708 est
2689 1653 2999 1721 compescere
3037 1653 3310 1725 simplices,
3339 1653 3403 1716 ne

1804 1715 1865 1759 de
1890 1719 2213 1776 prosperitate
2250 1721 2516 1781 bonorum,
2545 1728 2641 1781 aut
2668 1715 2970 1771 adversitate
2996 1715 3245 1774 malorum
3267 1715 3401 1776 mur-

1800 1782 2255 1845 murentadversus
2282 1780 2836 1845 Deum,q’uem'constat
2870 1788 2924 1833 in
2953 1789 3190 1837 omnibus
3208 1792 3399 1839 bonum

1726 1837 1781 1912 B
1806 1852 1931 1903 esse,
1967 1848 2012 1889 et
2034 1843 2248 1901 justum,
2280 1846 2394 1893 Ideo
2418 1837 2522 1894 ait:

2188 1946 2581 2015 PSALMUS
2643 1950 2911 2016 LXXII.

1858 2068 1909 2123 1.
1929 2072 2105 2129 Quam
2128 2072 2300 2122 bonus
2332 2074 2502 2124 Israel
2541 2076 2700 2127 Deus.
2737 2077 2876 2128 Mire
2892 2078 3128 2140 quidem
3152 2085 3210 2132 et
3251 2081 3394 2134 inef-

1797 2139 2039 2193 fabiliter
2059 2144 2246 2194 bonus
2270 2150 2377 2196 est.
2410 2146 2520 2197 Sed
2546 2151 2740 2199 tamen
2756 2139 2984 2200 summa
3013 2151 3140 2214 ejus
3166 2152 3392 2206 bonitas

1793 2223 1911 2263 non
1946 2214 2229 2288 omnibus
2254 2219 2396 2288 nota
2418 2221 2527 2275 est,
2570 2218 2683 2268 nisi
2709 2221 3127 2283 tantummodo,
3154 2222 3262 2272 illis
3294 2225 3392 2288 qui

1793 2288 1933 2358 recto
1953 2290 2080 2334 sunt
2102 2286 2274 2347 corde,
2288 2287 2347 2337 id
2385 2292 2493 2348 est,
2509 2289 2608 2351 qui
2618 2302 2726 2358 nec
2736 2290 3095 2343 extolluntur
3104 2286 3391 2358 prosperis

1793 2366 1898 2405 nec
1912 2354 2251 2418 franguntur
2265 2358 2545 2410 adversis:
2568 2358 2621 2425 3
2630 2356 2683 2427 6
2694 2357 2742 2426 7
2751 2366 2810 2412 et
2823 2362 2883 2412 in
2900 2354 3333 2426 utroquebonum
3344 2375 3394 2416 et

1790 2430 2015 2477 rectum
2026 2427 2358 2492 intelligunt
2370 2431 2570 2481 Deum.
2582 2433 2799 2483 Deinde
2815 2432 3013 2498 incipit
3025 2437 3389 2487 dubitationem

1792 2508 1961 2547 suam
1974 2510 2147 2560 quam
2160 2500 2319 2563 prius
2330 2500 2532 2554 habuit
2546 2502 2621 2553 ad
2636 2504 2878 2555 aliorum
2895 2505 3390 2561 conﬁrmationem

1792 2567 2096 2627 declarare,
2121 2583 2253 2621 cum
2279 2572 2477 2623 subdit
2500 2586 2513 2622 :

1854 2644 1896 2714 :2.
1923 2640 2031 2714 Mei
2058 2646 2239 2690 autem
2259 2656 2396 2705 pene
2429 2643 2563 2692 moti
2604 2651 2731 2694 sunt
2766 2646 2936 2709 pedes,
2974 2647 3033 2698 id
3066 2654 3175 2714 est,
3210 2652 3387 2705 animi

1789 2708 2121 2762 affectiones
2145 2725 2291 2776 pene
2318 2719 2494 2766 motae
2518 2719 2657 2765 sunt
2683 2728 2718 2767 a
2741 2708 2876 2768 Deo.
2903 2718 3043 2768 Pene
3067 2708 3225 2783 effusi
3259 2731 3389 2774 sunt

1787 2796 1997 2845 gressus
2018 2783 2143 2843 mei,
2169 2783 2228 2834 id
2253 2789 2363 2848 est,
2380 2798 2552 2848 opera
2573 2798 2721 2838 mea.
2739 2788 2986 2839 Gressus
3009 2794 3193 2843 nostri
3209 2794 3385 2847 etl‘un-

1788 2852 2023 2929 dun_t_ur,
2056 2854 2288 2916 quando
2307 2867 2408 2918 pro
2429 2856 2674 2929 diversis
2690 2859 2997 2910 etterrenis
3022 2862 3197 2913 rebus
3221 2876 3386 2929 appe-

1789 2923 1977 2974 tendis
2002 2936 2320 2988 operamur.
2359 2927 2599 2987 Quando
2633 2930 2822 2979 autem
2856 2942 2957 2993 pro
2983 2930 3122 2982 solis
3146 2923 3381 2987 internis

1786 2993 2155 3069 laboramusJ
2164 3009 2257 3047 am
2269 3010 2385 3048 non
2402 2997 2780 3069 etl‘unduntur
2792 3000 2958 3052 bona)
2970 3003 3211 3054 actionis
3227 3020 3385 3069 gres-

1790 3077 1907 3126 sus,
1930 3065 2032 3116 sed
2060 3065 2133 3116 ad
2151 3080 2332 3117 unum
2354 3067 2544 3131 potius
2570 3070 2830 3133 tendunt,
2858 3070 3075 3124 scilicet
3090 3074 3162 3125 ad
3176 3065 3376 3131 Deum.

1789 3135 1924 3185 Moti
1949 3138 2085 3186 sunt
2108 3135 2212 3197 (Ea:
2229 3137 2549 3201 Augustino)
2577 3139 2774 3203 pedes,
2799 3140 2874 3192 ad
2897 3144 3206 3196 errandum
3231 3158 3244 3200 :
3270 3149 3385 3201 fusi

1715 3205 1764 3280 ί]
1785 3219 2043 3283 gressus,
2071 3206 2398 3283 adlapsam
2423 3226 2433 3257 :
2456 3222 2575 3283 non
2599 3211 2834 3262 omnino
2860 3217 3068 3274 tamen,
3094 3216 3196 3267 sed
3220 3231 3382 3283 pene.

1786 3280 1870 3349 Ac
1904 3277 1953 3328 si
1985 3278 2239 3349 apertius
2263 3279 2416 3331 dicat
2445 3291 2459 3333 :
2491 3282 2639 3332 Pene
2663 3283 2876 3334 recessi
2900 3285 3082 3349 aDeo,
3109 3294 3167 3338 et
3190 3277 3385 3343 sécun—

1785 3348 1926 3399 dum
1948 3348 2318 3413 voluntatem,
2346 3355 2403 3401 et
2426 3350 2751 3403 secundum
2784 3358 2996 3406 actum.
3034 3348 3170 3409 Ideo
3201 3359 3342 3413 dicit
3367 3378 3379 3413 :

1787 3420 1943 3480 Pene,
1968 3420 2103 3483 quia
2125 3421 2381 3495 resipuit.
2415 3423 2561 3495 Nam
2588 3423 2637 3474 si
2673 3436 2793 3475 non
2821 3426 3180 3495 resipuisset,
3206 3442 3242 3482 a
3262 3432 3382 3485 Deo

1782 3491 2015 3555 penitus
2037 3492 2394 3544 recessisset.
2421 3494 2531 3545 Sed
2547 3506 2724 3558 quare
2746 3495 2858 3546 hoc
2879 3500 2905 3547 7

1846 3562 1896 3617 3.
1923 3564 2066 3621 Quia
2081 3564 2243 3613 zelavi
2277 3580 2438 3629 super
2461 3566 2698 3629 iniquos,
2723 3582 2910 3629 pacem
2930 3578 3270 3633 peccatorum
3300 3576 3382 3625 vi-

1783 3633 1930 3711 dens.
1951 3634 2079 3685 Vidi
2100 3635 2232 3711 illos
2253 3636 2732 3711 pacem_habere,
2767 3638 2982 3691 divitiis
3019 3644 3243 3710 ﬂorere,
3284 3648 3383 3711 qui

1783 3705 1968 3782 Deum
1981 3708 2446 3782 contemnebant.
2462 3709 2582 3782 Ego
2601 3720 2755 3772 vero,
2770 3714 2871 3773 qui
2888 3713 3073 3765 cultor
3087 3717 3189 3767 Dei
3205 3705 3381 3782 eram,

1782 3776 1853 3828 iis
1884 3777 2158 3829 omnibus
2180 3779 2469 3852 carebam.
2493 3780 2799 3852 Propterea
2822 3782 3074 3835 zelabam
3113 3800 3288 3852 super
3316 3776 3385 3841 il;

1780 3847 1885 3923 los.
1917 3849 2051 3900 Ideo
2098 3850 2460 3923 indignabar,
2498 3849 2629 3902 ideo
2665 3852 3015 3906 invidebam.
3044 3858 3155 3910 Sed
3171 3847 3384 3923 famvi-

1782 3919 1909 3984 deo,
1935 3932 2115 3983 quare
2138 3921 2286 3972 hanc
2310 3922 2560 3973 habeant
2584 3934 2800 3986 pacem.
2830 3927 3014 3987 Quare
3042 3931 3069 3978 ‘t

1844 3991 1896 4045 4.
1924 3992 2069 4049 Quia
2090 4008 2200 4040 non
2226 3999 2296 4041 est
2320 3998 2580 4056 respectus
2614 3996 2777 4043 morti
2811 4010 3015 4049 eorum.
3044 4001 3170 4053 Non
3202 4008 3292 4055 est
3323 4004 3383 4056 in

1780 4061 1865 4112 eis
1889 4067 2191 4125 respectus
2217 4062 2429 4113 divinae
2452 4063 2880 4127 misericordias,
2895 4068 3288 4124 utliberentur
3308 4075 3381 4125 ab

1781 4135 1999 4184 eterna
2020 4138 2221 4209 morte.
2236 4133 2370 4209 Ideo
2390 4133 2499 4209 hac
2512 4134 2813 4209 temporali
2828 4148 2969 4199 pace
2980 4139 3073 4190 hic
3089 4141 3378 4209 fruuntur,

1781 4207 2072 4275 quatenus
2093 4203 2154 4252 in
2168 4204 2358 4253 futuro
2374 4203 2743 4275 damnatione
2756 4212 3032 4270 perpetua
3050 4203 3378 4275 puniantur,

1779 4273 1847 4321 Et
1870 4276 2283 4336 ﬁrmamentum
2307 4275 2367 4321 in
2399 4274 2562 4337 plaga
2613 4290 2818 4335 eorum,
2844 4279 3125 4331 subaudis
3154 4297 3266 4331 non
3291 4273 3377 4333 est.

1781 4345 2013 4407 Plagam
2039 4357 2237 4395 eorum
2264 4344 2405 4395 dicit
2420 4344 2668 4408 culpam,
2695 4348 2755 4397 in
2789 4360 2904 4410 qua
2927 4361 3045 4400 non
3077 4356 3167 4402 est
3187 4353 3380 4405 ﬁrma—

1778 4419 2061 4477 mentum,
2089 4417 2143 4465 id
2170 4420 2277 4479 est,
2296 4416 2529 4480 aliquod
2541 4417 2917 4479 poenitentia,
2944 4418 3032 4472 vel
3048 4421 3250 4474 salutis
3268 4437 3381 4477 me-

1781 4489 2193 4539 dicamentum.

1846 4557 1895 4611 5.
1926 4560 1985 4607 In
2023 4556 2201 4606 labore
2226 4557 2517 4605 hominum
2543 4560 2657 4607 non"
2678 4564 2822 4617 sunt,
2848 4563 2893 4607 et
2914 4574 3036 4609 cum
3065 4563 3381 4616 hominibus

1701 4623 1759 4697 Ι)
1784 4645 1895 4678 ηοη
1917 4627 2357 4691 ﬂagellabuntur.
2374 4627 2439 4678 Id
2465 4632 2572 4690 est,
2593 4641 2710 4679 non
2732 4630 2995 4682 laborant
3019 4632 3169 4685 sicut
3184 4638 3378 4689 caeteri

1780 4701 2065 4762 homines,
2095 4712 2281 4762 neque
2304 4699 2653 4763 afﬂiguntur.
2677 4702 2804 4751 Non
2827 4707 2964 4753 sunt
2979 4704 3131 4756 enim
3156 4719 3228 4757 ex
3246 4707 3379 4761 filiis

1783 4773 1905 4834 Dei,
1954 4784 2101 4835 quos
2143 4769 2396 4834 ﬂagellat
2438 4771 2766 4823 misericors
2809 4778 2989 4837 pater,
3038 4781 3105 4828 ut
3143 4780 3384 4844 recipiat

1781 4844 1961 4907 (Prov.
1990 4844 2078 4905 3.).
2114 4844 2425 4904 Nunquam
2449 4846 2645 4894 autem
2690 4844 2782 4894 hic
2832 4846 3196 4910 omnipotens
3224 4852 3380 4905 Deus

1781 4914 1969 4979 magis
1992 4913 2160 4965 irasci
2185 4917 2378 4977 potest
2399 4915 2685 4977 peccatori
2708 4915 2949 4982 homini,
2968 4931 3143 4983 quam
3165 4935 3300 4975 cum
3320 4924 3381 4977 in

1779 4986 1889 5037 hac
1916 4986 2031 5036 vita
2053 4984 2349 5050 permittat
2379 4998 2513 5036 eum
2539 4987 2880 5051 prosperari.

1843 5056 1890 5111 6.
1919 5057 2040 5106 Ideo
2060 5058 2230 5105 tenuit
2255 5071 2339 5105 eos
2363 5057 2634 5121 superbia.
2661 5059 2805 5119 Quia
2837 5060 2992 5112 enim
3014 5063 3240 5127 ﬂagella
3262 5078 3381 5119 non

1781 5129 2061 5190 sentiunt,
2083 5132 2381 5193 propterea
2404 5128 2548 5180 elate
2566 5129 2784 5182 vivunt.
2805 5132 2949 5183 Nam
2964 5134 3011 5184 si
3027 5135 3378 5199 ﬂagellaren-

1780 5203 1891 5261 tur,
1923 5199 2188 5251 fortassis
2226 5199 2685 5253 humiliarentur.
2718 5203 2863 5267 Ergo
2894 5206 3160 5271 superbia
3196 5208 3381 5259 tenuit

1778 5284 1897 5333 eos,
1926 5271 2199 5336 alligavit,
2216 5272 2501 5335 astrinxit,
2528 5272 2786 5324 subdidit
2803 5279 3077 5338 tanquam
3101 5278 3376 5340 captivos.

1779 5347 2057 5407 tanquam
2085 5356 2308 5395 servos.
2334 5346 2419 5395 Ex
2437 5344 2544 5395 hac
2560 5347 2959 5408 retentatione,
2975 5347 3172 5411 Operti,
3193 5348 3251 5400 id
3268 5354 3376 5411 est,

1776 5425 1847 5465 ex
1866 5418 1987 5466 toto
2006 5414 2159 5479 pleni
2172 5415 2623 5479 suntiniquitate,
2638 5421 2920 5480 quantum
2933 5418 3005 5469 ad
3022 5420 3374 5482 proximum:

1774 5490 1821 5534 et
1837 5486 2109 5551 impietate
2131 5502 2250 5546 sua,
2283 5490 2566 5549 quantum
2588 5487 2662 5538 ad
2686 5488 2897 5538 Deum:
2928 5490 2973 5540 Ο
2996 5487 3254 5552 infelices
3277 5490 3378 5555 illi,

1774 5568 1921 5618 quos
1940 5561 2215 5620 tanquam
2241 5558 2464 5609 vinctos
2478 5560 2745 5622 superbia
2759 5562 2934 5625 tenet,
2956 5562 3229 5622 tanquam
3247 5562 3378 5612 sub-

1772 5640 1994 5679 mersos
2045 5628 2321 5692 iniquitas
2371 5629 2568 5693 operit.
2618 5631 2756 5690 Quas
2796 5629 2951 5682 unde
3007 5632 3376 5698 processerit,

1775 5699 2101 5752 ostenditur
2123 5713 2257 5753 cum
2293 5699 2651 5753 subinfertur
2673 5715 2687 5752 :

137 5801 175 5875 '_
193 5803 252 5849 In
277 5802 743 5875 VtulgatanEdi'tione
764 5804 872 5875 haec
898 5805 1050 5875 verba
1071 5806 1325 5875 Psaim_um
1349 5808 1497 5858 LXXI
1517 5809 1784 5875 claudunt,
1802 5824 2055 5874 versuque
2074 5817 2134 5866 2O
2162 5814 2506 5874 continentur;
2536 5819 2643 5864 tum
2667 5816 2845 5866 titulus
2876 5816 3061 5865 Psalmi
3082 5817 3253 5867 LXXII
3275 5819 3381 5870 haec

139 5817 155 5823 ’
193 5817 252 5849 ω
286 5817 491 5863 vulgata
515 5817 743 5850 ISUIUODB
764 5817 872 5851 [1&0
898 5817 1050 5852 verba
1071 5817 1325 5854 Bsatmum
1349 5817 1363 5855 ,Ι

81 5868 273 5915 tantum
307 5865 458 5915 habet
479 5863 732 5915 Psalmus
762 5865 970 5930 Asaph.
1222 5871 1363 5924 Enir.
