3880 6222
558 347 666 404 943

1613 338 1880 391 RUFINO
1921 339 2379 392 PRESBYTERO
2410 336 2802 391 ASCRIPTUS
3782 341 3841 395 94.

624 456 677 511 7.
712 452 928 526 Prodiit
943 448 1123 526 quasi
1144 462 1213 498 ex
1234 446 1395 526 adipe
1418 448 1683 513 iniquitas
1707 463 1912 526 eorum.
1952 449 2016 500 Id
2032 454 2161 526 est,
2186 453 2466 526 Acatores
2489 453 2645 514 sunt,
2671 453 2732 502 et
2753 448 3123 503 abundantes
3146 450 3395 505 divitias
3422 450 3494 502 in
3518 448 3719 502 seculo
3744 452 3842 502 obti-

556 541 633 581 ex
661 528 825 594 copia
839 523 1171 594 divitiarum
1176 533 1281 594 ,Wex
1299 525 1524 572 tumore
1541 520 1847 594 superbiae,
1865 533 1938 572 ex
1954 521 2154 594 volun-

555 604 672 651 tate
692 591 751 651 et
770 592 1165 649 delectatione.
1180 593 1264 642 Ex
1279 603 1392 655 quo
1408 591 1729 643 notandum
1744 596 1851 654 est,
1877 591 2013 655 quia
2034 603 2153 643 non

553 671 627 721 ab
652 680 769 721 una
791 676 1016 729 semper
1038 663 1257 727 origine
1280 662 1537 726 procedit
1557 662 1848 726 iniquitas.
1882 665 2025 713 Nam
2047 663 2152 713 ali-

552 740 784 806 quando
800 751 873 789 ex
889 735 1237 788 necessitate
1249 734 1556 806 derivatur,
1571 734 1879 806 aliquando
1891 746 1965 785 ex
1976 736 2155 786 abun-

554 811 768 864 dantia.
797 811 945 860 Sunt
976 806 1210 870 quidam
1242 805 1352 867 (Ea:
1381 805 1704 869 Augustino)
1730 805 1865 856 mali
1889 806 2058 869 quasi
2079 818 2153 858 ex

551 883 753 945 macie,
767 882 900 944 quia
913 877 1111 938 exiles,
1130 876 1346 939 exigui,
1365 888 1643 940 pauperes
1660 880 1718 927 et
1744 881 1999 940 egentes,
2024 878 2153 928 tabe

552 953 804 1018 quadam
816 947 1188 1003 necessitatis
1201 946 1407 998 affecti.
1427 949 1647 1011 Pauper
1663 947 1879 999 furtum
1890 948 2052 1000 facit:
2077 961 2152 999 ex

552 1025 737 1078 macie
772 1022 1054 1089 processit
1091 1019 1384 1081 iniquitas.
1418 1020 1594 1071 Dives
1633 1019 1938 1071 abundans
1966 1020 2152 1071 aliena

549 1097 698 1161 rapit
721 1111 733 1145 :
754 1094 913 1159 quasi
928 1106 995 1141 ex
1010 1090 1169 1153 adipe
1181 1090 1448 1154 iniquitas
1469 1089 1690 1154 prodiit.
1711 1091 1854 1141 Cum
1875 1090 2019 1141 dicis
2034 1103 2152 1142 ma-

551 1181 647 1220 cro
674 1185 686 1216 :
714 1169 899 1229 Quare
923 1165 1031 1215 hoc
1054 1161 1274 1213 fecisti?
1295 1162 1600 1212 Humiliter
1618 1161 1885 1223 afﬂictus,
1912 1167 1970 1213 et
1990 1163 2151 1226 abje—

549 1242 681 1291 ctus
704 1234 1050 1302 respondet:
1077 1234 1316 1296 Egestas
1342 1231 1634 1297 compulit.
1674 1234 1727 1282 Si
1753 1233 1912 1284 dicas
1944 1233 2107 1285 diviti
2134 1248 2147 1284 :

548 1310 735 1371 Quare
769 1301 878 1359 hoc
905 1303 1084 1356 facis?
1126 1302 1233 1353 Vix
1257 1301 1530 1366 dignatur
1562 1303 1780 1366 audire,
1817 1304 1987 1355 etiam
2011 1317 2150 1355 con-

545 1380 759 1432 temnit
799 1382 873 1429 te.
907 1373 1079 1427 Aliud
1116 1378 1206 1424 est
1237 1384 1374 1436 ergo
1410 1386 1483 1425 ex
1513 1374 1860 1425 necessitate
1892 1386 2146 1440 peccare,

544 1451 702 1504 aliud
718 1463 791 1503 ex
806 1445 1187 1500 abundantia.
1204 1446 1348 1496 Ecce
1364 1446 1424 1497 hi
1439 1459 1472 1497 a
1490 1448 1760 1511 superbia
1780 1447 2116 1511 inceperunt
2133 1464 2145 1498 :

549 1534 664 1588 quo
689 1522 1112 1587 pervenerunt?
1136 1516 1490 1566 Transierunt
1514 1518 1734 1583 (inquit)
1756 1516 1931 1586 368
1947 1520 2007 1568 in
2023 1518 2150 1583 απο-

544 1600 690 1645 ctum
712 1593 907 1656 cordis,
932 1589 991 1642 id
1014 1593 1120 1652 est,
1143 1601 1331 1653 usque
1345 1589 1420 1642 ad
1434 1602 1639 1654 pravas
1657 1590 1983 1643 voluntates
2007 1603 2149 1644 suas

548 1664 966 1730 adimplendas.

608 1743 660 1799 8.
692 1747 762 1798 Et
780 1745 889 1796 hoc
915 1745 1070 1809 quod
1090 1746 1202 1811 ipsi
1223 1742 1596 1806 transierunt,
1618 1755 1736 1794 non
1759 1742 2146 1807 impraamedi-

546 1822 662 1871 tate
687 1818 959 1875 fecerunt,
985 1817 1087 1869 sed
1114 1817 1279 1881 quasi
1302 1828 1375 1867 ex
1403 1827 1564 1866 mora
1584 1819 1642 1865 et
1664 1815 1817 1876 lima,
1843 1817 1976 1879 quia
1998 1818 2144 1880 cogi-

2248 526 2529 573 nuerunt.

2314 592 2400 647 13.
2417 594 2485 642 Et
2499 591 2627 643 ideo
2639 603 2745 656 ego
2757 604 2989 657 quoque
2994 594 3245 657 junctus
3260 594 3391 645 illis
3405 596 3560 644 ante
3570 598 3840 645 conversi}

2247 676 2400 727 nem,
2431 663 2691 715 similiter
2714 663 2835 712 disci
2860 679 2873 713 :
2905 665 3050 728 Ergo
3076 666 3198 714 sine
3231 680 3419 713 causa
3453 664 3755 728 justiﬁcavi
3788 682 3837 714 ex

2248 750 2448 798 meum,
2475 740 2541 786 ut
2562 734 2817 786 mundus
2834 748 3029 787 essem
3046 737 3109 787 in
3122 736 3502 798 cOgitatione
3524 749 3543 786 :
3569 735 3735 784 εειαυί
3750 738 3836 783 ima

2249 807 2555 855 innocentes
2573 820 2776 855 manus
2792 820 2952 869 meas,
2971 806 3143 872 idest,
3181 804 3375 875 369
3396 820 3546 857 cum
3574 808 3839 857 innocens-

2248 878 2359 928 bus
2381 878 2637 929 actiones
2651 888 2814 928 meas
2828 878 3126 937 mund-avi,
3144 885 3204 930 et
3226 882 3347 930 hoc
3368 878 3517 929 sine
3535 890 3735 928 caussa
3757 878 3833 927 [ea

2249 950 2355 1001 Ubi
2377 954 2467 1001 est
2492 961 2714 1001 merces
2733 962 2891 1014 purm
2912 950 3336 1002 conscientias?
3358 950 3473 1001 ubi
3493 951 3837 1013 praemiumir

2247 1020 2509 1072 nocentis
2541 1021 2721 1073 vita?
2751 1022 2903 1072 Bene
2933 1021 3082 1085 vivo,
3123 1026 3181 1073 et
3212 1033 3371 1086 egeo
3402 1036 3418 1071 :
3460 1018 3566 1072 ille
3591 1024 3783 1085 peccat,
3804 1025 3837 1070 ei

2248 1091 2526 1143 abundat

2309 1162 2395 1215 14.
2436 1161 2507 1210 Et
2535 1160 2623 1224 fui
2644 1159 2943 1222 ﬂagellatus
2971 1165 3080 1210 tota
3104 1160 3210 1212 die.
3243 1163 3299 1213 Α.
3326 1174 3441 1214 me
3474 1174 3601 1214 non
3622 1162 3833 1213 recedunt

2246 1231 2474 1296 ﬂagella
2497 1231 2619 1282 Dei.
2654 1232 2808 1283 Bene
2834 1232 3041 1294 servio,
3068 1234 3126 1283 et
3145 1233 3435 1297 flagellor
3467 1247 3483 1283 :
3514 1234 3612 1285 ille
3636 1245 3742 1284 non
3762 1248 3836 1285 se:-

2246 1303 2421 1366 vit,et
2436 1302 2760 1365 requiescit.
2788 1302 3112 1354 Periculosa
3128 1310 3269 1354 sunt
3286 1305 3439 1356 haec
3458 1306 3661 1367 verba,
3674 1311 3725 1355 et
3738 1317 3832 1367 pene

2246 1373 2606 1438 blasphema.
2635 1374 2760 1424 Non
2802 1374 2950 1425 dixit
2978 1388 2991 1423 :
3034 1375 3295 1427 Nescivit
3322 1378 3504 1427 Deus
3531 1392 3546 1425 :
3588 1376 3685 1426 sed
3717 1378 3833 1437 quasi

2247 1457 2517 1508 quaerens
2539 1444 2841 1496 haesitatet
2859 1449 3045 1495 nutat.
3069 1447 3192 1497 Non
3209 1446 3328 1509 (Ea:
3351 1447 3697 1510 Augustino}
3715 1448 3831 1497 dixit

2248 1518 2373 1567 Non
2398 1521 2489 1567 est
2513 1516 2756 1581 scientia
2777 1519 2838 1565 in
2861 1515 3113 1567 excelso.
3140 1517 3266 1567 Hoc
3291 1523 3417 1579 est,
3441 1519 3607 1580 quod
3627 1519 3831 1581 aitpaulo

2245 1592 2379 1640 ante
2404 1602 2417 1639 :
2444 1586 2553 1639 Mei
2577 1593 2773 1637 autem
2790 1599 2934 1650 pene
2949 1588 3091 1638 moti
3114 1591 3249 1639 sunt
3274 1589 3501 1652 pedes.
3534 1591 3659 1640 Non
3681 1590 3832 1640 contir-

2246 1665 2384 1724 mat,
2400 1659 2497 1711 sed
2510 1659 2639 1723 ipsa
2651 1658 2929 1709 dubitatio
2950 1658 3413 1723 periculosaest.
3432 1662 3549 1712 Per
3567 1661 3830 1725 periculum

2246 1733 2439 1783 tamen
2467 1731 2675 1781 transit
2706 1730 2779 1780 ad
2816 1732 3140 1794 sanitatem,
3175 1731 3344 1782 unde
3376 1738 3446 1783 et
3485 1733 3829 1782 subditur-:5:

2243 1803 2521 1867 castigatio
2542 1816 2663 1850 mea
2675 1801 2735 1849 in
2745 1801 3051 1860 matutinis,
3070 1801 3126 1851 id
3145 1808 3254 1864 est,
3277 1804 3421 1854 sine
3434 1802 3719 1854 dilatione.
3733 1806 3830 1853 Cas-

544 1894 812 1952 taverunt,
836 1873 996 1953 prius
1013 1889 1115 1940 diu
1132 1873 1284 1940 inter
1308 1899 1370 1938 se
1396 1900 1408 1935 :
1428 1891 1473 1935 et
1488 1890 1689 1950 postea
1735 1873 1895 1935 locuii
1918 1873 2134 1940 suntad

2246 1875 2461 1953 tigatur
2491 1877 2687 1953 autem
2721 1884 2854 1952 cum
2891 1873 2964 1924 ab
2996 1885 3200 1953 errore
3212 1875 3826 1953 sanatugdmpiorun.

543 1959 687 2011 alios
718 1958 1012 2011 docendos
1035 1959 1341 2023 nequitiam
1367 1969 1549 2007 suam.
1579 1959 1650 2008 Et
1672 1957 1781 2008 hoc
1802 1970 1918 2009 non
1936 1959 1996 2010 in
2011 1960 2148 2013 abs-

544 2030 792 2093 condito,
820 2030 924 2082 sed
944 2031 1005 2082 in
1018 2030 1344 2082 manifesto.
1357 2028 1522 2079 Unde
1534 2033 1595 2079 et
1615 2029 1839 2080 subdit:
1860 2031 2148 2094 Iniquita-

539 2108 645 2154 tem
665 2104 729 2153 in
743 2103 942 2153 excelso
967 2103 1129 2152 locuti
1147 2107 1290 2151 sunt.
1314 2102 1446 2151 Non
1468 2112 1601 2150 cum
1624 2099 1845 2164 timore,
1877 2101 1980 2152 sed
2013 2116 2148 2155 cum

542 2175 801 2239 audacia,
830 2172 983 2225 clare
1003 2177 1290 2237 etaperte,
1313 2170 1686 2222 audientibus
1711 2172 2001 2224 omnibus.
2033 2176 2150 2227 Nec

544 2244 733 2297 solum
769 2248 968 2296 contra
1002 2244 1269 2295 homines
1306 2242 1529 2293 tumide
1565 2245 1624 2293 et
1668 2254 1934 2306 perverse
1971 2242 2148 2298 locuti

543 2320 684 2368 sunt
703 2315 942 2379 malum,
969 2315 1072 2367 sed
1097 2315 1273 2366 etiam
1295 2314 1357 2365 in
1380 2315 1583 2364 Deum.

606 2404 656 2459 9.
682 2405 986 2455 Posuerunt
1008 2402 1164 2454 enim
1187 2403 1249 2451 in
1262 2406 1451 2451 catum
1468 2416 1524 2450 os
1537 2415 1720 2461 suum,
1738 2400 2147 2468 blaspheman-

539 2480 634 2529 tes
659 2477 861 2541 Deum,
900 2474 1042 2539 ipsis
1079 2473 1412 2526 calestibus
1444 2472 1832 2525 detrahentes.
1860 2475 1927 2523 Et
1950 2476 2146 2540 lingua

541 2561 730 2597 eorum
764 2546 1017 2597 transivit
1040 2546 1101 2595 in
1125 2551 1286 2595 terra.
1311 2545 1475 2596 Prius
1505 2544 1566 2595 in
1594 2545 1822 2605 omium,
1846 2546 2053 2599 deinde
2083 2549 2145 2599 in

539 2621 754 2671 terram
783 2618 1045 2683 linguam
1085 2615 1544 2669 transtulerunt:
1581 2618 1715 2679 quia
1750 2618 1909 2681 prius
1943 2624 2144 2671 contra

543 2690 856 2754 Christum,
873 2692 1077 2754 postea
1091 2700 1227 2741 vero
1248 2692 1448 2739 contra
1465 2685 1775 2738 Eoclesiam
1791 2687 1967 2741 locuti
1984 2695 2139 2741 sunt.

540 2760 649 2814 Vel
678 2761 938 2825 linguam
962 2773 1161 2812 eorum
1183 2760 1244 2810 in
1269 2763 1421 2811 terra
1447 2760 1709 2821 transire,
1734 2764 1825 2811 est
1847 2766 2143 2815 contemto

539 2832 760 2885 cmlesti
783 2832 1030 2883 Domino
1051 2831 1275 2895 seipsos
1290 2830 1352 2882 in
1374 2830 1484 2881 hac
1508 2830 1628 2883 vita
1642 2830 1895 2894 laudare,
1921 2833 2144 2897 magni-

539 2904 729 2965 ﬁcare,
759 2903 911 2955 sicut
930 2902 1065 2954 alibi
1096 2902 1396 2954 dixerunt:
1422 2904 1702 2966 Linguam
1727 2908 1989 2955 nostram
2022 2918 2143 2957 ma-

540 2974 965 3040 gnificabimus,
978 2972 1129 3025 labia
1143 2978 1344 3025 nostra
1367 2974 1585 3025 anobis
1613 2978 1764 3025 sunt.
1784 2974 1922 3034 Quis
1946 2980 2142 3028 noster

539 3046 823 3098 Dominus
844 3050 937 3097 est
970 3045 1133 3110 (Psat.
1167 3044 1320 3107 11.)?
1349 3047 1418 3096 Et
1441 3057 1575 3097 vere
1599 3047 1655 3096 in
1680 3044 1790 3097 hoc
1813 3047 2009 3111 lingua
2044 3060 2141 3100 eo-

540 3130 672 3169 rum
696 3117 923 3169 transiit
945 3117 1007 3169 in
1033 3122 1201 3179 terra,
1225 3117 1360 3180 quia
1378 3116 1696 3180 loquacitas
1719 3130 1935 3180 eorum;
1954 3125 2141 3172 metas

540 3189 918 3241 humanitatis
951 3194 1008 3240 et
1029 3189 1274 3239 modum
1298 3189 1551 3239 excessit
1573 3190 1635 3240 in
1658 3194 1880 3256 natura,
1919 3204 2053 3242 cum
2078 3205 2139 3244 se

540 3260 835 3312 intantum
858 3258 1219 3323 extollerent,
1244 3263 1310 3311 ut
1343 3261 1529 3311 Deum
1564 3273 1692 3311 esse
1719 3274 1892 3325 supra
1916 3275 1979 3314 se
2002 3276 2139 3314 con-

537 3336 879 3384 temnerent.
905 3333 977 3383 Et
1006 3332 1141 3395 quia
1167 3332 1463 3383 intentum
1492 3339 1843 3396 erraverunt,
1859 3338 2033 3397 atque
2062 3335 2138 3386 ad

533 3407 759 3454 tantam
781 3402 1063 3454 malitiam
1078 3414 1153 3453 ex
1167 3413 1325 3465 pace,
1348 3407 1406 3453 et
1421 3403 1800 3466 prosperitate
1813 3416 1921 3455 sua
1931 3418 2139 3469 perve-

533 3478 768 3537 nerunt,
796 3485 999 3525 eorum
1029 3473 1319 3525 damnatio
1350 3472 1460 3525 fuit
1490 3472 1616 3525 aliis
1640 3475 1866 3527 occasio
1899 3489 2136 3530 conver-

536 3545 734 3596 sionis.
767 3546 1036 3608 Proptera
1060 3543 1259 3595 subdit
1288 3559 1299 3591 :

596 3623 682 3678 10.
719 3622 839 3672 Ideo
858 3627 1193 3671 convertetur
1209 3620 1447 3692 populus
1471 3636 1620 3673 meus
1644 3624 1750 3675 hic.
1777 3626 1884 3677 Hic
1904 3628 2131 3692 (inquit)

530 3695 591 3744 in
614 3695 774 3745 tanta
805 3704 1004 3743 eorum
1030 3692 1306 3751 caecitate,
1330 3691 1391 3742 in
1414 3695 1576 3743 tanta
1598 3694 1934 3760 perditione,
1954 3691 2132 3761 quam

529 3764 913 3826 incurrerunt,
931 3762 1031 3826 qui
1042 3762 1273 3814 divitias
1297 3769 1658 3815 amaverunt.
1688 3766 1940 3831 Populus
1966 3782 2131 3821 meus

529 3834 641 3886 hoc
656 3847 727 3886 ex
747 3834 968 3885 ratione
984 3833 1368 3898 considerato,
1387 3847 1457 3885 ex
1477 3834 1597 3886 zelo
1620 3841 1678 3887 et
1704 3836 1937 3901 invidia,
1957 3851 2132 3903 quam

530 3906 693 3970 prius
729 3905 866 3957 inde
900 3904 1119 3968 habuit,
1148 3910 1533 3969 convertetur,
1572 3919 1645 3957 ne
1684 3908 1855 3959 simili
1892 3909 2133 3964 damna-

530 3977 703 4038 tione,
717 3990 850 4028 cum
866 3976 1219 4028 amatoribus
1236 3976 1569 4029 divitiarum
1584 3979 1875 4042 puniatur.
1897 3981 2131 4033 Conver-

529 4054 668 4098 tetur
704 4049 923 4113 (inquit)
956 4048 1191 4113 populus
1219 4063 1368 4097 meus
1402 4050 1507 4110 hic,
1538 4050 1597 4099 id
1628 4055 1734 4114 est,
1769 4054 2131 4107 considerata

526 4119 846 4191 perditione
875 4131 1206 4185 pravorum.
1220 4121 1325 4172 Vel
1347 4120 1461 4184 hic,
1480 4120 1539 4172 id
1561 4126 1669 4187 est,
1686 4123 1747 4173 in
1772 4123 1883 4175 hoc
1911 4126 2126 4191 seculo,

525 4190 671 4243 dum
696 4196 927 4257 tempus
946 4196 1036 4244 est
1048 4192 1398 4256 acceptabile
1422 4194 1809 4255 convertendi,
1828 4200 1886 4248 et
1900 4197 2020 4248 dies
2034 4190 2128 4249 sa?-

523 4262 665 4315 lutis
697 4262 766 4329 (2.
795 4264 917 4315 Cor.
942 4263 1032 4327 6.).
1064 4265 1149 4316 De
1172 4264 1384 4327 quibus
1408 4264 1668 4328 protinus
1699 4267 1893 4318 addit:
1924 4269 1993 4317 Et
2016 4270 2127 4318 dies

520 4335 669 4400 pleni
703 4336 1051 4385 invenientur
1091 4335 1153 4384 in
1186 4335 1279 4395 eis,
1305 4336 1524 4387 scilicet
1544 4336 1698 4401 pleni
1718 4338 1794 4389 ad
1820 4338 2126 4404 indulgen-

524 4406 688 4467 tiam,
711 4405 786 4457 ad
818 4406 1272 4458 misericordiam
1295 4411 1353 4457 et
1380 4406 1453 4458 ad
1475 4409 1739 4471 gratiam.
1772 4410 1945 4461 Venit
1970 4411 2119 4462 enim

523 4476 821 4541 plenitudo
845 4478 1139 4543 temporis,
1155 4478 1214 4530 in
1237 4490 1349 4542 quo
1366 4478 1538 4540 misit,
1554 4480 1712 4531 Deus
1734 4479 1941 4533 Filium
1952 4495 2122 4535 suum

522 4548 583 4598 in
608 4548 774 4600 terris
806 4548 1004 4611 (Galat.
1042 4548 1136 4611 4.).
1173 4548 1277 4601 Vel
1310 4549 1373 4601 in
1405 4548 1519 4615 his,
1554 4551 1652 4614 qui
1687 4550 1781 4602 hic
1828 4553 1900 4603 ad
1936 4555 2124 4606 Deum

523 4624 953 4689 convertentur,
968 4619 1233 4673 infuturo
1253 4620 1376 4673 dies
1393 4622 1757 4675 invenientur
1773 4623 1924 4687 pleni
1954 4626 2125 4677 beati-
2143 4615 2202 4689 D

522 4688 740 4762 tudine,
772 4689 925 4762 pleni
955 4693 1291 4744 mternitate.
1326 4694 1475 4745 Vere
1504 4694 1584 4745 ibi
1615 4694 1741 4748 dies
1774 4695 1930 4759 pleni
1961 4702 2117 4762 sunt,

519 4759 620 4810 ubi
643 4759 798 4811 lucet
822 4760 910 4811 sol
923 4763 943 4824 j
954 4761 1185 4827 ustitim,
1200 4763 1297 4814 ubi
1322 4764 1519 4816 divina
1535 4765 1801 4830 splendet
1818 4766 2046 4819 claritas
2062 4759 2121 4821 et

519 4834 738 4902 aeterna
777 4831 923 4895 (Sap.
962 4830 1027 4894 5;
1061 4833 1191 4883 Μαι.
1236 4834 1338 4898 4.).
1376 4836 1593 4888 Deinde
1639 4842 1836 4889 narrat
1871 4839 2119 4902 qualiter

513 4900 767 4973 primum
791 4908 1143 4973 erraverunt,
1179 4909 1239 4956 et
1261 4908 1551 4968 quomodo
1581 4900 1953 4973 postmodum
1976 4923 2115 4964 con-

514 4971 665 5022 versi
688 4975 843 5022 sunt.
877 4972 971 5023 Ait
992 4973 1148 5025 enim
1175 4988 1188 5023 :

578 5048 665 5104 11.
701 5051 768 5100 Ει
789 5051 1069 5113 dixerunt,
1099 5053 1361 5108 videlicet
1384 5057 1688 5121 cogitando
1710 5060 1862 5113 intra
1887 5075 1951 5115 se
1980 5069 2115 5117 ante

512 5122 949 5197 conversionem
972 5140 986 5182 ς
1010 5125 1286 5183 Quomodo
1301 5129 1401 5175 scit
1425 5128 1563 5177 Deus
1587 5134 1611 5181 ?
1623 5131 1684 5181 id
1700 5137 1804 5194 est,
1820 5136 2112 5197 quomodo

508 5205 827 5259 possumus
851 5193 1014 5256 scire,
1046 5197 1200 5259 quod
1229 5197 1353 5260 ipse
1380 5199 1541 5263 sciat,
1569 5202 1721 5264 quod
1745 5193 1883 5255 boni
1906 5206 1988 5257 ita
2013 5208 2112 5259 tri-

508 5264 782 5318 bulantur
813 5270 871 5319 et
891 5265 1029 5318 mali
1057 5274 1472 5333 prosperantur
1490 5273 1516 5320 ‘t
1538 5277 1583 5319 et
1623 5274 1671 5321 si
1702 5281 1775 5323 est
1795 5277 2020 5326 scientia
2048 5279 2111 5328 in

506 5337 703 5412 ewcetso
724 5342 749 5389 Ρ
779 5337 839 5412 Si
865 5343 973 5403 est,
1004 5339 1161 5412 quod
1190 5340 1313 5412 ipse
1337 5341 1498 5406 sciat,
1524 5346 1812 5406 quomodo
1845 5349 2060 5412 patitur
2083 5352 2110 5401 ‘2

505 5408 878 5476 Aposiopesis
899 5414 1009 5476 est,
1027 5411 1086 5462 id
1103 5414 1212 5471 est,
1229 5411 1489 5476 defectio,
1518 5415 1619 5466 ubi
1644 5408 1876 5470 additur
1900 5426 1966 5472 ut
1982 5433 2110 5473 ora-

505 5478 583 5530 tio
605 5479 773 5544 plene
795 5480 1170 5547 intelligatur.
1191 5483 1344 5536 Talis
1373 5491 1496 5539 erat
1519 5499 1676 5539 error
1698 5503 1911 5542 eorum.
1932 5494 2106 5544 Puta-

505 5550 647 5602 bant
660 5553 813 5604 enim
836 5555 1023 5606 Deum
1044 5568 1137 5627 res
1159 5555 1581 5621 humanas,aut
1605 5562 1848 5627 nescire,
1872 5567 1972 5615 aut
1985 5577 2105 5617 non

506 5632 725 5694 curare,
757 5635 894 5675 cum
927 5626 1337 5680 tribularentur
1369 5630 1525 5694 boni,
1559 5634 1617 5684 et
1651 5626 1923 5687 ﬂorerent
1944 5634 2098 5688 mali.

503 5689 668 5743 Unde
686 5698 746 5744 et
767 5695 1192 5759 subsequenter
1224 5698 1456 5753 dicunt:

526 5844 538 5855 .
563 5774 653 5830 12.
675 5780 1247 5858 Ecceipsipeceatores
1268 5793 1316 5839 et
1334 5788 1672 5843 abundantes
1694 5794 1757 5845 in
1783 5795 1975 5858 seculo,
2002 5796 2101 5846 ob-

496 5848 778 5901 tinuerunt
790 5851 1028 5909 divitias.
1044 5858 1164 5923 Ego
1175 5858 1277 5923 qui
1291 5859 1414 5915 Deo
1424 5863 1635 5929 servio,
1652 5876 1791 5931 egeo
1812 5879 1827 5922 :
1843 5848 2096 5933 ipsipec-

2247 1944 2508 1997 differtur
2533 1944 2853 2009 castigatio,
2877 1954 3005 1994 mea
3028 1956 3149 1994 non
3167 1944 3473 1997 differtur.
3494 1945 3601 1996 Illa
3618 1958 3743 1999 sera.
3764 1946 3824 1994 re;

2246 2016 2407 2068 nulla
2430 2020 2519 2068 est
2543 2027 2699 2066 :mea
2722 2016 2785 2065 in
2807 2016 3128 2066 matutinis.
3152 2016 3311 2067 Audi
3323 2017 3465 2080 jam
3493 2029 3688 2069 vocem
3702 2018 3823 2066 casti-

2244 2088 2381 2152 gati.
2424 2088 2700 2150 Reprimit
2722 2086 2878 2137 enim
2917 2098 2979 2136 se
3007 2087 3080 2136 ab
3116 2099 3204 2147 eo,
3234 2088 3406 2151 quod
3429 2088 3675 2153 dixerat,
3697 2096 3821 2151 atque

2246 2171 2498 2211 errorem
2524 2170 2695 2209 suum
2718 2170 3140 2221 recognoscens
3164 2160 3249 2210 ait
3275 2173 3289 2206 :

2311 2229 2397 2284 15.
2437 2230 2497 2280 Si
2542 2228 2816 2278 dicebam:
2843 2229 3068 2277 Narabo
3103 2230 3196 2288 sic,
3246 2244 3367 2279 ecce
3416 2232 3698 2280 nationem
3725 2229 3823 2291 ﬁlic-

2245 2316 2374 2350 rum
2398 2306 2617 2351 tuorum
2652 2299 2950 2364 reprobavi.
2988 2301 3110 2350 Hoc
3134 2305 3202 2351 ut
3226 2300 3476 2364 planius
3502 2301 3822 2365 intelligatur.

2247 2384 2394 2439 opus
2406 2377 2514 2436 est,
2530 2374 2594 2424 ut
2610 2371 3003 2435 distinguatur
3018 2371 3102 2422 sic
3120 2386 3133 2423 :
3151 2373 3452 2425 Dicebam
3465 2373 3753 2438 cogitando
3766 2373 3823 2421 in-

2248 2448 2334 2495 tra
2356 2457 2468 2496 me.
2492 2444 2548 2495 Si
2571 2444 2812 2494 narrabo
2835 2443 2935 2505 sic,
2962 2443 3114 2494 sicut
3138 2443 3423 2496 videlicet
3445 2448 3709 2509 superius
3728 2457 3823 2495 nar-

2244 2517 2369 2567 ravi
2393 2535 2403 2563 :
2428 2516 2522 2568 vel
2546 2514 2695 2566 sicut
2715 2520 3093 2565 narraverunt
3115 2514 3218 2578 illi,
3242 2520 3350 2579 qui
3379 2517 3692 2568 dixerunt:
3714 2518 3825 2575 Quo-

2244 2586 2416 2639 modo
2442 2587 2550 2637 scit
2573 2587 2767 2637 Deus?
2801 2591 2911 2637 etc.
2957 2586 3088 2634 Ecce
3110 2587 3507 2639 manifestum
3533 2593 3623 2639 est
3656 2592 3709 2639 et
3738 2599 3822 2637 eer-

2244 2663 2391 2722 tum,
2417 2658 2591 2721 quod,
2612 2658 2890 2706 nationem
2911 2656 3177 2721 ﬁliorum,
3198 2658 3261 2709 id
3284 2666 3404 2721 est,
3427 2662 3716 2723 justorum
3734 2666 3821 2705 ter-

2242 2745 2369 2778 rum
2384 2729 2683 2794 reprobavi.
2708 2728 2882 2780 Aliud
2901 2729 3006 2792 (Ea:
3028 2731 3161 2792 eod.)
3188 2730 3477 2782 dicturus
3514 2744 3666 2794 sum,
3687 2742 3819 2793 quam

2243 2801 2383 2864 dixi,
2428 2801 2739 2859 Abraham,
2783 2812 2959 2863 quam
3004 2802 3187 2860 Isaac,
3238 2814 3431 2864 quam
3458 2803 3658 2863 Jacob,
3686 2814 3818 2864 quam

2243 2873 2516 2924 dixerunt
2540 2871 2854 2936 prophetas.
2872 2869 2958 2921 Illi
2982 2872 3139 2922 enim
3164 2884 3385 2924 omnes
3410 2874 3702 2935 dixerunt,
3722 2884 3819 2935 quia

2242 2949 2407 2997 curat
2438 2946 2595 2995 Deus
2630 2956 2723 2996 res
2746 2944 3052 2995 humanas.
3079 2947 3198 3007 Ego
3238 2946 3520 2998 dicturus
3559 2960 3694 3005 sum,
3720 2946 3819 3008 quia

2242 3031 2362 3069 non
2384 3021 2565 3069 curat.
2591 3018 2681 3067 An
2704 3018 2887 3079 major
2914 3017 2978 3067 in
2998 3029 3092 3067 me
3115 3018 3458 3080 prudentia,
3487 3020 3616 3072 sive
3637 3020 3814 3071 intelle-

2242 3094 2391 3152 ctus,
2416 3101 2589 3153 quam
2614 3089 2673 3138 in
2699 3087 2809 3137 illis
2830 3090 2855 3137 ?
2879 3087 3268 3139 Saluberrima
3282 3096 3612 3143 auctoritas
3631 3103 3814 3143 revoca.

2241 3162 2325 3213 vit
2347 3161 2726 3225 cogitationes
2742 3161 2815 3210 ab
2826 3159 2905 3209 im
2912 3160 3138 3222 pietate.
3160 3163 3245 3212 Ne
3266 3175 3414 3227 ergo
3429 3166 3632 3227 justos
3650 3164 3736 3216 Dei
3753 3174 3812 3213 re-

2167 3246 2216 3323 C
2239 3235 2522 3314 probaret,
2544 3231 2678 3293 imo,
2705 3236 2771 3282 ut
2792 3243 2977 3323 unum
3152 3232 3242 3282 eis
3267 3235 3595 3323 Ealgbriter
3616 3236 3811 3323 sentire:

2230 3306 2353 3368 jam
2364 3315 2610 3354 errorem
2628 3314 2803 3352 suum
2822 3304 3100 3353 tenaciter
3121 3316 3243 3354 non
3262 3305 3558 3358 defi‘endit
3579 3322 3593 3356 :
3612 3307 3702 3356 sed
3719 3314 3813 3367 qua

2236 3375 2480 3438 nesciat,
2507 3373 2800 3425 humiliter
2822 3373 2978 3423 dicit.
3003 3375 3133 3425 Non
3148 3376 3311 3426 enim
3335 3389 3561 3441 parvus
3576 3377 3813 3443 pmfectus

2239 3446 2497 3497 scientim
2529 3450 2639 3507 est,
2669 3446 2763 3496 vel
2810 3457 2978 3495 suam
2999 3446 3403 3508 ignorantiam
3426 3462 3554 3501 non
3578 3456 3809 3514 ignorant

2236 3518 2399 3569 Unde
2417 3516 2653 3581 quidam
2674 3516 2786 3567 ait:
2820 3516 2943 3567 Hoc
2972 3529 3159 3569 unum
3181 3519 3329 3583 scio,
3357 3522 3526 3584 quod
3550 3522 3745 3573 nescio.
3763 3520 3810 3569 Et

2234 3587 2345 3640 hoc
2379 3594 2469 3639 est
2492 3588 2647 3651 quod
2686 3586 2883 3638 subdit
2908 3602 2921 3637 :

2300 3658 2845 3718 16.'Existimabam,
2893 3662 2953 3706 ut
2993 3672 3375 3723 cognoscerem
3419 3663 3564 3714 hoc;
3610 3663 3808 3713 ιαδονεει

2234 3736 2359 3780 ante
2384 3745 2485 3779 me.
2510 3730 2791 3780 Putabam
2804 3740 2898 3781 me
2913 3732 3061 3781 scire
3072 3731 3406 3793 veritatem,
3420 3748 3607 3798 quare
3618 3737 3807 3787 floreant

2233 3802 2369 3853 mali
2396 3817 2407 3852 :
2446 3813 2625 3864 quare
2649 3802 2879 3852 doleant
2901 3801 3038 3853 boni
3066 3821 3077 3859 ;
3110 3807 3166 3853 et
3188 3804 3320 3866 jam
3360 3818 3697 3869 conversus,
3717 3808 3805 3868 jam

2234 3875 2556 3938 castigatus
2579 3873 2907 3938 recognovi,
2933 3875 3069 3937 quia
3111 3876 3224 3926 hoc
3251 3876 3419 3930 labor
3453 3885 3551 3932 est
3572 3886 3696 3930 ante
3722 3890 3804 3928 me.

2232 3946 2379 4007 Quid
2390 3951 2481 3998 est
2496 3950 2619 3995 ante
2632 3960 2714 3993 me
2728 3945 2902 3997 ?dum
2913 3947 3068 4009 apud
3084 3959 3175 3998 me
3186 3960 3427 4013 maneo,
3441 3952 3655 4003 dumin
3666 3962 3804 4002 sensu

2231 4018 2443 4070 carnali
2467 4018 2648 4082 persis
2657 4022 2730 4080 to,
2748 4017 2886 4069 dum
2904 4017 3029 4069 sola
3040 4018 3294 4072 visibilia
3313 4023 3581 4085 attendo,
3601 4033 3807 4086 nonpos

2232 4103 2363 4142 sum
2388 4090 2546 4141 facile
2572 4089 2643 4140 de
2667 4088 2909 4141 terrenis
2930 4089 3107 4142 rebus
3137 4101 3280 4143 vera
3302 4096 3549 4146 sentire.
3587 4092 3801 4154 Quandiu

2228 4162 2336 4213 erit
2357 4161 2467 4213 iste
2487 4161 2649 4211 labor
2667 4163 2695 4211 ?

2292 4231 2378 4286 17.
2410 4233 2585 4281 Donec
2605 4232 2804 4281 int-rem
2820 4232 2879 4280 in
2894 4232 3285 4282 sanctuarium
3299 4235 3422 4285 Dei.
3436 4238 3639 4289 Donec
3651 4240 3801 4287 meme

2230 4309 2516 4373 transeam
2526 4303 2600 4354 ad
2613 4302 2968 4367 spiritualem
2977 4302 3451 4369 intelligentiam:
3465 4314 3517 4358 et
3528 4308 3800 4373 intelligam,

2225 4372 2285 4424 id
2309 4379 2421 4438 est,
2464 4373 2824 4426 intellectum
2860 4387 3060 4426 meum
3080 4375 3279 4440 figam,
3314 4378 3382 4427 in
3404 4382 3711 4430 nouissimi:
3737 4392 3802 4426 eo-

2225 4460 2371 4497 rum.
2398 4447 2543 4510 Ergo
2558 4445 2632 4497 ad
2653 4445 2981 4498 habendam
2996 4459 3192 4499 rerum
3209 4451 3627 4515 temporalium
3647 4460 3799 4503 veram

2226 4519 2525 4569 scientiam
2548 4518 2664 4571 duo
2706 4523 2843 4571 sunt
2870 4520 3037 4571 nobis
3060 4525 3418 4576 necessaria.
3456 4527 3718 4587 Primum,
3751 4525 3799 4572 ut

2223 4594 2441 4642 mterna
2452 4591 2603 4641 bono
2612 4590 2803 4641 animo
2819 4592 3266 4655 perpendamus.
3287 4594 3543 4660 Deinde,
3562 4601 3623 4649 ιιι
3637 4604 3800 4647 eorum

2222 4673 2357 4725 quas
2378 4664 2694 4727 transeunt,
2723 4661 2900 4714 finem
2923 4662 3146 4715 solicite
3160 4666 3519 4729 cogitemus.
3546 4671 3664 4731 Quo
3684 4672 3801 4716 utro-

2219 4744 2331 4796 que
2359 4733 2624 4796 perfecto,
2657 4732 2823 4785 facile
2852 4733 3140 4798 colligitur
3163 4739 3299 4799 quia
3322 4741 3569 4791 vanitas
3603 4743 3686 4791 est
3706 4736 3803 4799 (Ec-

2216 4804 2330 4853 ctes.
2358 4803 2446 4866 1.).
2492 4804 2767 4868 quicquid
2800 4806 3190 4870 temporaliter
3227 4813 3490 4863 amatur.
3526 4810 3799 4863 Nihilsan-

2216 4876 2502 4926 ctuarium
2519 4876 2641 4940 Dei,
2671 4876 2781 4927 nisi
2806 4876 3069 4928 divinum
3085 4878 3379 4941 judicium
3394 4879 3797 4944 valetintelligi,

2214 4958 2327 5009 quo
2346 4946 3679 5017 quirationeintrat,indubitanterintelligendo
3689 4964 3796 5005 con-

2214 5017 2443 5080 siderat,
2467 5018 2603 5081 quia
2629 5019 2993 5083 omnipotens
3013 5021 3286 5084 etjustus
3303 5024 3468 5075 Deus
3489 5025 3567 5077 ad
3585 5026 3691 5077 hoc
3704 5034 3795 5089 per-

2212 5089 2390 5141 mittit
2412 5089 2614 5161 florere
2629 5089 2809 5141 malos
2824 5090 2885 5141 in
2900 5091 3009 5142 hoc
3031 5093 3247 5153 seculo,
3274 5098 3338 5145 ut
3352 5098 3675 5160 puniantur
3694 5108 3796 5161 gra-

2211 5161 2343 5234 vius
2366 5161 2427 5211 in
2444 5160 2658 5213 futuro.
2674 5161 2763 5212 Ad
2778 5161 2888 5213 hoc
2903 5163 3089 5214 bonos
3106 5164 3237 5233 .vult
3257 5166 3523 5221 tribulari
3542 5160 3791 5234 tempora—

2209 5229 2355 5303 liter,
2371 5236 2659 5295 quatenus
2674 5234 2920 5297 purgati,
2940 5229 3315 5296 postmodum
3330 5241 3633 5303 gaudeant
3652 5229 3789 5292 soter-

2208 5302 2427 5355 naliter.
2440 5305 2469 5354 J
2476 5315 2570 5354 am
2583 5316 2715 5355 vero
2730 5306 3003 5367 tanquam
3016 5308 3118 5359 Dei
3130 5302 3535 5363 sanctuarium
3547 5316 3789 5374 ingressui.

2206 5377 2380 5437 atque
2391 5373 2469 5425 ibi
2486 5374 2857 5438 Spiritualiter
2872 5378 3136 5430 eruditus
3147 5416 3159 5437 ,
3174 5393 3295 5432 non
3311 5381 3511 5435 solum
3534 5384 3609 5436 de
3623 5383 3787 5434 novis-

2206 5446 2401 5519 simis,
2413 5457 2543 5519 (gite
2558 5449 2859 5499 sentienda
2879 5455 3037 5514 sunt,
3055 5455 3325 5515 agnoscit
3352 5472 3365 5504 :
3383 5456 3491 5507 sed
3510 5457 3678 5508 etiam
3687 5464 3786 5519 pro-

2204 5521 2330 5593 pter
2359 5514 2535 5586 37o
2584 5519 2749 5593 quodi
2763 5520 2898 5593 data
2922 5527 3061 5593 sunt
3082 5514 3255 5576 malis
3276 5526 3456 5593 bona,
3481 5514 3780 5591 intellig—ens

2203 5586 2479 5650 insinuat,
2509 5603 2641 5642 cum
2665 5592 2970 5656 subjungit
2997 5611 3009 5641 :

2394 5661 2773 5734 Verumtamen
2812 5669 3035 5728 propter
3078 5666 3228 5717 dolos
3266 5670 3506 5734 posuisti
3537 5672 3628 5733 eis,
3658 5667 3777 5719 sub-

2200 5729 2386 5806 tangis,
2418 5732 2671 5806 divitias,
2685 5734 2747 5785 in
2769 5735 2985 5798 quibus
3029 5729 3355 5805 conﬁduhc,
3383 5754 3531 5806 quas
3566 5729 3771 5793 fallaciis

2198 5799 2461 5879 dolisque
2485 5804 2857 5879 adepti_sunt._
2881 5808 3008 5860 Non
3028 5808 3141 5862 hoc
3162 5810 3246 5864 ita
3269 5799 3665 5879 accipiendum
3679 5813 3766 5869 est.

2197 5875 2265 5926 ut
2283 5875 2646 5941 omnipotens
2664 5877 2821 5931 Deus
2841 5877 2960 5944 (qui
2977 5880 3179 5946 justus
3200 5885 3314 5951 est,
3339 5875 3423 5940 et_
3433 5887 3640 5949 bonus)
3660 5882 3764 5936 hac
