3880 6222
63 340 144 396 45
1049 347 1126 399 IN
1158 345 1484 402 PSALMOS
1514 344 1726 401 LXXV
1758 348 2343 405 COMMENTARIUS.

3242 351 3349 411 946

61 456 386 540 emporalia
403 459 559 540 bona
579 460 748 540 malis
769 464 1000 540 propter
1030 462 1192 540 dolos
1222 464 1521 540 ponat._ut
1540 475 1647 540 po-
1666 464 1724 540 Α
1748 462 2221 540 demonstrantur
2244 465 2415 540 valde
2440 465 2621 540 utilia.
2637 466 2825 519 Primo
2847 466 3043 521 fervor
3055 466 3346 522 caritatis:

62 529 230 579 endo
255 530 385 582 hmc
409 531 491 582 sic
510 544 610 583 eos
627 532 891 597 decipere
907 535 1197 586 intendat:
1222 535 1322 585 sed
1347 534 1407 585 in
1430 534 1522 585 his
1545 535 1647 585 bo-

68 599 146 661 is,
174 612 312 663 quae
351 602 499 653 bene
532 603 659 667 ipse
688 605 786 667 qui
822 605 1013 655 bonus
1051 610 1159 666 est,
1187 604 1353 655 malis
1379 604 1647 668 ponendo

61 670 261 733 ribuit,
294 672 423 736 ipsa
456 685 656 725 eorum
691 676 965 727 voluntas
1007 689 1201 740 prona,
1241 681 1300 727 et
1336 689 1646 740 perversus

69 755 185 793 sus
204 744 430 808 seipsos
445 752 840 809 corrumpunt.
861 749 1007 798 Nam
1022 748 1273 811 acceptis
1296 759 1332 798 a
1358 749 1508 799 bono
1526 750 1644 800 Deo

61 816 286 866 errenis
310 816 497 877 bonis,
524 818 680 870 unde
704 819 973 871 meliores
1000 821 1145 870 bene
1168 819 1564 884 dispensando
1587 825 1644 872 et

62 885 485 939 ﬁsericorditer
502 889 800 953 largiendo
822 903 951 941 esse
974 890 1319 950 debuerunt,
1350 891 1483 942 inde
1513 904 1644 955 pro-

62 956 156 1007 rio
172 958 313 1009 vitio
338 971 460 1010 sum
477 961 807 1024 cupiditatis
825 966 884 1013 et
899 963 1186 1025 superbim
1203 963 1471 1025 corrupti,
1491 961 1642 1013 falla-

61 1027 174 1089 ias,
212 1028 397 1092 dolos,
426 1031 695 1094 invidias,
730 1038 789 1085 et
817 1038 1027 1085 eietera
1062 1033 1213 1084 mala
1236 1038 1637 1085 exercuerunt.

61 1099 427 1149 'erumtamen
445 1103 668 1167 (inquit)
693 1112 911 1169 propter
926 1104 1071 1154 dolos
1089 1105 1319 1168 posuisti
1334 1105 1425 1154 eis.
1451 1108 1638 1166 Quan-

62 1182 217 1221 uam
255 1172 441 1224 dicam
474 1174 534 1226 in
569 1176 908 1227 novissimis
932 1188 1151 1238 eorum,
1177 1181 1371 1229 tamen
1408 1175 1502 1227 hic
1517 1177 1640 1239 jam

64 1242 474 1296 uodammodo
510 1248 681 1310 punis
710 1260 810 1298 eos
850 1248 1075 1298 occulto
1107 1247 1344 1310 judicio.
1382 1247 1544 1299 Unde
1583 1251 1641 1298 et

59 1312 266 1364 ubdit:
289 1314 529 1378 Dejecisti
551 1332 635 1365 eos
652 1318 783 1367 dum
799 1318 1180 1369 alienarentur.
1209 1320 1337 1369 Non
1358 1317 1514 1380 dicit,
1541 1318 1640 1369 De-

59 1384 230 1435 :cisti
256 1397 375 1449 eos,
401 1387 538 1449 quia
557 1388 690 1439 elati
715 1394 878 1440 sunt:
901 1389 1001 1439 sed
1026 1390 1085 1440 in
1112 1402 1178 1440 eo
1204 1389 1347 1453 ipso,
1366 1402 1478 1453 quo
1503 1394 1639 1442 sunt

59 1455 192 1518 lati,
220 1463 359 1509 sunt
382 1458 606 1523 dejecti.
631 1461 721 1511 Sic
746 1461 898 1512 enim
923 1461 1127 1519 efferri,
1141 1463 1263 1523 jam
1288 1461 1488 1512 cadere
1515 1466 1634 1512 est:

59 1532 82 1576 t
106 1534 334 1591 quanto
351 1531 538 1594 magis
554 1531 898 1587 exaltantur,
924 1534 981 1584 et
997 1533 1341 1597 superbiunt
1357 1534 1635 1595 exterius,

59 1603 200 1650 into
225 1602 413 1665 magis
436 1608 808 1655 excaecantur
822 1604 1085 1655 interius.
1121 1606 1243 1666 Quo
1278 1603 1409 1667 plus
1433 1616 1638 1656 ascen-

65 1676 205 1729 unt,
224 1684 291 1722 eo
316 1674 564 1737 amplius
590 1675 1080 1737 quemadmodum
1104 1674 1297 1726 fumus
1311 1682 1633 1724 evanescunt.

59 1742 202 1793 inde
226 1748 285 1794 et
318 1744 654 1797 admirando
677 1746 943 1812 adjungit
966 1764 977 1795 :

1746 535 1951 588 deinde
1987 537 2346 590 mortificatio
2383 538 2614 590 carnis:
2656 540 3029 602 postmodum
3076 541 3347 605 perfectio

1741 607 2104 659 humilitatis.
2130 610 2193 659 In
2220 621 2387 659 versu
2404 621 2540 659 vero
2565 607 2663 671 qui
2689 610 2972 674 sequitur,
2992 609 3129 672 duo,
3154 611 3212 662 id
3236 616 3343 674 est,

1743 678 2088 743 obedientia,
2132 683 2189 731 et
2231 678 2668 743 perseverantia,
2713 680 3209 733 commendantur.
3250 682 3347 734 Ait

1742 762 1899 801 enim
1925 766 1938 800 Ξ

1803 820 1889 875 23.
1925 822 1989 871 Ut
2003 821 2316 886 jumentum
2340 821 2517 885 factus
2530 836 2653 871 sum
2679 822 2829 887 apud
2852 826 2913 880 te,
2941 826 2988 871 et
3026 836 3117 886 ego
3139 836 3348 887 semper

1743 897 1929 943 tecum.
1951 894 2131 945 Foelix
2144 895 2353 954 anima,
2374 905 2506 956 qum
2527 898 2718 957 potest
2729 894 3200 956 essejumentum
3219 894 3344 955 Dei,

1739 968 1805 1014 ut
1822 977 1921 1027 pro
1938 966 2065 1028 ejus
2090 978 2285 1017 amore
2302 969 2623 1027 mansueta,
2643 969 2699 1015 et
2714 965 2868 1015 mitis
2888 966 3081 1015 omnia
3098 964 3346 1017 libenter

1742 1034 1900 1097 ferat,
1920 1037 2113 1088 omnia
2131 1038 2411 1101 patienter
2424 1037 2710 1087 sustineat
2735 1034 2801 1099 (1.
2824 1035 2945 1085 Cor.
2960 1033 3096 1098 13.):
3124 1039 3182 1088 et
3197 1038 3351 1089 sicut

1739 1105 1884 1158 bene
1901 1109 2095 1171 cmpit,
2110 1108 2192 1160 ita
2208 1121 2436 1172 semper
2460 1107 2735 1171 proficiat,
2754 1107 2812 1157 in
2827 1106 3123 1170 proposito
3145 1111 3347 1158 sancto

1740 1190 1967 1242 semper
1981 1192 2115 1230 cum
2129 1182 2243 1231 Deo
2253 1184 2584 1245 permaneat
2595 1179 2693 1241 ita,
2706 1180 2770 1229 ut
2786 1177 2859 1229 ab
2876 1192 2933 1225 eo
2947 1179 3105 1226 nullis
3120 1180 3347 1226 tentatio-

1738 1249 1913 1299 nibus
1931 1256 2243 1315 separetur,
2259 1250 2434 1303 nullis
2450 1249 2904 1302 adversitatibus
2916 1253 3176 1297 moveatur
3194 1261 3207 1297 :
3222 1263 3352 1309 qua-

1740 1324 1910 1372 tenus
1956 1321 2236 1373 veraciter
2266 1323 2449 1387 possit
2486 1322 2692 1383 dicere,
2718 1325 2763 1370 et
2801 1335 2892 1384 ego
2920 1334 3127 1383 semper
3156 1323 3349 1369 tecum.

1737 1390 1890 1441 Talis
1918 1398 2040 1443 erat
2062 1394 2293 1455 Paulus,
2319 1406 2452 1445 cum
2485 1406 2548 1445 se
2570 1393 2883 1447 affirmaret
2905 1389 3081 1443 nullis
3108 1390 3349 1443 tribula-

1734 1463 2008 1525 tionibus,
2027 1465 2207 1517 nullis
2221 1465 2525 1530 angustiis,
2542 1464 2705 1516 nulla
2719 1464 2953 1515 demum
2966 1468 3230 1516 creatura
3260 1475 3347 1515 se-

1736 1535 1920 1598 parari
1944 1548 2112 1599 posse
2134 1549 2169 1588 a
2192 1538 2426 1589 caritate
2442 1537 2563 1599 Dei,
2591 1548 2724 1599 qum
2752 1540 2843 1587 est
2863 1535 2923 1585 in
2952 1535 3177 1587 Christo
3205 1536 3350 1587 Jesu

1738 1604 1906 1666 (Rom.
1932 1604 2022 1668 8.).
2049 1608 2119 1657 Et
2151 1619 2225 1658 ne
2250 1606 2360 1658 hoc
2401 1607 2523 1657 suis
2553 1607 2771 1657 viribus
2806 1604 3094 1657 ascribere
3118 1604 3350 1658 videre-

1736 1680 1846 1739 tur,
1872 1677 2115 1740 gratiam
2148 1679 2249 1729 Dei
2278 1678 2647 1729 commendat
2671 1677 2868 1727 dicens
2895 1693 2906 1724 :

1797 1746 1885 1800 24.
1927 1748 2165 1797 Tenuisti
2189 1764 2421 1798 manum
2459 1749 2736 1797 dexteram
2760 1761 2955 1807 meam,
2986 1750 3033 1795 et
3067 1748 3128 1796 in
3152 1746 3350 1797 volun-

90 1812 187 1865 19.
227 1814 497 1872 Quomodo
520 1818 650 1880 facti
664 1824 793 1867 sunt
817 1819 878 1867 in
902 1818 1278 1867 desolationem
1302 1820 1327 1869 .9
1351 1816 1461 1869 Ubi
1480 1816 1636 1868 enim
1664 1877 1702 1882 _
1740 1820 1843 1866 tate
1861 1822 1954 1867 tua
1972 1819 2245 1869 dedumisti
2270 1835 2370 1881 me,
2388 1823 2577 1869 etcum
2599 1818 2778 1882 gloria
2801 1817 3077 1882 suscepisti
3098 1832 3200 1869 me.
3227 1819 3348 1869 Ma-

59 1884 330 1947 uperbia,
347 1886 424 1937 ibi
440 1877 736 1941 desolatio.
758 1892 902 1940 Nam
918 1889 1057 1940 dum
1074 1901 1237 1940 mens
1251 1887 1545 1940 extollitur
1561 1888 1633 1939 ab
1663 1877 1718 1952 B
1740 1901 1882 1939 num
1909 1902 2076 1942 suam
2094 1891 2232 1943 dicit
2254 1877 2427 1956 opera
2443 1903 2566 1942 sua.
2584 1877 2910 1952 Dexteram,
2937 1877 3167 1953 propter
3186 1893 3348 1941 aiter-

64 1955 196 2005 mni
215 1956 447 2021 virtute,
469 1960 542 2010 ab
566 1960 722 2012 omni
748 1960 937 2011 fructu
960 1960 1095 2011 boni
1120 1959 1310 2023 operis
1335 1962 1635 2010 vacuatur.

60 2028 253 2090 {agna
267 2040 496 2093 quoque
520 2030 801 2083 desolatio
826 2037 932 2092 est,
950 2032 1050 2082 ubi
1074 2033 1230 2083 Deus
1250 2043 1368 2082 non
1392 2035 1482 2082 est
1510 2043 1641 2094 pro‘

58 2102 166 2148 iter
179 2100 334 2161 quod
350 2106 409 2152 et
426 2101 611 2151 Subito
633 2103 951 2167 defecerunt.
972 2103 1173 2155 Subito
1190 2103 1539 2153 amittuntur
1556 2105 1643 2150 ho-

57 2182 212 2220 lores
239 2186 251 2221 :
277 2171 388 2223 cito
425 2174 711 2225 amittitur
736 2174 1020 2238 potentia:
1060 2175 1251 2225 subito
1286 2174 1445 2225 venit
1476 2172 1640 2223 dam-

57 2253 202 2301 lum,
226 2243 500 2306 quicquid
515 2246 900 2309 temporaliter
915 2245 1263 2309 possidetur,
1289 2244 1483 2295 subito
1500 2255 1640 2295 eva-

60 2316 261 2364 uatur.
303 2315 440 2367 Inde
479 2316 551 2368 de
581 2317 834 2379 quodam
867 2317 1158 2367 invenitur
1190 2317 1245 2366 in
1288 2315 1595 2378 Evangelio
1623 2328 1636 2365 :

57 2384 241 2447 .tulte,
266 2384 373 2437 hac
397 2392 564 2439 nocte
588 2390 783 2440 anima
813 2393 912 2440 tua
937 2388 1169 2439 tolletur
1198 2400 1232 2438 a
1254 2392 1311 2438 te
1337 2389 1477 2450 (Luc.
1504 2386 1635 2450 ‘21.).

57 2458 105 2506 It
129 2461 433 2519 postquam
458 2460 809 2523 defecerunt,
831 2461 1117 2509 Perierunt
1137 2464 1353 2523 propter
1375 2458 1639 2522 iniquita-

57 2542 140 2576 ειη
155 2542 333 2580 suam.
354 2532 474 2582 Hoc
485 2532 606 2595 jam
625 2545 779 2596 saepe
796 2532 1054 2595 contigit,
1079 2536 1138 2583 et
1153 2530 1408 2594 quotidie
1424 2529 1639 2581 contin-

57 2600 137 2657 iit.
166 2599 319 2650 Talis
345 2606 434 2652 est
473 2603 692 2654 fructus
729 2604 1080 2654 divitiarum.
1112 2605 1248 2652 Haec
1283 2605 1422 2652 sunt
1444 2600 1639 2652 novis-

59 2672 207 2730 ima,
225 2684 357 2735 quin
373 2673 656 2738 intelligit,
686 2675 785 2737 qui
799 2674 860 2724 in
882 2674 987 2725 Dei
1004 2672 1396 2724 sanctuarium
1412 2674 1634 2721 intravit.

57 2746 272 2805 'ropter
294 2743 658 2807 iniquitatem
684 2758 849 2797 suam
875 2749 1135 2809 pereunt,
1163 2744 1261 2807 qui
1286 2748 1512 2794 terrena
1536 2756 1638 2793 cu-

57 2814 284 2876 lierunt,
304 2817 404 2878 qui
426 2817 487 2867 in
503 2818 774 2881 superbia
795 2820 1167 2880 evanuerunt,
1183 2815 1281 2879 qui
1298 2815 1356 2865 in
1373 2814 1639 2878 volupta-

57 2886 196 2935 ibus
226 2886 347 2938 suis
385 2892 664 2952 tanquam
702 2902 928 2954 semper
953 2888 1180 2947 victuri,
1213 2886 1452 2938 radicati
1479 2890 1635 2937 sunt.

55 2957 144 3007 Ibi
171 2958 351 3021 gloria
364 2958 593 3011 illorum
618 2964 646 3011 εὶ
668 2961 768 3012 ubi
784 2961 1070 3025 potentia?
1094 2958 1194 3010 ubi
1219 2970 1352 3023 pax,
1378 2957 1476 3009 ubi
1492 2957 1639 3009 divi-

58 3027 252 3078 iarum
277 3029 627 3082 abundantia
644 3034 671 3081 ?

102 3098 193 3153 ‘20.
227 3100 375 3150 Velut
396 3104 674 3152 somnium
698 3102 1055 3167 surgentium.
1083 3101 1174 3153 Sic
1197 3098 1392 3152 omnia
1413 3098 1632 3151 defece-

56 3176 194 3221 unt.
220 3174 335 3223 Fac
358 3172 652 3225 hominem
671 3174 775 3237 (Ea:
797 3173 1044 3237 August.)
1068 3172 1128 3224 in
1146 3171 1367 3223 somnis
1397 3182 1460 3222 se
1481 3170 1636 3223 inve-

55 3243 162 3321 tire
188 3243 510 3321 thesauros.
532 3245 1120 3321 Pauper_dorn_1ierat_:
1146 3244 1208 3295 in
1230 3242 1450 3321 somnis
1470 3242 1637 3294 dives
1666 3244 1715 3321 ρ

55 3319 146 3377 :St,
167 3314 269 3366 sed
285 3316 466 3367 donec
477 3317 723 3379 evigilet.
741 3316 1065 3380 Evigilavit,
1082 3316 1638 3367 invenitaerumnam

55 3397 227 3449 .uam,
252 3398 427 3449 quam
452 3387 748 3439 dimiserat
779 3387 1084 3439 dormiens.
1113 3388 1183 3438 Et
1217 3386 1315 3437 isti
1345 3384 1639 3436 miseriam

55 3469 229 3517 .uam,
243 3469 415 3520 quam
431 3458 538 3508 sibi
554 3461 1043 3523 comparaverant,
1066 3457 1364 3508 invenient
1378 3468 1509 3506 eum
1532 3455 1641 3507 evi-

55 3528 365 3590 gilaverint.
391 3531 565 3591 Quasi
595 3531 749 3582 enim
782 3530 955 3581 modo
978 3529 1272 3580 dormiunt
1294 3528 1354 3578 in
1382 3530 1637 3591 peccato,

55 3600 179 3649 lum
196 3599 498 3663 tranquille
514 3602 736 3665 vivunt,
754 3601 897 3653 dum
913 3605 1210 3652 venturam
1226 3598 1516 3650 miseriam
1533 3613 1637 3647 non

55 3670 357 3722 .ttendunt.
372 3673 507 3723 Com
515 3672 796 3736 pellentur
811 3675 1195 3737 postmortem
1210 3670 1498 3735 evigilare,
1521 3685 1637 3718 cum

55 3741 104 3791 le
130 3741 339 3804 seipsis
355 3742 633 3808 incipient
646 3744 927 3796 rationem
950 3743 1206 3796 reddere.
1236 3744 1301 3793 Et
1319 3746 1454 3793 tunc
1477 3753 1638 3792 vera-

62 3812 176 3863 iter
198 3811 463 3866 deficient
479 3820 536 3866 et
551 3816 833 3879 peribunt,
854 3814 1089 3878 quando
1103 3813 1450 3877 implebitur,
1479 3812 1635 3876 quod

63 3884 390 3936 ubinfertur
416 3902 426 3934 :
455 3886 700 3947 Domine,
728 3887 789 3935 in
812 3887 1022 3935 civitate
1056 3891 1151 3934 tua
1174 3885 1473 3947 imaginem
1497 3884 1637 3948 ipso-

60 3970 162 4004 um
184 3955 258 4003 ad
281 3956 524 4006 nihilum
537 3958 759 4020 rediges.
789 3959 990 4009 Nonne
1007 3956 1166 4020 digni
1186 3960 1326 4006 sunt
1347 3955 1476 4007 hmc
1499 3954 1636 4019 pati,

55 4031 92 4076 tl.
107 4028 271 4077 Deus
284 4026 344 4077 in
367 4027 594 4080 civitate
611 4041 719 4080 sua
741 4029 1022 4093 imagines
1053 4028 1309 4091 ipsorum
1325 4029 1385 4075 ad
1414 4028 1636 4074 nihilum

55 4097 276 4161 edigat,
289 4098 426 4161 quia
441 4103 499 4150 et
514 4099 623 4163 ipsi
637 4100 694 4150 in
705 4100 938 4151 civitate
957 4111 1065 4150 sua
1081 4103 1307 4149 terrena
1324 4096 1638 4160 imaginem

55 4168 133 4219 )ei
158 4167 233 4218 ad
249 4168 490 4220 nihilum
517 4170 905 4232 redegerunt?
922 4169 1024 4221 Vel
1050 4167 1379 4219 transitoria
1402 4167 1553 4218 bona
1579 4169 1639 4217 et

55 4250 324 4290 errenam
362 4240 603 4303 gloriam
640 4241 750 4292 dici
777 4253 978 4292 eorum
1001 4238 1336 4303 imaginem,
1360 4237 1499 4299 quia
1527 4237 1636 4288 etsi

55 4322 146 4362 ton
173 4310 334 4371 dant,
359 4315 549 4363 tamen
572 4312 920 4375 promittunt
943 4309 1379 4362 beatitudinem.
1406 4309 1545 4368 Quae
1577 4308 1635 4359 in

58 4382 269 4434 ivitate
293 4383 396 4434 Dei
419 4383 493 4435 ad
516 4383 765 4435 nihilum
788 4383 1144 4446 rediguntur,
1171 4380 1380 4444 quiain
1406 4383 1639 4431 sancto-

55 4467 164 4506 um
181 4454 474 4516 cordibus,
499 4455 598 4517 qui
615 4460 754 4506 sunt
768 4455 870 4506 Dei
885 4454 1110 4514 civitas,
1130 4454 1251 4503 tota
1264 4452 1393 4504 haec
1414 4455 1639 4503 terrena

56 4526 213 4577 loria
241 4530 301 4576 et
348 4525 567 4578 divitiae
600 4539 701 4591 pro
733 4524 912 4578 nihilo
954 4527 1312 4589 reputantur.
1361 4519 1510 4589 37|
1568 4524 1638 4574 Et

56 4596 201 4659 ,uasi
224 4595 358 4659 quis
381 4594 623 4649 diceret:
652 4598 697 4648 Ο
723 4601 787 4648 tu
811 4596 1030 4660 Asaph,
1047 4595 1202 4646 unde
1225 4593 1347 4652 tibi,
1374 4593 1531 4656 quod
1560 4592 1640 4644 ita

1742 1971 1876 2011 nam
1895 1962 2095 2014 vitam.
2125 1966 2250 2014 Non
2275 1965 2425 2014 enim
2450 1974 2552 2026 pro
2577 1961 2818 2013 terrenis
2842 1961 3207 2026 operabatur,
3238 1960 3340 2012 sed

1740 2043 1841 2095 pro
1871 2034 2123 2084 aeternis.
2154 2036 2336 2085 Juxta
2360 2033 2514 2097 quod
2538 2032 2818 2097 scriptum
2847 2036 2937 2084 est
2963 2046 2975 2082 :
3004 2032 3237 2083 Nesciat
3265 2031 3344 2083 si-

1738 2103 1921 2155 nistra
1960 2109 2073 2166 tua,
2110 2105 2249 2168 quid
2281 2105 2452 2156 faciat
2487 2104 2723 2155 dextera
2746 2106 2846 2154 tua
2871 2102 3080 2167 (Matth.
3108 2101 3198 2165 6.).
3229 2103 3345 2154 Nec

1736 2173 1847 2225 hoc
1872 2174 2115 2226 faciebat
2133 2176 2351 2227 viribus
2373 2176 2516 2239 suis,
2537 2174 2638 2227 sed
2656 2174 2887 2225 tenebat
2909 2173 3345 2237 etgubernabat

1735 2244 1831 2296 ille
1857 2246 1954 2308 qui
1971 2246 2074 2297 ait:
2095 2247 2223 2298 Sine
2248 2260 2340 2298 me
2365 2246 2507 2297 nihil
2532 2244 2775 2309 potestis
2798 2245 2981 2297 facere
3014 2241 3339 2306 (Joan.15.).

1737 2317 1997 2379 Quadam
2009 2317 2103 2369 hic
2114 2317 2490 2369 similitudine
2509 2316 2783 2379 loquitur.
2798 2316 2955 2367 Sicut
2971 2315 3124 2366 enim
3135 2314 3343 2377 aliquis

1737 2401 1896 2453 puer,
1931 2389 2020 2440 vel
2060 2390 2325 2440 infirmus
2358 2402 2457 2453 per
2490 2401 2551 2439 se
2573 2388 2654 2439 ire
2687 2399 2807 2438 non
2826 2387 2999 2450 valet,
3022 2386 3135 2437 nisi
3166 2398 3345 2437 manu

1738 2462 2028 2512 teneatur:
2044 2461 2126 2511 sic
2144 2465 2304 2512 tanta
2318 2465 2408 2512 est
2429 2458 2790 2511 imbecillitas
2806 2462 3024 2518 nostra,
3049 2461 3116 2509 ut
3129 2460 3181 2505 in
3195 2460 3346 2506 bono-

1735 2543 1837 2595 per
1860 2543 1923 2582 se
1947 2532 2221 2594 prolicere
2244 2532 2484 2582 minime
2501 2529 2702 2589 valeat,
2730 2529 2841 2580 nisi
2864 2541 2991 2580 eam
3015 2527 3215 2579 divina
3237 2527 3346 2579 vir-

1736 2606 1830 2652 tus
1856 2614 2083 2666 semper
2101 2606 2292 2653 teneat
2313 2606 2372 2653 et
2399 2601 2603 2653 trahat.
2622 2601 2713 2651 Me
2736 2610 2967 2663 quoque
2989 2598 3220 2662 (inquit)
3243 2611 3341 2663 po-

1737 2673 1912 2723 situm
1926 2673 1985 2723 in
1998 2673 2296 2725 voluntate
2309 2672 2728 2737 tuaimplenda,
2742 2675 2809 2722 ut
2817 2682 3121 2733 nunquam
3133 2669 3341 2721 faciam

1736 2743 1849 2794 nisi
1873 2744 2028 2807 quod
2052 2749 2117 2795 tu
2140 2744 2405 2803 volueris,
2432 2743 2730 2796 deduxisti
2752 2740 2823 2792 de
2845 2741 3054 2792 virtute
3077 2741 3139 2791 in
3160 2740 3341 2792 virtu-

1740 2819 1884 2865 tem:
1920 2818 1977 2866 et
2010 2815 2267 2879 tandem,
2301 2830 2425 2864 cum
2466 2814 2644 2879 gloria
2682 2812 2960 2875 suscepisti
2998 2826 3100 2871 me,
3135 2811 3193 2863 id
3230 2816 3339 2872 est,

1737 2886 2017 2950 suscipies
2040 2899 2152 2938 me.
2184 2886 2366 2939 Fcelix
2397 2891 2487 2938 est
2520 2885 2616 2937 illa
2638 2883 2850 2943 anima,
2884 2894 3019 2946 quae
3048 2882 3340 2935 voluntati

1735 2957 1837 3008 Dei
1869 2970 2094 3022 semper
2131 2960 2219 3011 est
2261 2958 2512 3019 subdita,
2548 2962 2610 3009 ut
2642 2955 2785 3007 illud
2816 2953 2974 3017 velit,
3015 2952 3171 3017 quod
3213 2954 3340 3006 vult

1736 3029 1895 3081 Deus
1919 3042 1932 3077 :
1959 3032 2018 3080 et
2036 3028 2176 3080 illud
2196 3030 2480 3093 reprobet,
2509 3026 2663 3092 quod
2684 3025 2951 3091 reprobat
2972 3025 3130 3076 Deus
3156 3039 3168 3074 :
3187 3025 3244 3075 et
3274 3035 3338 3076 se

1736 3101 1914 3150 totam
1930 3099 2011 3151 ita
2032 3099 2156 3151 sine
2172 3099 2290 3151 ulla
2310 3098 2759 3152 contradictione
2780 3095 2996 3149 divina
3016 3094 3338 3147 committat

1734 3170 2038 3235 voluntati,
2065 3175 2131 3223 ut
2146 3170 2420 3235 quicquid
2436 3169 2699 3227 voluerit,
2721 3171 3003 3230 tanquam
3025 3165 3339 3226 dejumento

1738 3253 1841 3292 suo
1864 3241 2033 3293 faciat
2058 3255 2205 3305 :quo
2236 3242 2500 3305 voluerit,
2532 3241 2724 3292 ducat.
2760 3240 3054 3290 Ducturus
3076 3242 3166 3290 est
3187 3237 3343 3289 enim

1737 3315 1893 3365 Deus
1920 3312 2093 3365 talem
2123 3315 2375 3365 animam
2408 3314 2467 3364 in
2500 3312 2740 3377 gloriam
2765 3322 2949 3362 suam.
2982 3310 3122 3362 Hmc
3161 3308 3344 3373 gloria

1740 3384 1957 3436 sanctis
1970 3390 2328 3448 praeparatur
2347 3384 2405 3436 in
2419 3383 2578 3443 caelo,
2600 3394 2732 3446 qua)
2753 3393 2892 3433 vere
2914 3380 3062 3432 mira
3078 3383 3138 3432 et
3152 3378 3344 3431 inetia-

1736 3455 1868 3507 bilis
1892 3460 1999 3508 est.
2024 3456 2188 3508 Unde
2216 3456 2510 3508 admirans
2533 3454 2613 3506 ait
2640 3468 2654 3505 :

1799 3526 1887 3581 25.
1913 3528 2057 3586 Quid
2078 3530 2226 3577 enim
2249 3528 2393 3578 mihi
2415 3532 2487 3577 est
2510 3528 2571 3575 in
2594 3524 2715 3576 caelo
2740 3528 2765 3577 .9
2793 3523 2861 3575 Et
2892 3521 3065 3587 coepit
3088 3522 3341 3586 cogitare

1739 3596 2285 3663 fmlicitatemipsam
2306 3596 2619 3657 caelestem,
2645 3600 2703 3647 et
2724 3606 2968 3658 arguere
2987 3605 3068 3655 se,
3084 3592 3227 3663 quia
3242 3599 3343 3643 ter-

1736 3681 1878 3720 rena
1906 3662 2333 3733 desideraverit,
2358 3668 2557 3720 dicens
2583 3682 2595 3718 :
2623 3667 2691 3716 Et
2720 3682 2756 3715 α
2778 3670 2823 3714 te
2852 3664 2987 3729 quid
3008 3662 3156 3713 volui
3176 3677 3342 3727 super

1738 3744 1941 3789 terram
1964 3744 1989 3791 9
2021 3741 2387 3805 Comparavit
2435 3741 2542 3803 (Ea:
2595 3739 2846 3802 August.,
2892 3734 3185 3805 voluntati
3212 3745 3341 3786 sua

1740 3814 2005 3875 terrenae,
2039 3804 2364 3876 praemium,
2400 3810 2553 3875 quod
2588 3812 2935 3872 accepturus
2964 3809 3056 3857 est
3087 3804 3340 3876 caleste.

1739 3879 1914 3948 372
1946 3874 2122 3943 Vidit,
2150 3883 2289 3947 quid
2314 3883 2393 3933 ibi
2414 3874 2742 3933 Servaretur
2772 3878 2901 3940 sibi,
2919 3881 2977 3929 et
3000 3875 3259 3941 cogitans
3281 3874 3343 3927 et

1737 3954 2067 4005 testuansin
2083 3954 2427 4015 cogitatione
2443 3952 2748 4015 cujusdam
2769 3948 2850 4001 rei
2872 3949 3163 4010 ineffabilia,
3188 3960 3340 4008 quam

1736 4035 1843 4074 nec
1867 4024 2073 4076 oculus
2089 4026 2252 4087 vidit,
2270 4036 2377 4075 nec
2393 4024 2547 4074 auris
2571 4021 2811 4079 audivit,
2836 4032 2944 4071 nec
2967 4018 3029 4069 in
3051 4030 3148 4069 cor
3170 4018 3340 4065 homi-

1736 4094 1829 4145 nis
1852 4095 2115 4146 ascendit
2136 4094 2205 4159 (1.
2228 4094 2348 4145 Cor.
2365 4091 2459 4155 2.):
2480 4090 2786 4154 nondixit,
2806 4088 2955 4140 Illud
2971 4092 3030 4139 et
3050 4087 3193 4159 illud
3204 4090 3338 4159 mihi

1737 4170 1828 4218 est
1850 4166 1912 4217 in
1936 4166 2077 4218 caelo
2102 4181 2115 4217 :
2153 4164 2255 4217 sed
2292 4164 2430 4228 quid
2465 4163 2609 4212 mihi
2633 4167 2705 4212 est
2748 4162 2810 4210 in
2833 4159 2951 4210 caelo
2974 4160 2999 4208 3
3018 4158 3166 4220 Quid
3198 4158 3340 4210 illud

1737 4241 1878 4290 est?
1904 4240 2198 4300 Quantum
2230 4238 2365 4287 est?
2387 4234 2566 4297 Quale
2589 4235 2718 4286 est?
2737 4234 2809 4283 Et
2829 4243 2964 4282 cum
2986 4232 3220 4281 tantum
3244 4228 3339 4290 sit,

1737 4309 1887 4374 quod
1909 4309 2092 4360 habeo
2116 4309 2177 4359 in
2195 4307 2355 4370 caelo,
2375 4322 2411 4355 a
2429 4311 2473 4355 te
2488 4304 2625 4370 quid
2644 4303 2791 4352 volui
2808 4316 2971 4366 super
2986 4302 3225 4374 terram?
3239 4301 3340 4348 Cur

1737 4371 1998 4444 unquam
2012 4383 2240 4432 terrena
2257 4376 2414 4431 volui
2423 4379 2451 4427 ‘i
2469 4378 2583 4427 Cur
2595 4385 2850 4437 unquam
2864 4371 3147 4444 transitoria
3158 4383 3340 4444 concu-

1739 4439 1857 4517 pivi
1883 4453 1910 4501 ‘l
1943 4452 2150 4504 Servas
2170 4448 2391 4515 (inquit)
2415 4446 2558 4498 mihi
2596 4444 2748 4517 tuin
2784 4441 2926 4517 caelo
2961 4439 3191 4517 divitias
3223 4439 3337 4517 im:-

1739 4508 2037 4585 inortales,
2062 4508 2348 4584 teip'sum:
2376 4508 2436 4569 et
2457 4529 2563 4580 ego
2588 4513 2746 4567 volui
2770 4525 2805 4565 a
2830 4514 2888 4564 te
2910 4511 2971 4563 in
2993 4515 3153 4585 terra,
3180 4508 3336 4585 quod

1739 4593 1958 4645 habent
1996 4580 2054 4645 et
2089 4580 2266 4655 impii,
2309 4587 2530 4640 scilicet
2566 4597 2773 4638 aurum
2813 4587 2874 4655 et
2894 4584 3219 4646 argentum.
3246 4580 3338 4655 Sic

55 4650 319 4730 )queri-s?
342 4667 497 4721 unde
520 4668 623 4720 tibi
649 4672 847 4720 tantus
869 4650 1062 4719 rerum
1087 4650 1487 4731 temporalium
1510 4676 1637 4716 con-
1657 4662 1716 4737 D
1739 4664 1880 4716 dum
1905 4663 2160 4737 caelestia
2174 4650 2501 4713 admiratur
2522 4658 2632 4709 iste
2657 4654 2873 4737 Asaph,
2898 4657 2956 4706 et
2981 4650 3337 4737 terrenader

55 4740 289 4802 emptus
319 4742 342 4786 7
364 4739 443 4790 ait
473 4754 486 4789 :

82 4808 154 4862 21
166 4845 178 4859 .
204 4809 347 4867 Quia
368 4810 774 4873 inﬂammatum
791 4812 861 4859 est
876 4823 968 4859 cor
982 4823 1181 4858 meum.
1203 4809 1347 4859 Nam
1363 4807 1637 4871 quoniam

55 4893 160 4944 gne
186 4881 375 4932 sancti
394 4881 641 4946 Spiritus
660 4884 993 4932 sanctorum
1013 4880 1186 4931 corda
1208 4891 1454 4931 accensa
1477 4882 1633 4942 sunt,

58 4950 169 5001 ihil
185 4951 300 5001 nisi
314 4952 633 5016 spiritualia
648 4952 975 5004 desiderare
988 4956 1249 5016 possunt.
1268 4950 1415 5001 Hinc
1428 4949 1637 5001 Paulus

56 5023 324 5086 dmonet,
353 5024 589 5075 dicens:
633 5022 845 5086 Spiritu
890 5023 1200 5086 ferventes,
1241 5022 1484 5073 Domino
1516 5033 1638 5072 ser-

59 5094 259 5145 ientes
292 5095 463 5158 (Rom.
492 5094 617 5158 19.).
645 5096 713 5146 Et
735 5094 1010 5157 quoniam
1041 5094 1142 5146 Dei
1164 5106 1326 5145 amor
1347 5091 1633 5145 carnalem

55 5165 319 5216 onsumit
338 5166 716 5231 voluptatem,
733 5169 886 5217 recte
905 5167 1033 5229 subj
1044 5165 1207 5229 ungit
1231 5182 1241 5213 :
1270 5165 1336 5213 Et
1358 5178 1507 5213 renes
1530 5162 1636 5212 mei

55 5238 351 5286 9mmutati
372 5243 520 5295 sunt,
540 5238 598 5289 id
621 5242 730 5300 est,
752 5238 1012 5290 carnales
1037 5236 1448 5289 delectationes
1475 5247 1633 5286 com-

55 5309 275 5359 iutataa
300 5312 359 5359 et
382 5307 609 5360 ablatae.

81 5377 174 5431 ‘2‘2.
205 5379 254 5428 Ε
257 5384 275 5427 ι
290 5394 384 5443 ego
409 5380 484 5428 ad
506 5379 752 5429 nihilum
767 5378 1015 5428 redactus
1035 5392 1176 5435 sum,
1200 5377 1498 5440 abnegans
1522 5386 1636 5427 me-

55 5450 345 5513 ietipsum
373 5453 470 5501 εει
496 5451 712 5514 nescivi,
737 5451 793 5502 id
817 5456 927 5513 est,
951 5463 1051 5514 pro
1068 5448 1361 5500 nesciente
1384 5452 1442 5499 et
1458 5446 1635 5498 stulto

55 5533 117 5570 1e
138 5520 339 5572 habui.
368 5522 516 5573 Hinc
533 5523 770 5573 Paulus:
787 5522 839 5573 Si
861 5522 993 5585 quis
1010 5520 1240 5572 videtur
1255 5531 1385 5570 esse
1399 5516 1634 5580 aliquid,

55 5604 156 5642 um
193 5592 342 5643 nihil
375 5593 489 5644 sit:
526 5593 650 5656 ipse
684 5605 746 5644 se
780 5592 1005 5643 seducit
1033 5590 1223 5656 (Galat.
1260 5589 1350 5653 6,).
1388 5589 1636 5640 Divinus

56 5662 239 5725 uippe
272 5676 455 5727 amor,
492 5677 625 5714 cum
664 5663 910 5727 perfecte
946 5665 1197 5714 mentem
1235 5666 1496 5724 occupat,
1533 5672 1637 5711 vo-

56 5739 305 5797 iptuosa
335 5734 622 5786 desideria
644 5735 911 5799 protinus
943 5734 1245 5785 devastat:
1279 5737 1337 5784 et
1365 5730 1637 5795 quicquid

55 5806 254 5857 arnale
278 5806 526 5867 invenit,
544 5810 730 5857 totum
762 5804 1044 5856 adnihilat
1060 5809 1117 5856 et
1140 5804 1365 5856 occidit.
1392 5806 1551 5852 Fortis
1566 5809 1639 5851 est

56 5876 279 5940 ilectio,
312 5878 379 5928 ut
407 5889 565 5927 mors
589 5876 766 5944 (Cant.
793 5875 885 5938 8.).
912 5875 1044 5927 Tria
1065 5875 1232 5928 nobis
1254 5875 1315 5927 in
1336 5875 1448 5927 hoc
1466 5887 1641 5928 versu

1741 4737 1926 4801 spicit,
1947 4736 2096 4787 inter
2110 4738 2403 4804 utrunque
2416 4740 2658 4804 versans
2669 4727 2946 4786 animum,
2959 4722 3337 4804 semetipsum

1739 4797 2071 4872 paenitendo
2083 4804 2335 4869 graviter
2344 4800 2565 4864 affligit,
2580 4804 2882 4872 totumque
2895 4808 2975 4858 se,
2987 4797 3337 4872 contemptis

1736 4866 2122 4941 inferioribus,
2146 4876 2218 4928 ad
2254 4874 2546 4938 superiora
2568 4870 2730 4936 rapit.
2756 4868 2926 4941 Unde
2942 4872 3001 4919 et
3022 4866 3186 4917 dicit:

1797 4948 1885 5003 26.
1912 4934 2121 5011 Deiecit.
2140 4961 2266 4995 caro
2289 4934 2428 5002 mea,
2462 4948 2508 4992 et
2544 4934 2647 4992 cor—
2661 4955 2860 4992 meum.
2885 4939 3093 4990 Totum
3128 4948 3190 5011 se
3216 4934 3336 5000 spi-

1735 5021 1999 5072 ritualem
2018 5019 2317 5081 sanctique
2340 5014 2574 5080 spiritus
2593 5013 2727 5077 igne
2739 5013 3078 5076 flagrantem
3088 5010 3336 5081 insinuat,

1736 5092 1877 5143 dum
1893 5090 2079 5142 carnis
2095 5079 2593 5152 condupisCentias
2606 5088 2663 5136 et
2674 5084 2946 5148 pristinas
2957 5079 3337 5146 cogitationes

1736 5164 1795 5214 in
1808 5177 1868 5214 se
1883 5162 2164 5214 defecisse
2181 5158 2534 5225 pronunciat.
2554 5157 2695 5208 Caro
2719 5157 2919 5207 nostra
2933 5152 3142 5209 deficit,
3157 5161 3340 5225 quan-

1734 5234 1808 5285 do
1839 5234 1921 5285 sic
1941 5247 2041 5297 per
2068 5222 2314 5296 rigorem
2344 5226 2663 5292 disciplina
2675 5225 3102 5297 constringitur,
3129 5222 3333 5297 utjam

1735 5289 1960 5369 spiritui
1984 5289 2250 5356 reluctari
2266 5313 2385 5352 non
2408 5289 2609 5363 possit.
2629 5298 2736 5349 Cor
2758 5295 2931 5350 etiam
2948 5297 3208 5369 nostrum
3232 5289 3335 5341 de-

1733 5364 1945 5427 féctum
1963 5375 2195 5440 patitur,
2212 5384 2344 5425 cum
2354 5370 2624 5423 voluntas
2635 5369 2861 5442 propria
2870 5364 3174 5442 omnisque
3187 5371 3337 5442 pra-

1738 5430 2247 5511 sumptiointerius
2271 5446 2581 5501 resecatur,
2602 5430 2661 5514 et
2677 5430 2758 5490 sic
2780 5438 2966 5489 factus
2988 5437 3081 5514 est
3106 5430 3327 5514 (inquit)

1737 5502 2074 5569 Deus-cordis
2108 5517 2212 5565 mei
2238 5525 2556 5579 possessor,
2588 5510 2729 5561 dum
2764 5504 3150 5579 temporaliter
3174 5502 3331 5579 vivo.

1740 5591 1857 5642 Erit
1878 5576 2255 5654 postmodum
2272 5588 2328 5637 et
2348 5596 2481 5649 pars
2506 5582 2804 5654 meaDeus
2826 5579 2886 5629 in
2902 5578 3207 5654 aeternum.
3222 5576 3333 5654 ilo-

1740 5646 1923 5713 mines
1947 5662 2005 5712 in
2024 5661 2131 5710 hoc
2150 5646 2586 5718 seculo'eligunt
2602 5652 2709 5703 sibi
2734 5655 2926 5716 partes
2951 5663 2964 5698 :
2986 5646 3081 5698 alii
3105 5646 3331 5718 divitias,

1738 5733 1832 5785 alii
1867 5733 2133 5792 honores,
2165 5728 2261 5780 alii
2297 5715 2581 5784 militiam,
2607 5722 2702 5774 alii
2735 5715 3180 5792 negotiationem
3207 5734 3217 5765 :
3242 5715 3333 5792 _di-

1739 5803 1893 5856 versi
1916 5788 2141 5853 diversa
2162 5800 2267 5850 sibi
2286 5798 2524 5861 eligunt.
2554 5796 2704 5846 Inter
2718 5794 2826 5844 hos
2851 5790 3062 5861 clamat
3085 5788 3332 5852 populus

1740 5876 1839 5927 Dei
1862 5888 1875 5925 :
1895 5874 2035 5923 Pars
2058 5887 2178 5921 mea
2198 5870 2355 5928 Deus,
2370 5860 2500 5918 non
2514 5865 2587 5917 ad
2610 5870 2862 5929 tempus,
2876 5860 2979 5914 sed
2993 5860 3057 5910 in
3070 5866 3332 5909 aeternum
