3880 6222
56 264 197 319 349
1167 274 1243 324 IN
1278 274 1605 327 PSALMOS
1638 273 1846 327 LXXV
1880 274 2462 332 COMMENTARIUS.
3359 280 3466 339 950

55 382 145 467 sui
153 387 276 434 tas
290 466 297 467 γ
309 389 623 467 ageretur,
640 386 708 467 in
720 398 837 467 qua
848 386 1189 467 solennitate
1204 389 1512 467 Dominum
1526 390 1763 467 cruciﬁ-
1785 394 1842 467 Α
1862 390 2149 467 Eacishoc
2158 394 2412 467 mﬁnem,
2425 395 2518 447 vel
2532 397 2605 449 ad
2620 410 2793 462 quem
2808 398 2982 452 ﬁnem
2999 398 3188 451 tendis
3203 411 3305 464 per
3318 397 3467 451 hoc?

55 460 352 534 xerunt
380 456 603 534 (Matth.
639 456 748 534 g6).
776 458 1118 534 Congregati
1161 462 1483 534 savierunt.
1514 464 1764 527 Congre-
1785 456 1842 467 ’⁵
1864 462 2073 534 Tangit
2094 463 2189 514 hic
2211 462 2511 517 historiam
2535 467 2604 519 de
2620 456 2799 522 manu
2814 470 3018 533 Moysi,
3036 482 3168 532 quas
3186 456 3466 534 quamdiu

55 526 228 597 gati
259 527 607 590 perierunt.
641 531 711 581 Et
743 530 994 581 ostendit
1032 533 1323 594 quomodo
1355 532 1582 597 gloriati
1605 539 1761 586 sunt.
1863 533 1970 585 fuit
2002 534 2063 584 in
2099 534 2232 585 sinu
2266 547 2391 597 suo,
2426 538 2642 589 munda
2672 540 2801 592 fuit:
2839 526 2974 592 cum
3007 526 3294 592 abstraxit
3317 552 3462 592 eam.

152 596 222 651 5.
267 598 606 648 Posuerunt
627 600 806 664 signa,
841 615 958 653 non
982 603 1207 654 Domini
1235 605 1346 666 (Em
1366 596 1416 654 7A
1427 606 1641 669 ugust.),
1660 606 1763 657 sed

60 683 210 717 sua
230 670 450 732 signa,
479 671 689 723 vexilla
715 685 836 731 sua,
863 673 1088 737 aquilas
1111 687 1266 736 suas,
1292 676 1574 728 dracones
1601 690 1761 740 suos,

68 752 112 789 s
122 744 377 792 tatuas
392 754 537 794 suas
557 758 567 790 :
588 748 690 795 aut
705 744 849 796 forte
863 744 1028 809 signa
1041 757 1173 808 quas
1190 747 1499 800 audierunt
1510 760 1545 799 a
1562 751 1760 799 vatibus

73 811 491 864 daemonum
510 827 769 866 suorum.
794 816 863 864 Et
882 832 993 866 non
1010 818 1515 879 cognoveruntsicut
1531 819 1592 867 in
1609 821 1761 868 exitu

66 898 295 947 super
316 900 629 938 summum.
645 890 772 939 Non
784 894 1177 952 cognoverunt
1189 905 1298 939 esse
1308 905 1467 954 super
1481 906 1760 942 summum

71 954 165 1028 id
213 959 351 1020 est,
390 958 548 1021 apud
580 971 877 1011 summum
899 962 1107 1019 Deum,
1132 961 1284 1012 sicut
1306 962 1368 1012 in
1382 962 1542 1014 exitu
1564 963 1756 1028 ﬁebat,

82 1025 169 1076 id
202 1031 341 1091 est,
368 1028 526 1080 sicut
547 1042 581 1081 a
604 1030 805 1082 divina
820 1032 1194 1095 dispositione
1218 1033 1430 1084 exibat.
1458 1034 1578 1084 Nisi
1600 1025 1757 1086 enim

80 1102 412 1160 potestas
443 1111 478 1151 a
512 1114 743 1153 summo
777 1103 896 1154 Deo
926 1103 1127 1160 exiret,
1153 1103 1280 1155 haec
1308 1103 1525 1155 malitia
1556 1118 1757 1157 eorum

79 1181 424 1222 exercere
448 1184 567 1223 non
588 1174 891 1237 potuisset.
911 1174 1070 1226 Sicut
1092 1187 1227 1237 ergo
1248 1175 1445 1227 exibat.
1466 1187 1500 1227 a
1523 1188 1754 1229 summo

82 1241 276 1303 Deo,
309 1242 403 1293 sic
428 1242 604 1295 ﬁebat
616 1245 689 1295 ab
706 1245 962 1297 exercitu
984 1245 1098 1297 illo.
1119 1248 1265 1297 Nam
1285 1247 1474 1299 omnis
1497 1253 1755 1313 potestas

82 1324 247 1363 non
278 1314 366 1384 ab
392 1314 648 1375 homine,
676 1317 775 1368 sed
810 1330 843 1367 a
863 1318 979 1369 Deo
1005 1319 1177 1381 (Rom.
1204 1317 1334 1380 13.).
1361 1321 1519 1370 Deus
1542 1320 1754 1384 quippe

83 1387 212 1433 est
260 1383 448 1436 dator
487 1386 747 1438 omnium
778 1391 1152 1452 potestatum,
1180 1388 1279 1440 sed
1318 1402 1436 1440 non
1472 1395 1560 1442 est
1591 1383 1755 1443 dator

87 1455 409 1525 omnium
421 1456 805 1509 voluntatum.
820 1459 956 1511 Ideo
973 1460 1161 1510 omnis
1174 1461 1460 1525 potestasj
1470 1466 1619 1513 usta.
1639 1464 1755 1514 Vo-

89 1523 549 1597 luntasautem
569 1528 676 1580 alia
688 1530 865 1593 justa,
886 1530 998 1582 alia
1020 1532 1254 1597 injusta.
1276 1533 1331 1583 Si
1354 1523 1528 1596 igitur
1542 1540 1753 1594 potestas

90 1596 305 1661 bona,
323 1611 509 1662 quare
521 1602 669 1653 actio
687 1601 837 1653 mala
847 1605 870 1649 ?
884 1604 1143 1655 Affectus
1170 1609 1305 1655 tuus
1328 1606 1544 1665 imponit
1567 1620 1750 1654 nomen

95 1670 294 1739 operi
323 1674 446 1721 tuo.
473 1673 597 1734 Qua
622 1678 852 1737 propter
884 1675 1039 1737 quod
1058 1676 1260 1739 justus
1286 1677 1438 1727 Deus
1455 1676 1616 1739 juste
1632 1676 1754 1727 ﬁeri

1860 601 2083 656 invenit
2122 605 2426 670 leprosam.
2479 609 2696 662 Deinde
2727 611 2788 661 in
2826 612 2959 663 sinu
3003 611 3243 673 remisit,
3285 616 3343 663 et
3382 611 3466 663 sic

1858 676 2106 740 priorem
2128 678 2476 729 munditiam
2497 682 2713 745 recepit
2743 682 2939 744 (Exod.
2972 682 3044 746 4.)
3068 698 3079 730 :
3106 682 3167 733 in
3188 681 3297 733 hoc
3324 694 3466 746 prm-

1858 746 2120 811 iigurans
2135 751 2166 799 J
2175 749 2444 802 udaicum
2461 753 2757 816 populum,
2777 754 2874 815 qui
2891 753 3169 817 quamdiu
3181 754 3240 805 in
3261 754 3394 804 sinu
3406 758 3465 806 et

1858 818 2123 870 custodia
2142 821 2364 872 Domini
2391 821 2516 885 fuit,
2544 822 2802 874 mundus
2829 825 3046 876 extitit:
3067 824 3300 888 quando
3324 835 3462 876 vero

1857 899 2129 951 egressus
2153 896 2263 956 est,
2287 893 2628 945 immundus
2651 898 2710 946 et
2732 894 2937 958 plenus
2952 897 3202 958 peccatis
3224 895 3460 947 effectus

1858 964 1963 1011 est.
1990 963 2203 1015 Iterum
2220 965 2282 1015 in
2305 964 2419 1016 ﬁne
2439 965 2642 1016 mundi
2671 965 2745 1017 ad
2768 966 3132 1017 Dominicum
3157 967 3350 1017 sinum
3372 978 3462 1016 re-

1856 1029 2017 1092 dibit,
2042 1038 2215 1097 atque
2232 1036 2292 1087 in
2310 1036 2552 1100 pristina
2568 1038 2815 1088 sanitate
2839 1036 3214 1100 permanebit.
3245 1037 3308 1086 Ut
3326 1036 3462 1099 quid

1859 1101 1969 1165 (ait)
2001 1106 2196 1153 avertis
2223 1105 2502 1157 demteram
2520 1122 2747 1158 manum
2767 1114 2921 1158 tuam
2943 1123 2978 1156 a
3001 1108 3130 1156 sinu
3154 1112 3262 1166 tuo,
3286 1112 3354 1158 ut
3378 1106 3461 1158 fo-

1855 1171 1933 1223 ris
1959 1174 2069 1235 (Eae
2091 1176 2134 1225 Α
2148 1179 2345 1241 ugust.)
2370 1179 2675 1232 immunda.
2698 1181 3039 1231 remaneat?
3067 1189 3271 1230 revoca
3312 1190 3460 1235 eam.

1854 1256 2075 1308 quaeso,
2101 1247 2173 1299 ad
2200 1249 2396 1301 sinum
2423 1256 2605 1302 tuum.
2649 1251 2864 1303 Redeat
2887 1250 2964 1301 ad
2987 1249 3237 1301 colorem
3263 1261 3457 1307 suum,

1853 1324 2135 1385 agnoscat
2146 1320 2499 1374 Salvatorem
2512 1335 2703 1374 suum.
2724 1323 3029 1385 Qumrebat
3040 1318 3263 1384 utquid,
3278 1324 3335 1371 et
3339 1320 3358 1384 j
3367 1332 3460 1370 am

1850 1384 2167 1441 intellexit:
2206 1392 2356 1443 sicut
2378 1393 2737 1445 intitulatum
2754 1384 2869 1457 est,
2886 1391 3219 1445 intellectus
3241 1389 3456 1455 Asaph.

1852 1458 1924 1507 Et
1947 1457 2077 1510 ideo
2102 1462 2328 1513 subdit:

1914 1527 1999 1582 12.
2042 1532 2180 1581 Deus
2204 1538 2384 1583 autem
2415 1550 2513 1584 reae
2541 1541 2720 1585 noster
2756 1541 2880 1585 ante
2903 1535 3114 1595 saecula,
3146 1534 3244 1598 qui
3279 1538 3370 1585 est
3399 1532 3459 1584 in

1849 1600 2128 1665 principio
2156 1606 2429 1664 Verbum,
2453 1619 2554 1669 per
2569 1606 2723 1670 quod
2743 1607 2889 1658 facta
2906 1609 3044 1656 sunt
3059 1606 3253 1656 omnia
3269 1605 3451 1667 (Joan.

1857 1670 1958 1734 1.):
1999 1673 2124 1737 ipse
2159 1689 2260 1727 rex
2297 1677 2471 1728 homo
2496 1678 2702 1739 factus,
2739 1680 2989 1740 operatus
3026 1682 3097 1725 est
3133 1676 3360 1725 salutem
3393 1676 3455 1723 in

93 1738 389 1812 volebat.
410 1744 543 1805 quia
560 1744 668 1806 ipsi
681 1744 896 1807 injuste
916 1746 1204 1809 volebant,
1223 1746 1441 1799 malum
1457 1738 1579 1799 erat
1594 1746 1751 1812 quod
1779 1805 1823 1812 _
1853 1743 2030 1792 medio
2061 1750 2228 1796 terra”.
2250 1748 2337 1798 Ad
2361 1749 2470 1799 hoc
2486 1749 2640 1800 enim
2658 1738 2730 1799 ad
2749 1738 2980 1811 tempus
3001 1746 3205 1798 avertit
3219 1758 3458 1797 manum

96 1810 451 1883 faciebant.
476 1816 683 1867 Exibat
704 1805 841 1880 ergo
858 1828 892 1867 a
920 1830 1151 1868 summo
1175 1805 1329 1881 quod
1354 1805 1629 1883 fecerunt,
1647 1832 1731 1871 sec

1857 1826 2024 1866 suam
2049 1829 2083 1868 a
2100 1818 2231 1869 sinu
2262 1832 2389 1882 suo,
2412 1820 2470 1871 id
2489 1824 2595 1879 est,
2613 1821 2848 1883 gentem
2866 1805 3169 1869 iudaicam
3184 1829 3219 1868 a
3236 1822 3459 1881 protec—

98 1881 237 1945 ipsi
254 1896 386 1935 non
402 1893 819 1949 cognoverunt.
852 1889 1200 1953 Exsequitur
1222 1885 1414 1941 adhuc
1435 1881 1753 1956 malignita-

111 1956 257 2004 tem
291 1967 520 2020 eorum,
556 1958 757 2009 dicens
783 1975 794 2007 :

191 2023 252 2078 6.
286 2026 461 2083 Quasi
484 2028 545 2077 in
570 2029 707 2079 silva
731 2030 1009 2093 lignorum
1031 2030 1302 2081 securibus
1341 2032 1658 2083 exciderunt
1671 2034 1756 2097 ῥα-

114 2109 289 2165 uuas
312 2097 433 2161 ejus
455 2100 518 2149 in
538 2102 796 2165 idipsum.
834 2103 955 2153 Hoc
979 2108 1166 2154 totum
1191 2103 1516 2155 secundum
1532 2104 1755 2156 literam

118 2163 364 2238 factum
388 2175 498 2222 est.
530 2163 689 2223 Sicut
712 2173 865 2224 enim
889 2173 949 2224 in
975 2173 1122 2225 silva
1144 2172 1386 2238 lignaria
1407 2175 1757 2227 exciduntur

119 2236 303 2302 ligna
333 2255 344 2287 :
394 2241 477 2292 ita
503 2243 689 2294 viliter
718 2245 842 2295 sine
878 2245 1035 2295 omni
1074 2236 1398 2297 reverentia
1436 2248 1754 2311 temporali.

114 2311 353 2373 januas
377 2314 720 2366 exciderunt
760 2316 1075 2379 securibus,
1115 2329 1317 2367 omnes
1350 2317 1655 2369 tendentes
1693 2319 1753 2369 in

118 2382 432 2445 idipsum:
473 2387 611 2448 quia
646 2399 764 2438 uno
802 2387 972 2437 corde
1010 2392 1067 2438 et
1104 2399 1222 2438 una
1260 2387 1553 2441 voluntate
1578 2390 1752 2443 simul

125 2466 347 2505 omnes
387 2457 813 2510 conveniebant
849 2458 909 2509 in
938 2459 1173 2510 malum.
1214 2459 1279 2507 In
1310 2461 1484 2509 securi
1515 2467 1560 2510 et
1602 2463 1751 2512 ascia

126 2525 447 2587 dejecerunt
488 2544 627 2578 eam.
667 2530 896 2581 Securis
930 2529 1004 2580 ad
1040 2530 1448 2594 excidendum,
1480 2533 1653 2585 Ascia
1675 2534 1749 2585 ad

125 2597 675 2652 comminuendum.
706 2603 831 2653 Non
848 2600 1002 2655 enim
1021 2605 1246 2653 tantum
1263 2602 1621 2668 exciderunt,
1645 2604 1746 2656 sed

126 2667 315 2719 etiam
340 2669 690 2733 dejecerunt.

198 2739 257 2792 7.
293 2741 655 2792 Incenderunt
694 2743 815 2807 igni
851 2745 1231 2794 sanctuarium
1278 2750 1451 2805 tuum,
1494 2746 1551 2795 in
1600 2750 1744 2796 terra

124 2810 447 2875 polluerunt
461 2814 866 2864 tabernaculum
878 2816 1121 2866 nominis
1136 2816 1233 2867 tui.
1253 2816 1435 2867 Etiam
1451 2816 1643 2880 ipsum
1662 2821 1744 2869 ta-

128 2882 534 2951 bernaculum,
561 2886 718 2949 quod
734 2886 920 2938 fuerat
935 2892 1134 2939 sancto
1160 2887 1380 2938 nomini
1405 2891 1499 2939 tuo
1518 2888 1742 2941 dedica-

126 2955 280 3017 tum,
306 2954 496 3018 ipsum
514 2956 864 3020 polluerunt.
877 2959 1042 3023 Aras,
1056 2970 1309 3021 mensas,
1328 2958 1523 3021 libros,
1542 2964 1736 3012 vestes

119 3028 186 3076 et
223 3025 431 3078 similia
455 3029 1212 3093 projecerunt,pedibusque
1228 3030 1732 3083 conculcaverunt.

1854 1886 2013 1938 tione
2046 1902 2180 1940 sua:
2205 1890 2278 1941 ad
2291 1891 2398 1942 hoc
2425 1892 2655 1943 caecitas
2670 1904 2742 1941 ex
2753 1895 2912 1954 parte
2923 1889 3163 1953 contigit
3177 1889 3237 1939 in
3259 1887 3455 1940 Israel.

1857 1958 1922 2007 ut
1946 1956 2241 2020 plenitudo
2265 1962 2533 2014 Gentium
2553 1962 2790 2013 intraret
2815 1961 2989 2023 (Rom.
3009 1958 3135 2022 41.),
3162 1963 3228 2009 ut
3251 1958 3332 2010 sic
3355 1971 3457 2010 rex

1855 2028 2013 2079 Deus
2028 2036 2361 2093 operaretur
2373 2033 2618 2084 salutem
2631 2032 2692 2083 in
2706 2031 2895 2083 medio
2921 2034 3103 2090 terrae,
3116 2029 3175 2080 id
3189 2032 3295 2089 est,
3310 2031 3363 2077 in
3377 2044 3456 2077 me

1856 2099 1949 2150 dio
1974 2103 2260 2154 Gentium.
2280 2105 2383 2155 Vel
2406 2105 2465 2155 in
2489 2104 2678 2155 medio
2704 2105 2869 2155 terrm
2885 2101 2942 2152 id
2964 2100 3144 2165 est,in
3155 2104 3458 2164 assumpta

1856 2184 2027 2225 carne
2043 2189 2053 2221 :
2083 2174 2174 2226 vel
2190 2176 2249 2225 in
2266 2176 2496 2227 civitate
2509 2174 2853 2236 Jerusalem,
2867 2185 3000 2236 quae
3011 2172 3069 2223 in
3080 2171 3270 2223 medio
3286 2175 3456 2223 terrae

1855 2243 1965 2294 sila
1998 2249 2106 2303 est,
2138 2246 2238 2296 ubi
2260 2242 2540 2297 Dominus
2562 2259 2664 2309 pro
2704 2245 2881 2297 totius
2910 2243 3114 2294 mundi
3147 2242 3333 2295 salute
3366 2245 3458 2294 est

1854 2314 2188 2368 cruciﬁxus.
2205 2318 2424 2369 Deinde
2435 2317 2690 2369 ostendit
2701 2315 2945 2379 qualiter
2962 2314 3209 2366 salutem
3224 2319 3458 2374 operatus

1853 2385 1944 2446 sit,
1972 2388 2355 2440 convertendo
2382 2402 2445 2442 se
2467 2389 2538 2441 ad
2570 2389 2763 2454 ipsum
2789 2388 3151 2451 operatorem
3172 2387 3377 2446 Deum,
3398 2389 3458 2437 et

1849 2457 2097 2510 dicendo
2122 2474 2137 2510 :

1911 2528 1996 2584 13.
2037 2531 2111 2579 Tu
2154 2531 2490 2592 conﬁrmasti
2524 2532 2585 2580 in
2618 2529 2812 2578 virtute
2860 2533 2955 2577 tua
2981 2542 3150 2578 mare.
3177 2529 3281 2578 Per
3301 2538 3459 2578 mare

1848 2599 2140 2663 signiﬁcat
2172 2602 2402 2665 Gentes,
2431 2606 2661 2664 propter
2681 2600 2965 2650 vitiorum
2990 2598 3366 2659 afﬂuentiam,
3400 2602 3458 2650 et

1842 2683 2072 2721 morum
2086 2672 2548 2723 amaritudinem.
2567 2670 2829 2721 Christus
2846 2673 3040 2721 autem
3054 2671 3143 2721 est
3157 2669 3259 2719 Dei
3276 2670 3453 2729 virtus,

1843 2742 1898 2792 et
1941 2741 2041 2792 Dei
2081 2743 2379 2806 sapientia.
2429 2744 2494 2793 In
2525 2742 2735 2794 virtute
2770 2741 2879 2791 hac
2919 2740 3284 2791 conﬁrmatas
3316 2745 3457 2791 sunt

1839 2813 2055 2865 Gentes
2070 2827 2169 2877 per
2180 2814 2370 2871 ﬁdem,
2391 2826 2573 2878 spem.
2600 2817 2658 2864 et
2676 2812 2992 2864 caritatem.
3020 2812 3084 2863 Id
3104 2815 3333 2863 tantum
3349 2822 3456 2861 au-

1839 2887 1957 2935 tem
1982 2885 2344 2936 confirmavit
2377 2887 2531 2937 Deus
2555 2884 2667 2936 hoc
2702 2895 2882 2944 mare,
2903 2885 2967 2935 ut
2983 2882 3196 2935 faceret
3220 2886 3451 2944 terram,

1836 2954 1988 3017 sicut
2020 2955 2155 3007 alibi
2191 2956 2422 3008 dicitur:
2463 2956 2570 3017 Qui
2607 2956 2893 3007 convertit
2936 2966 3093 3006 mare
3133 2954 3193 3005 in
3230 2952 3450 3005 aridam

1839 3016 2005 3081 (Psat.
2033 3026 2162 3089 65.).
2190 3029 2259 3079 Et
2292 3040 2404 3091 quo
2438 3016 2637 3079 ordine
2667 3027 2883 3079 factum
2918 3026 3014 3087 sit,
3043 3029 3328 3088 sequutus
3351 3023 3450 3075 ad-

190 3095 244 3149 8.
281 3097 549 3147 Dixerunt
588 3100 650 3148 in
686 3101 843 3149 corde
874 3115 989 3160 suo,
1028 3100 1185 3163 quod
1226 3100 1425 3164 utique
1452 3101 1580 3164 plus
1623 3107 1733 3165 est,
1826 3095 2029 3158 iunxit
2053 3114 2065 3150 :
2088 3098 2474 3149 Contribulasti
2488 3098 2670 3162 capita
2689 3097 2993 3147 draconum
3011 3097 3074 3146 in
3091 3097 3268 3160 aquis,
3292 3096 3452 3146 Com-

122 3180 334 3244 quam,
351 3170 397 3244 si
421 3170 728 3244 dixissent,
758 3172 820 3222 in
843 3184 938 3223 ore
971 3184 1097 3244 suo,
1123 3173 1267 3223 Nam
1292 3172 1348 3222 in
1371 3172 1481 3244 hoc
1503 3174 1654 3236 quod
1680 3175 1738 3227 in
1764 3168 1813 3244 ί]
1843 3169 2101 3244 ωἱῑιιιὶεῐὶ
2124 3170 2267 3244 vitia
2291 3175 2349 3222 et
2373 3174 2627 3244 Ρρφοὸῒςᾶι
2655 3181 2847 3244 (Ιῖιὶέἒι
2865 3168 3452 3244 draconibussusss-

124 3240 316 3292 corde
355 3241 571 3295 dixisse
596 3243 987 3307 perhibentur,
1013 3243 1296 3307 voluntas,
1321 3243 1560 3295 affectus
1576 3249 1634 3296 et
1651 3246 1741 3298 in-
1776 3238 1813 3244 ⁷
1839 3243 2064 3303 runtur,
2087 3241 2145 3292 id
2157 3244 2264 3301 est,
2290 3241 2610 3306 amalignis
2627 3240 2944 3304 spiritibus.
2964 3238 3064 3303 qui
3078 3238 3296 3290 sanctis
3308 3239 3446 3289 insi-

127 3314 315 3365 tentio
338 3313 659 3365 denotatur.
676 3315 955 3366 Dixerunt
983 3319 1179 3366 autem
1207 3328 1323 3366 non
1363 3320 1606 3378 quatuor
1645 3318 1748 3369 aut

129 3385 406 3449 quinque,
447 3386 548 3437 sed
588 3390 708 3437 tota
739 3385 987 3449 cognatio
1029 3400 1242 3446 eorum,
1275 3400 1382 3438 nec
1416 3386 1605 3438 divisa
1644 3401 1747 3452 per

131 3462 348 3521 partes,
395 3456 495 3508 sed
525 3457 572 3505 si
584 3456 717 3507 mut.
744 3457 891 3518 Quid
916 3457 1189 3509 dixerunt
1215 3460 1243 3508 ‘?
1281 3458 1548 3515 Quiescere
1569 3460 1745 3522 facia-

129 3543 258 3577 mus
294 3543 468 3577 omnes
491 3529 603 3577 dies
632 3528 799 3591 festos
827 3529 926 3579 Dei
958 3545 993 3577 α
1025 3537 1186 3580 terra.
1226 3531 1311 3580 Ita
1344 3530 1743 3595 dispergamus

133 3599 346 3659 omnia,
372 3599 525 3662 quod
555 3613 883 3664 numquam
902 3599 1149 3663 amplius
1163 3600 1390 3663 possint
1413 3603 1739 3662 convenire,

134 3676 239 3721 aut
263 3671 467 3722 festum
494 3671 679 3723 facere
703 3673 760 3721 in
780 3675 951 3723 terra.
972 3673 1097 3723 Huc
1114 3684 1300 3735 usque
1317 3674 1615 3725 ostensum
1628 3679 1736 3727 est,

137 3748 353 3806 quanta
366 3742 714 3801 malignatus
728 3746 820 3794 est
838 3743 1108 3794 inimicus
1121 3744 1179 3794 in
1192 3748 1409 3795 sancto.
1426 3745 1739 3797 Ostensum

138 3818 232 3865 est
254 3818 463 3877 quanta
482 3815 554 3864 ab
570 3813 836 3864 hostibus
860 3812 1019 3865 illata
1038 3814 1155 3865 sint
1174 3814 1343 3866 mala.
1367 3815 1585 3868 Deinde
1608 3818 1741 3870 insi-

138 3888 279 3937 nuat
301 3898 428 3948 quas
464 3886 536 3937 ab
561 3885 688 3950 ipso
713 3886 833 3936 Deo
859 3886 1158 3937 subtracta
1193 3886 1311 3938 sint
1331 3886 1414 3937 eis
1437 3888 1733 3952 beneﬁcia,

142 3956 339 4008 dicens
358 3972 367 4003 :

207 4026 253 4081 9.
293 4028 452 4091 Signa
493 4032 680 4077 nostra
712 4042 826 4076 non
849 4028 1109 4078 videmus.
1138 4029 1365 4080 Nostra
1400 4028 1629 4093 (inquit)
1652 4031 1734 4083 ci-

142 4098 332 4151 vitatis
355 4098 801 4150 destructionem
821 4099 1090 4150 vidimus.
1106 4099 1347 4163 Signum
1363 4103 1554 4150 tamen
1569 4112 1603 4151 a
1618 4102 1733 4154 Deo

142 4169 358 4221 nullum
388 4171 731 4234 accepimus,
762 4170 914 4222 sicut
958 4170 1093 4221 olim
1141 4170 1375 4221 Gedeon
1410 4171 1613 4233 (Judic.
1655 4173 1730 4237 7.)

144 4242 441 4304 caaterique
465 4246 655 4305 patres
685 4242 885 4293 nostri.
919 4242 1046 4291 Jam
1073 4257 1184 4291 non
1222 4246 1291 4290 est
1312 4242 1594 4306 propheta.
1624 4243 1732 4303 Qui

146 4314 292 4364 bona
323 4313 539 4365 malave
563 4313 917 4378 pronuntiet.
953 4313 1022 4362 Et
1059 4328 1157 4363 nos
1183 4328 1296 4361 non
1319 4318 1587 4376 cognoscet
1611 4328 1727 4363 am-

148 4383 301 4448 plius,
323 4384 376 4435 id
394 4390 499 4445 est,
516 4384 753 4435 omnino
775 4385 958 4437 nostri
981 4384 1196 4436 oblitus
1221 4385 1309 4436 est
1325 4385 1497 4435 Deus.
1529 4385 1729 4437 Tantis

148 4468 281 4518 ergo
318 4456 554 4507 aﬁlictus
600 4456 788 4519 malis,
846 4456 1093 4508 Domino
1144 4456 1550 4520 ingemiscens,
1611 4456 1729 4508 ait:

212 4526 289 4581 10.
322 4527 613 4592 Usquequo,
638 4529 795 4591 Deus,
822 4528 1218 4592 improperavit
1241 4528 1517 4587 inimicus,
1549 4528 1734 4578 irritat

151 4598 470 4648 adversarius
494 4615 687 4648 nomen
716 4605 871 4648 tuum
901 4601 963 4648 in
985 4599 1191 4661 ﬁnem?
1222 4600 1519 4662 Usquequo,
1548 4612 1732 4663 usque

151 4669 219 4721 ad
238 4681 394 4732 quem
411 4670 581 4721 ﬁnem
600 4672 785 4733 impro
795 4673 950 4729 perat
969 4674 1027 4721 et
1051 4671 1237 4722 irritat
1248 4670 1519 4721 inimicus
1535 4670 1732 4723 adver-

153 4742 327 4793 sarius
346 4746 367 4789 ?
389 4744 476 4794 An
499 4744 572 4794 ad
596 4743 706 4795 hoc
731 4743 932 4805 irritat,
958 4747 1024 4794 ut
1046 4742 1227 4793 iratus
1250 4742 1540 4804 corripias,
1558 4744 1731 4794 corri-

152 4813 302 4877 piens
313 4818 651 4877 cognoscas?
676 4817 741 4865 Et
757 4827 824 4866 eo
842 4827 1048 4877 usque,
1066 4812 1118 4880 3
1130 4811 1178 4879 7
1191 4812 1244 4881 6
1264 4815 1447 4867 donec
1462 4815 1654 4867 veniat
1669 4816 1731 4868 in

155 4888 209 4934 te
228 4883 420 4935 finem?
445 4886 723 4937 Attendat
738 4886 865 4938 haec
889 4886 1065 4937 verba
1080 4887 1345 4951 quisquis
1370 4899 1471 4950 pro
1496 4890 1729 4951 peccato

156 4967 256 5005 suo
277 4955 554 5020 afﬂigitur,
573 4957 839 5021 quisquis
861 4968 895 5007 a
912 4957 1029 5007 Deo
1054 4960 1331 5019 tanquam
1347 4958 1490 5009 irato
1514 4957 1731 5009 deseri—

159 5030 255 5076 tur.
295 5028 404 5077 Non
432 5027 716 5092 desperet,
752 5030 962 5092 gemat,
986 5028 1278 5079 miseriam
1304 5041 1469 5081 suam
1504 5029 1729 5080 medico

159 5098 411 5149 ostendat.
441 5099 528 5149 Ad
564 5099 673 5150 hoc
699 5100 853 5150 enim
878 5098 1020 5160 ferit,
1044 5104 1111 5150 ut
1137 5105 1363 5164 parcat:
1391 5102 1460 5152 ad
1485 5101 1596 5152 hoc
1618 5101 1730 5153 ira-

160 5170 334 5227 scitur,
365 5182 431 5221 ne
469 5171 766 5223 irascatur.
813 5170 977 5222 Unde
1005 5170 1117 5223 iste
1149 5172 1346 5237 Asaph
1369 5173 1559 5224 adhuc
1594 5174 1725 5225 sub—

157 5240 362 5304 jungit:

224 5309 297 5364 11.
336 5311 390 5359 Ut
412 5312 546 5374 quid
567 5314 761 5361 avertis
784 5326 1018 5362 manum
1035 5316 1207 5369 tuam,
1231 5313 1290 5364 id
1306 5317 1415 5375 est,
1440 5313 1723 5373 Judaaam,

166 5393 255 5442 per
275 5393 493 5433 manum
522 5384 703 5445 Moysi
738 5383 1130 5445 designatum;
1162 5388 1207 5432 et
1239 5385 1515 5433 dexteram
1554 5391 1724 5446 tuam,

167 5451 371 5512 scilicet,
397 5454 733 5516 praedictam
757 5454 1041 5515 Judaeam,
1060 5453 1151 5504 cui
1174 5456 1360 5518 magis
1374 5456 1557 5507 favere
1575 5456 1726 5508 sole-

165 5522 257 5572 bas
286 5536 441 5585 quam
467 5525 585 5575 Gen
596 5525 656 5585 ti,
684 5538 809 5575 eam
826 5524 1120 5576 educendo
1138 5525 1295 5588 prius
1314 5539 1412 5589 per
1432 5540 1589 5578 mare
1609 5528 1727 5579 Ru-

170 5594 312 5644 brum
337 5596 506 5657 (Exod
531 5595 657 5658 12.),
675 5608 849 5659 quam
873 5597 1045 5646 etiam
1064 5607 1276 5647 manna
1296 5598 1497 5662 pavisti
1522 5599 1722 5660 (Exod.

173 5666 291 5726 16.):
324 5671 379 5717 ut
407 5667 545 5729 quid
579 5668 793 5718 avertis
817 5668 879 5715 de
916 5668 1091 5715 medio
1123 5668 1251 5715 sinu
1294 5674 1402 5728 tuo,
1441 5669 1496 5720 id
1523 5675 1629 5727 est,
1654 5670 1726 5722 de

174 5737 427 5788 communi
444 5744 774 5789 sanctorum
791 5737 1096 5799 consortio,
1110 5738 1209 5800 qui
1224 5739 1351 5791 ideo
1373 5740 1641 5791 dicuntur
1655 5741 1726 5791 si-

174 5808 369 5871 nustui,
385 5808 519 5871 quia
535 5807 929 5871 spiritualibus
954 5811 1329 5861 sacramentis
1344 5816 1484 5862 sunt
1508 5809 1721 5875 repleti.

1843 3311 2077 3363 diantur
2099 3312 2421 3364 animabus.
2447 3315 2642 3378 Ipsum
2662 3323 2893 3376 quoque
2918 3310 3231 3375 principem
3255 3308 3445 3362 diabo-

1843 3384 1984 3447 lum,
2010 3387 2183 3446 atque
2207 3384 2507 3436 universas
2524 3385 2652 3448 ejus
2670 3382 3005 3435 altitudines
3018 3388 3075 3433 et
3091 3393 3331 3445 pompas
3355 3393 3448 3444 pa-

1843 3456 1980 3575 ritgr
1990 3455 2148 3577 omni
2154 3460 2446 3519 potentem
2457 3457 2642 3508 Deum
2653 3453 3013 3507 destruxisse
3025 3452 3298 3516 ostendit,
3310 3464 3447 3504 cum

1843 3539 1913 3577 su
1952 3538 2121 3590 jungi
2174 3542 2186 3577 :

1903 3596 1989 3651 14.
2035 3598 2111 3645 Tu
2132 3597 2441 3662 confregisti
2454 3598 2635 3663 capita
2664 3596 2936 3648 draconis.
2957 3594 3154 3658 Capita
3178 3592 3445 3645 draconis
3540 3606 3545 3611 '

1840 3668 1948 3720 dici
1965 3675 2211 3733 possunt
2226 3681 2418 3733 pravm
2442 3669 2858 3734 suggestiones,
2878 3680 3013 3731 quae
3034 3664 3303 3717 adiabolo
3315 3677 3447 3730 pro-

1838 3741 2070 3792 cedunt.
2094 3740 2274 3793 Multa
2289 3742 2476 3805 capita
2498 3741 2670 3792 habet
2693 3741 2803 3791 iste
2829 3739 3097 3791 inimicus
3118 3737 3305 3788 draco.
3332 3737 3445 3788 Ca-

1838 3813 1957 3877 pita
1980 3813 2107 3875 ejus
2133 3817 2272 3865 sunt
2284 3818 2413 3865 octo
2430 3813 2763 3878 principalia
2778 3812 2932 3864 vitia.
2955 3809 3063 3861 Sed
3080 3809 3328 3874 primum
3344 3808 3446 3860 ho-

1835 3897 1965 3935 rum
1989 3889 2161 3947 caput
2178 3889 2266 3936 est
2285 3886 2567 3949 superbiae
2585 3885 2809 3943 vitium,
2838 3883 2908 3935 de
2926 3894 3040 3945 quo
3058 3880 3321 3932 oriuntur
3332 3892 3446 3932 caa-

1838 3960 1976 4007 tera.
2002 3956 2146 4006 Nam
2170 3955 2397 4007 initium
2411 3956 2599 4006 omnis
2616 3955 2833 4019 peccati
2851 3950 3119 4019 superbia
3131 3951 3290 4016 (Eccl.
3311 3950 3394 4005 10.
3404 3953 3441 4012 ).

1836 4027 1984 4077 Hinc
1996 4031 2351 4090 praeceptum
2375 4031 2466 4078 est
2484 4025 2535 4092 3
2546 4023 2596 4092 7
2610 4023 2660 4092 7
2681 4032 2745 4078 ut
2760 4038 2958 4078 semen
2981 4027 3113 4076 Evm
3130 4026 3305 4088 caput
3318 4035 3440 4075 ser-

1832 4097 2026 4161 pentis
2051 4097 2254 4148 debeat
2310 4098 2620 4149 observare
2656 4098 2808 4161 (Gen.
2849 4094 2940 4158 3.).
2989 4095 3300 4147 Admonita
3343 4096 3441 4145 est

1832 4168 1994 4220 enim
2031 4168 2280 4220 Ecclesia
2314 4168 2529 4232 peccati
2558 4168 2788 4219 initium
2830 4166 3105 4219 devitarc.
3133 4166 3439 4217 Confracta

1833 4242 1973 4290 sunt
1996 4251 2131 4302 ergo
2155 4239 2342 4302 capita
2365 4239 2647 4301 draconis,
2671 4239 2967 4290 destructa
2992 4239 3130 4287 sunt
3154 4235 3437 4290 diabolica

1831 4310 1988 4363 vitia.
2014 4312 2149 4360 Nam
2179 4311 2273 4361 ubi
2297 4315 2503 4373 regnat
2523 4312 2700 4374 Deus,
2723 4322 2841 4360 non
2866 4312 3055 4372 potest
3074 4319 3316 4371 regnare
3334 4320 3437 4359 su-

1833 4381 2048 4447 perbia,
2074 4393 2194 4431 non
2225 4393 2372 4432 vana
2395 4380 2593 4443 gloria,
2625 4392 2745 4431 non
2776 4378 3010 4439 invidia,
3035 4390 3155 4429 non
3187 4378 3287 4439 ira,
3315 4390 3434 4431 non

1832 4452 2091 4513 tristitia,
2149 4465 2268 4502 non
2309 4452 2518 4511 acedia,
2564 4463 2684 4501 non
2716 4449 2935 4501 ventris
2971 4448 3280 4513 ingluvies,
3313 4461 3433 4502 non

1835 4524 2078 4576 luxuria.
2116 4523 2273 4574 Talia
2306 4526 2444 4574 sunt
2473 4521 2659 4586 capita
2678 4521 2856 4585 hujus
2893 4519 3114 4572 versuti
3143 4519 3434 4585 draconis,

1759 4577 1816 4650 D
1839 4608 1971 4661 quae
2000 4596 2059 4646 in
2091 4595 2300 4646 virtute
2338 4606 2445 4645 sua
2469 4577 2876 4657 confregit'rex
2904 4596 3121 4643 noster.
3156 4592 3226 4643 Et
3256 4591 3338 4642 sic
3363 4577 3434 4644 ea

1829 4666 2240 4731 confringendo
2260 4669 2622 4729 cperatusest
2654 4664 2901 4716 salutem
2922 4664 2983 4714 in
3014 4662 3206 4715 medio
3230 4667 3420 4725 terra),

1830 4751 1964 4804 quas
1982 4738 2140 4801 prius
2152 4742 2417 4802 corrupta
2428 4740 2566 4798 erat,
2581 4740 2638 4787 et
2648 4736 2983 4800 elanguerat
2995 4734 3191 4786 talium
3206 4736 3426 4784 hostium

1829 4810 2145 4863 invasione.
2184 4811 2251 4861 Et
2275 4809 2410 4873 quid
2435 4808 2506 4859 de
2521 4807 2616 4859 illo
2640 4808 2788 4871 fecit,
2813 4808 2984 4871 cujus
3007 4806 3432 4870 capitaconfre-

1829 4883 1914 4947 git
1936 4884 1962 4931 ‘I
2010 4880 2211 4930 Dedisti
2234 4895 2356 4929 eum
2379 4895 2548 4930 escam
2573 4879 2789 4945 populis
2810 4878 3152 4943 Ethiopum.
3185 4877 3302 4943 Ipsi
3325 4891 3433 4930 vo-

1830 4956 2034 5003 cantur
2057 4951 2131 5003 ad
2158 4952 2355 5015 ﬁnem,
2380 4953 2477 5015 qui
2501 4951 2650 5015 nigri
2668 4951 2917 5002 fuerunt.
2953 4949 3288 5012 Diciturque
3312 4950 3397 5001 eis
3416 4966 3433 4999 :

1829 5023 2045 5075 Fuistis
2066 5023 2376 5086 aliquando
2401 5024 2675 5084 tenebrae,
2699 5035 2856 5073 nunc
2880 5026 3078 5073 autem
3102 5020 3204 5071 lux
3225 5020 3286 5071 in
3310 5022 3427 5072 Do-

1827 5097 1984 5148 mino
2020 5096 2236 5160 (Ephes.
2278 5093 2368 5159 5,).
2400 5097 2485 5147 De
2515 5094 2605 5145 his
2629 5093 2784 5145 enim
2823 5093 2887 5144 ﬁt
2916 5091 3189 5151 Ecclesia,
3215 5090 3307 5141 cui
3328 5090 3430 5160 _di-

1829 5168 1975 5219 citur
1992 5180 2004 5216 :
2028 5158 2168 5228 Quae
2189 5170 2277 5217 est
2290 5158 2404 5225 ista
2414 5178 2546 5229 quae
2560 5163 2822 5217 ascendit
2843 5163 3105 5215 dealbata
3121 5162 3294 5223 (Cant.
3314 5158 3389 5222 6.)
3403 5164 3432 5211 γ

1829 5240 2004 5303 Nigra
2041 5252 2172 5289 sum
2219 5238 2445 5302 (inquit)
2490 5237 2591 5288 sed
2623 5237 2890 5299 formosa,
2935 5235 3070 5286 ﬁlim
3102 5230 3424 5303 Jerusalem

1828 5301 2013 5373 (Cant.
2038 5309 2240 5372 ‘l.).Isti
2278 5301 2757 5372 suntEthiopum
2782 5305 2997 5371 populi,
3016 5303 3228 5373 quibus
3252 5301 3426 5373 draco

1825 5382 1938 5434 iste
1963 5382 2023 5432 in
2050 5393 2243 5434 escam
2275 5381 2447 5432 datus
2472 5384 2577 5431 est.
2605 5380 2727 5429 Hoc
2764 5376 3049 5441 signiﬁcat
3072 5372 3288 5426 vitulus
3310 5372 3423 5438 ille,

1829 5466 2002 5518 quem
2031 5453 2291 5505 adoravit
2310 5451 2560 5517 populus
2582 5448 2848 5506 infidelis,
2880 5458 3053 5518 quem
3086 5444 3427 5518 comminuit

1829 5515 2079 5589 Moyses,
2122 5515 2483 5587 missumque
2506 5523 2567 5573 in
2609 5532 2761 5583 aqua
2796 5518 3016 5589 populo
3042 5516 3232 5567 bibere
3267 5515 3427 5589 dedit

1830 5587 2023 5660 (Erod.
2053 5595 2177 5658 “23.).
2209 5596 2356 5657 Quid
2376 5599 2467 5645 est
2494 5594 2619 5651 hoc,
2647 5591 2759 5642 nisi
2788 5590 2923 5653 quia
2951 5587 3425 5660 adoratoresgdia-

1826 5658 1941 5719 boli
1959 5680 2169 5729 corpus
2198 5667 2329 5718 facti
2348 5669 2485 5716 sunt
2501 5662 2710 5714 Christi
2728 5664 2753 5711 ἰν
2773 5661 2917 5711 Hinc
2936 5660 3039 5722 (Eae
3060 5658 3307 5722 August.)
3331 5660 3425 5710 Pe-

1826 5744 1913 5789 tro
1932 5737 2152 5788 dictum
2178 5742 2269 5787 est
2291 5737 2361 5787 de
2376 5734 2655 5785 Gentibus
2683 5748 2693 5781 :
2716 5733 2897 5782 Macta
2912 5735 2969 5781 et
2983 5729 3267 5780 manduca
3287 5729 3421 5792 (Act.

1827 5808 1954 5870 10.),
1980 5806 2037 5858 id
2052 5812 2173 5869 'est,
2207 5805 2404 5858 occide
2427 5803 2580 5866 quod
2606 5807 2763 5865 sunt,
2788 5806 2846 5853 et
2870 5801 2957 5853 fac
2979 5800 3130 5865 quod
3160 5813 3240 5851 es.
3268 5802 3349 5850 Ac
3374 5797 3422 5847 si
