3880 6222
449 301 550 358 951

1504 295 1774 350 RUFINO
1809 295 2271 348 PRESBYTERO
2307 293 2691 347 ASCRIPTUS
3663 288 3786 343 952

452 416 709 467 dicatur:
755 413 1091 465 Comminue
1122 415 1185 484 et
1202 411 1360 484 bibe.
1378 410 1707 484 _Oportebat
1740 410 1958 484 utique,
1983 412 2048 460 ut
2069 412 2125 484 Α
2156 482 2163 484 Α
2208 406 2294 461 18.
2331 409 2540 458 Memor
2577 411 2681 457 esto
2712 408 2922 484 ‘hujus,
2970 406 3247 484 videlicet
3275 405 3786 484 congregationis

449 500 657 549 corpus
681 486 834 550 quod
859 490 980 536 erat
1002 483 1232 544 diaboli,
1264 482 1548 534 credendo
1574 483 1841 532 transiret
1857 483 1916 531 in
1932 494 2049 532 cor-

449 571 558 620 pus
585 558 827 608 Christi:
867 561 924 606 et
955 556 1038 604 sic
1075 555 1248 605 draco
1286 553 1789 612 comminueretur,
1817 553 2049 603 amissis

453 630 726 680 membris
757 628 896 678 suis.
925 628 1044 676 Hoc
1069 627 1242 676 etiam
1266 625 1574 688 figuratum
1599 630 1687 675 est
1704 626 1761 674 in
1788 629 2050 686 serpente

454 701 654 764 Moysi.
697 702 838 750 Nam
877 698 1134 749 fecerunt
1158 697 1309 760 magi
1348 697 1626 757 similiter,
1664 697 2050 760 projectlsque

452 772 648 834 virgis,
669 771 1054 822 exhibuerunt
1077 769 1370 820 dracones.
1390 767 1498 818 Sed
1529 767 1700 818 draco
1725 769 1904 830 Moysi
1931 781 2054 818 om-

454 842 613 892 nium
648 853 950 903 magorum
974 840 1168 902 virgas
1194 839 1491 889 absorbuit
1521 839 1710 901 (Exod.
1737 838 1804 899 7.)
1839 837 2053 888 Intelli-

455 917 623 974 gatur
646 925 782 976 ergo
807 925 1016 975 corpus
1051 911 1262 962 diaboli
1285 922 1318 960 a
1349 910 1716 961 credentibus
1739 910 2048 960 absorberi.

455 987 525 1035 Et
562 984 784 1035 dicatur
807 989 979 1044 recte,
1012 983 1213 1030 Dedisti
1251 996 1372 1030 eum
1397 995 1568 1030 escam
1590 981 1806 1044 populis
1844 981 2052 1030 (Ethio-

454 1070 606 1117 pum.
638 1054 735 1104 Vel
754 1056 859 1104 hoc
876 1053 1077 1104 modo:
1104 1053 1323 1102 Dedisti
1341 1064 1560 1114 escam,
1585 1052 1718 1114 quia
1733 1051 1904 1102 modo
1929 1065 2054 1101 om-

455 1138 559 1177 nes
581 1124 849 1176 mordent
873 1137 1024 1183 eum,
1053 1123 1472 1187 redarguendo,
1504 1123 1848 1186 accusando,
1874 1123 2053 1174 male-

455 1197 715 1248 dicendo.
741 1198 808 1248 Et
827 1208 942 1260 quo
967 1194 1166 1247 ordine
1180 1195 1290 1246 hoc
1307 1195 1524 1246 factum
1542 1195 1635 1256 sit,
1655 1200 1938 1258 sequutus
1954 1207 2051 1245 os-

460 1268 642 1320 tendit
667 1285 678 1316 :

521 1340 607 1395 15.
644 1340 718 1388 Tu
751 1339 1011 1403 dirupiin
1048 1337 1220 1400 fontes
1250 1342 1296 1384 et
1334 1342 1606 1398 torrentes,
1647 1339 1710 1387 ut
1754 1340 2056 1388 manarent

463 1412 568 1474 (Ea:
581 1411 827 1473 August.)
845 1410 1094 1472 liquores
1113 1408 1410 1472 sapientia:
1426 1412 1479 1457 et
1504 1408 1654 1470 fidei,
1671 1413 1736 1458 ut
1752 1408 2056 1471 irrigarent

461 1483 768 1532 falsitatem
795 1482 1081 1542 Gentium,
1100 1485 1165 1530 ut
1189 1491 1295 1529 sua
1316 1479 1617 1529 dulcedine
1647 1484 1820 1542 atque
1855 1481 2057 1542 irriga-

462 1554 615 1604 tione
651 1557 889 1604 caeteros
912 1555 1331 1602 converterent.
1359 1553 1425 1600 Et
1449 1550 1767 1600 notandum
1805 1551 1956 1613 quod
1995 1550 2054 1600 in

460 1623 585 1676 aliis
607 1623 672 1674 fit
693 1624 937 1674 verbum
959 1623 1056 1672 Dei
1076 1622 1222 1684 fons,
1254 1622 1312 1672 in
1337 1621 1463 1671 aliis
1484 1627 1721 1672 torrens.
1749 1623 2053 1672 Torrentes

462 1695 685 1759 proprie
710 1694 983 1744 dicuntur
1004 1693 1176 1752 fluvii,
1203 1693 1301 1754 qui
1345 1697 1546 1744 aestate
1571 1693 1850 1755 deﬂuunt,
1887 1692 2054 1755 aquis

2149 482 2286 540 tuae,
2312 493 2411 543 pro
2429 492 2544 543 qua
2568 480 2726 531 oravi
2740 480 3021 543 superius.
3051 478 3219 529 Ponit
3234 478 3421 528 etiam
3448 478 3782 528 caecitate:

2148 552 2297 614 ejus,
2336 557 2628 613 tamquam
2649 551 2972 612 intelligens
2998 555 3058 601 et
3079 562 3347 614 gemens,
3375 561 3521 598 cum
3545 548 3778 597 subdit:

2150 623 2809 686 lnimicusimproperavit
2823 623 3077 672 Domino.
3103 621 3369 684 Populus
3398 621 3564 670 enim
3586 619 3784 670 Judai—

2152 707 2256 744 cus
2278 694 2576 757 iniquitate
2596 699 2654 745 et
2671 694 2964 744 inimicitia
2986 693 3199 757 plenus
3220 693 3380 742 dixit
3408 691 3660 750 Christo,
3679 693 3782 739 52:2-

2151 768 2473 816 maritanus
2498 779 2580 826 es,
2602 769 2658 816 et
2693 765 3044 816 daemonium
3065 765 3252 815 habes
3283 763 3477 825 (Joan.
3500 762 3575 822 8.)
3599 764 3780 811 etaim

2151 837 2332 887 multa
2355 838 2656 900 opprobria
2678 835 2756 886 illi
2785 837 2996 886 intulit.
3025 836 3190 887 Unde
3226 835 3435 885 adhuc
3463 833 3738 884 subditur
3760 847 3777 881 :

2152 909 2221 956 Et
2249 908 2481 971 populus
2510 908 2775 971 insipiens
2808 907 3056 955 incitavit
3079 921 3283 955 nomen
3311 911 3500 964 tuum,
3526 905 3586 954 id
3607 910 3716 963 est,
3745 917 3780 951 ε.

2153 982 2228 1029 te.
2248 981 2393 1030 Vere
2415 980 2857 1043 insipiens,vere
2882 979 3116 1040 stultus,
3143 991 3283 1028 vere
3317 978 3496 1029 dura:
3532 976 3780 1026 cervicis

2153 1050 2332 1114 (Exod
2351 1049 2477 1114 '23.),
2518 1051 2616 1113 qui
2643 1055 2725 1100 tot
2757 1050 3035 1101 miracula
3058 1049 3223 1111 vidit,
3251 1054 3312 1099 et
3335 1062 3466 1098 non
3492 1048 3736 1097 credidit
3763 1063 3778 1094 :

2153 1121 2390 1186 insuper
2413 1135 2584 1186 quem
2623 1122 2859 1173 adorare
2891 1121 3186 1184 debuerat,
3217 1120 3461 1171 occidit.
3505 1119 3621 1170 Sed
3645 1122 3781 1180 quia

2153 1194 2386 1256 quidam
2411 1207 2486 1245 ex
2509 1194 2619 1244 illis
2636 1193 2734 1255 qui
2749 1193 3042 1243 Christum
3057 1194 3224 1242 erant
3241 1191 3530 1252 occisuri,
3548 1195 3606 1240 et
3624 1195 3784 1254 post-

2153 1265 2393 1316 modum
2427 1265 2500 1315 ad
2524 1265 2944 1316 confessionem
2970 1267 3029 1314 et
3060 1263 3484 1326 paenitentiam
3521 1262 3598 1312 de
3625 1267 3782 1310 tante

2153 1342 2385 1399 peccato
2411 1336 2641 1387 fuerunt
2667 1335 2920 1398 redituri,
2947 1334 3206 1396 postulat
3242 1346 3350 1397 pro
3377 1335 3488 1393 eis,
3513 1338 3578 1383 et
3613 1332 3780 1382 dicit:

2218 1407 2302 1460 19.
2338 1407 2418 1456 Ne
2442 1409 2625 1455 tradas
2649 1407 2820 1455 bestiis
2843 1407 3096 1454 animam
3119 1407 3475 1466 conﬁtentem
3505 1403 3622 1452 tibi.
3648 1404 3778 1464 Qui-

2155 1478 2264 1528 bus
2303 1478 2503 1529 bestiis
2528 1479 2635 1539 (Ea:
2663 1479 2818 1540 eod.),
2860 1478 2971 1528 nisi
3003 1489 3255 1539 quorum
3292 1477 3495 1539 capita
3531 1478 3780 1525 contrita

2157 1555 2294 1600 sunt
2315 1549 2370 1599 in
2395 1550 2602 1612 aquis?
2635 1553 2778 1600 Nam
2800 1549 2991 1600 dictus
3017 1553 3106 1598 est
3131 1547 3339 1606 bestia,
3365 1547 3487 1604 leo,
3518 1559 3776 1610 serpens,

2155 1621 2342 1681 draco,
2370 1622 2493 1685 ipse
2527 1621 2807 1672 diabolus.
2840 1620 2967 1671 Noli
2999 1618 3274 1682 malignis
3301 1619 3622 1681 spiritibus
3647 1617 3778 1666 dan:

2152 1693 2404 1743 animam
2424 1692 2788 1744 confitentem
2813 1693 2934 1743 tibi.
2963 1693 3220 1742 Locutus
3250 1693 3346 1742 est
3369 1690 3538 1740 enim
3580 1691 3776 1738 Petrus

462 1769 656 1846 autem
673 1763 1018 1850 hiemalibus
1036 1764 1389 1814 inundantur
1406 1763 1932 1850 etcurrunt.nVides
1949 1764 2054 1814 ho-
2080 1775 2136 1850 B
2161 1763 2451 1821 Israelitis,
2476 1764 2755 1850 quoniam)
2773 1764 2882 1827 ipsi
2917 1763 3272 1850 occidissent
3315 1762 3646 1842 Qhristum.
3674 1761 3776 1840 Qui

463 1836 677 1887 minem
696 1835 923 1886 fidelem
940 1840 1438 1898 perseveraturum
1455 1847 1638 1896 usque
1655 1835 1714 1884 in
1731 1835 1922 1896 tinem,
1939 1846 2056 1884 non

463 1907 792 1960 relicturum
833 1907 1016 1958 Deum
1042 1907 1102 1957 in
1144 1906 1300 1956 omni
1335 1907 1670 1967 tentatione,
1703 1912 2060 1969 cunctasque

463 1979 758 2030 molestias
775 1977 1181 2028 sustinentem.
1198 1978 1300 2028 Hic
1314 1978 1466 2028 unde
1480 1979 1650 2040 viget,
1663 1978 1777 2028 nisi
1795 1979 1929 2041 quia
1943 1991 2061 2029 ver-

465 2052 604 2102 bum
629 2049 729 2100 Dei
755 2049 966 2100 factum
993 2053 1083 2099 est
1104 2049 1161 2098 in
1179 2062 1245 2099 eo
1270 2049 1398 2099 fons
1419 2061 1588 2112 aquas
1610 2048 1867 2100 salientis
1890 2049 1949 2098 in
1974 2049 2058 2099 vi-

465 2123 582 2173 tam
600 2124 875 2173 aeternam
896 2121 1073 2184 (Joan.
1093 2121 1182 2178 4.).
1200 2125 1225 2170 ‘t
1240 2120 1402 2172 Alius
1418 2121 1634 2184 accepit
1647 2122 1904 2183 verbum,
1922 2133 2061 2184 prae-

465 2193 636 2254 dicat,
653 2205 771 2243 non
788 2197 936 2242 tacet
952 2196 1008 2242 et
1023 2192 1212 2242 currit.
1242 2191 1452 2254 Aliqua
1467 2192 1727 2242 fortassis
1746 2194 2058 2244 tentatione

468 2264 754 2327 tangitur:
780 2275 896 2314 non
922 2267 1114 2325 potest
1142 2262 1285 2313 ferre
1307 2268 1537 2326 aestum,
1562 2264 1771 2326 deficit,
1803 2265 2060 2315 exsicca-

468 2341 576 2386 tur.
603 2336 798 2384 Estus
823 2346 956 2396 ergo
991 2334 1193 2397 probat
1217 2334 1402 2385 fontes
1427 2339 1481 2384 et
1512 2337 1809 2385 torrentes.
1839 2337 2058 2386 Tamen

469 2419 541 2458 ex
555 2411 801 2468 utroque
816 2405 1032 2468 rigetur
1049 2409 1214 2466 terra,
1231 2405 1303 2456 ab
1319 2418 1388 2456 eo
1405 2406 1500 2468 qui
1515 2411 1782 2469 operatus
1799 2411 1888 2457 est
1904 2407 2060 2456 salu-

469 2481 586 2528 tem
611 2477 672 2527 in
695 2476 882 2526 medio
910 2480 1095 2527 terrm.
1137 2477 1214 2524 Tu
1236 2476 1442 2524 siccasti
1465 2477 1655 2539 ﬂuvios
1679 2479 1882 2527 Ethan.
1911 2477 2058 2529 Alibi

469 2547 683 2612 rumpit
705 2549 859 2600 Deus
885 2546 1088 2609 fontes,
1106 2550 1172 2598 ut
1194 2552 1457 2598 currant:
1478 2547 1611 2598 alibi
1639 2549 1815 2600 siccat
1831 2549 2056 2612 fluvios,

470 2623 536 2671 ut
559 2631 676 2670 non
705 2620 918 2670 ﬂuant:
947 2618 1050 2668 sed
1071 2618 1262 2681 ﬂuvios
1288 2620 1510 2683 (inquit)
1537 2620 1740 2682 Ethan,
1780 2620 1935 2682 quod
1972 2620 2062 2670 in-

471 2694 814 2754 terpretatur
828 2689 1092 2739 robustus.
1111 2690 1284 2751 Quasi
1304 2690 1527 2741 robusti
1557 2693 1712 2751 sunt,
1738 2693 1836 2754 qui
1863 2691 1933 2742 de
1952 2691 2063 2740 vir-

471 2765 594 2813 tute
612 2773 718 2811 sua
735 2765 1114 2824 praesumunt.
1135 2761 1428 2812 Siccentur
1443 2762 1681 2812 flumina
1696 2774 1893 2812 eorum
1911 2775 1924 2811 :
1944 2774 2062 2812 non

471 2832 770 2897 proficiant
785 2831 1062 2884 doctrinas
1078 2833 1340 2895 gentium
1359 2849 1368 2880 :
1389 2844 1506 2883 non
1520 2837 1672 2882 artes
1695 2831 2063 2895 philosopho-

470 2917 600 2956 rum
617 2917 629 2953 :
657 2909 880 2954 arescat
893 2903 1082 2954 omnis
1098 2903 1283 2953 inanis
1299 2907 1356 2953 et
1378 2908 1607 2953 tumens
1619 2903 1860 2953 dotrina.
1879 2906 2063 2954 Inun-

473 2975 684 3027 dentur
719 2973 872 3025 dulci
911 2976 967 3024 et
1009 2973 1172 3024 suavi
1207 2973 1379 3033 fonte,
1426 2972 1737 3035 Evangelio
1782 2974 2055 3025 veritatis.

537 3045 624 3100 16.
670 3045 813 3094 Tuus
840 3048 913 3094 est
952 3043 1079 3101 dies,
1126 3048 1173 3090 et
1208 3048 1302 3090 tua
1326 3048 1396 3090 est
1424 3058 1552 3091 nor.
1583 3042 1916 3112 Quis
1953 3045 2061 3096 hoc

2161 1837 2489 1899 compuncti
2527 1835 2695 1886 corde
2723 1835 3025 1886 dixerunt:
3056 1834 3204 1895 Quid
3241 1833 3538 1883 faciemus
3562 1836 3592 1881 ἢ
3616 1833 3774 1893 Agite

2159 1907 2381 1970 (inquit)
2405 1907 2821 1971 paenitentiam,
2847 1906 3244 1970 etbaptizetur
3272 1905 3693 1967 unusquisque
3715 1904 3770 1952 in

2161 1979 2393 2029 nomine
2415 1978 2626 2028 Christi
2645 1996 2655 2026 :
2683 1982 2740 2028 et
2757 1978 3124 2028 dimittentur
3137 1976 3305 2028 vobis
3322 1981 3577 2040 peccata
3591 1979 3770 2024 vestra

2162 2051 2293 2111 (Act.
2339 2050 2429 2113 2.).
2469 2050 2702 2100 Dicatur
2733 2063 2911 2113 ergo:
2951 2050 3031 2097 Ne
3067 2049 3257 2097 tradas
3290 2049 3480 2095 bestiis
3525 2047 3764 2094 animos;

2159 2123 2495 2182 conﬁtentem
2528 2120 2639 2170 tibi.
2677 2122 2816 2170 Nam
2843 2119 3097 2180 serpenti
3133 2119 3211 2169 illi
3236 2119 3296 2168 in
3321 2115 3605 2182 paradiso
3632 2115 3765 2177 (Gen.

2161 2192 2250 2255 3.).
2266 2204 2544 2244 concessa
2559 2197 2647 2242 est
2665 2189 2717 2256 3
2729 2189 2778 2257 7
2789 2188 2841 2258 9
2859 2191 3150 2254 peccatrix
3165 2196 3337 2250 terra,
3352 2201 3478 2239 non
3491 2186 3770 2238 conﬁtens

2159 2266 2369 2315 anima.
2393 2264 2459 2311 Et
2478 2264 2697 2311 animas
2719 2277 3023 2325 pauperum
3045 2267 3287 2319 tuorum,
3307 2261 3369 2311 id
3391 2265 3508 2317 est.
3535 2264 3771 2309 contem-

2161 2341 2352 2388 torum
2386 2335 2605 2394 mundi,
2638 2349 2706 2382 ne
2734 2333 3065 2382 obliviscaris
3095 2334 3157 2381 in
3186 2335 3377 2392 finem.
3412 2331 3595 2382 Modo
3628 2331 3767 2380 enim

2162 2408 2328 2472 quasi
2362 2406 2556 2458 oblitas
2579 2419 2614 2456 a
2637 2411 2692 2456 te
2722 2405 3008 2466 videntur,
3035 2405 3179 2456 dum
3203 2404 3502 2461 esuriunt,
3530 2402 3674 2452 dum
3699 2401 3767 2449 si-

2162 2482 2333 2542 tiunt,
2359 2480 2500 2529 dum
2537 2476 2988 2528 consolationem
3013 2482 3298 2527 terrenam
3332 2487 3369 2524 a
3395 2479 3454 2525 te
3481 2486 3605 2524 non
3631 2472 3770 2522 acci.

2161 2552 2346 2614 piunt,
2389 2549 2532 2600 dum
2557 2547 2918 2611 tribulantur,
2943 2548 3085 2598 dum
3110 2547 3557 2611 despiciuntur:
3585 2543 3685 2593 sed
3711 2542 3765 2590 in

2161 2623 2338 2674 tinem
2369 2634 2488 2672 non
2523 2619 2898 2681 Oblivisceris,
2930 2619 3166 2681 quando
3193 2616 3562 2669 aaternaliter
3585 2626 3768 2665 remu-

2163 2694 2538 2745 nerabuntur.

2223 2765 2310 2819 ‘20.
2336 2764 2547 2828 Respice
2590 2763 2649 2811 in
2699 2765 3071 2811 testamentum
3129 2767 3305 2809 tuum.
3355 2758 3580 2818 Redde,
3624 2753 3769 2819 quod

2165 2833 2748 2901 promisisti.Tabulas
2763 2839 3048 2894 tenemus,
3065 2833 3225 2884 heere
3233 2832 3485 2883 ditatem
3507 2833 3766 2892 expecta-

2163 2921 2316 2960 mus.
2343 2910 2411 2958 Et
2432 2918 2669 2958 necesse
2698 2909 2788 2956 est
2809 2910 2874 2956 ut
2896 2905 3190 2968 respicias,
3230 2904 3379 2962 Quia
3409 2901 3604 2966 repleti
3628 2904 3764 2958 sunt,

2163 2980 2260 3044 qui
2283 2977 2682 3027 obscuratisunt
2706 2982 2855 3025 terra:
2870 2975 3119 3025 domibus
3141 2974 3538 3038 iniquitatum.
3555 2974 3766 3044 Domus

2161 3042 2377 3103 nostras
2408 3049 2514 3112 (Eae
2536 3049 2717 3112 λιαρὴ,
2758 3048 2930 3099 corda
2961 3050 3180 3098 nostra.
3214 3047 3299 3096 Ibi
3326 3045 3588 3097 libenter
3618 3042 3767 3094 habi-

475 3119 716 3194 isqquat
744 3115 878 3194 Sima-
901 3113 1315 3194 iP§efe°nh33°
1331 3113 1569 3194 omnia?
1592 3115 1702 3194 sed
1726 3116 1940 3194 aliquid
1959 3117 2068 3179 (Ex
2091 3117 2142 3194 C
2171 3127 2294 3174 tant
2317 3122 2468 3173 beati
2491 3119 2917 3194 mundocorde.
2941 3118 3182 3194 Respice
3207 3129 3344 3181 ergo
3370 3117 3433 3194 in
3451 3121 3766 3194 testamenf

473 3189 613 3251 eod.)
627 3187 939 3250 intelligere
950 3185 1247 3244 debemus,
1261 3185 1415 3248 quod
1429 3186 1788 3249 pertineatad
1803 3188 2066 3253 salutem,

470 3273 644 3326 quam
659 3259 928 3322 operatus
943 3255 1104 3306 estin
1116 3255 1301 3307 medio
1313 3260 1498 3308 terrae.
1517 3257 1624 3319 Qui
1641 3263 1778 3310 sunt
1790 3259 1931 3324 dies,
1955 3261 2071 3311 nisi

474 3329 796 3396 spirituales
807 3331 833 3378 ‘?
847 3326 953 3388 Qui
965 3332 1079 3375 sunt
1093 3341 1210 3390 nox,
1225 3329 1324 3375 nisi
1337 3331 1580 3377 carnales.
1594 3333 1696 3378 Non
1711 3335 1850 3391 potui
1867 3333 2068 3395 (inquit)

482 3400 816 3463 vobisloqui
837 3403 1132 3461 tamquam
1147 3401 1499 3460 spiritualibus
1515 3403 1602 3448 sed
1623 3409 1870 3464 tamquam
1890 3419 2070 3452 carna-

476 3476 593 3527 libu
603 3487 648 3524 S.
666 3470 905 3534 Quando
919 3469 1242 3533 spirituales
1255 3473 1330 3531 spi
1340 3473 1539 3518 ritualia
1550 3474 1739 3532 loquun
1749 3478 1958 3536 tur,dies
1971 3477 2072 3523 diei

478 3546 704 3597 eructat
731 3543 970 3593 verbum
995 3541 1157 3602 (Psal.
1189 3541 1313 3604 18.).
1342 3542 1484 3592 Cum
1509 3555 1640 3594 vero
1664 3550 1721 3595 et
1744 3546 1851 3608 ipsi
1873 3559 2072 3597 carna-

477 3617 562 3668 les
587 3627 706 3665 non
740 3618 931 3664 tacent
957 3612 1149 3675 fidem,
1181 3626 1299 3663 nox
1323 3613 1476 3664 nocti
1508 3613 1721 3667 indicat
1752 3618 2068 3669 scientiam.

477 3687 623 3748 Ergo
647 3689 776 3734 tuus
804 3689 876 3732 est
909 3682 1034 3746 dies,
1062 3688 1106 3731 et
1141 3687 1234 3731 tua
1260 3690 1330 3732 est
1354 3698 1481 3732 nox.
1510 3687 1614 3736 Tui
1647 3693 1783 3738 sunt
1806 3689 2070 3752 spiritua-

479 3757 581 3812 les.
599 3755 682 3806 tui
708 3759 848 3805 sunt
863 3753 1138 3805 carnales.
1158 3753 1291 3806 Illos
1314 3754 1570 3808 illustras
1586 3758 2070 3811 incommutabilis

479 3826 777 3891 sapientiae
807 3826 1076 3876 veritate:
1114 3825 1258 3876 istos
1295 3827 1626 3892 consolaris,
1663 3831 1854 3881 carnis
1888 3832 2073 3882 mani-

476 3898 801 3950 testatione.
832 3897 909 3946 Tu
940 3896 1236 3959 fabricatus
1251 3913 1301 3968 es
1326 3913 1588 3949 auroram
1612 3907 1656 3949 et
1680 3902 1857 3966 solem,
1882 3903 1937 3954 id
1964 3908 2070 3968 est,

481 3975 538 4022 tu
560 3969 740 4020 fecisti
756 3969 999 4032 gratiam
1017 3971 1072 4019 et
1089 3967 1447 4033 sapientiam.
1466 3973 1761 4033 Quomodo
1775 3975 1926 4026 enim
1943 3967 2075 4040 post

478 4043 705 4092 noctem
731 4052 954 4103 aurora,
975 4040 1056 4090 sic
1072 4045 1204 4104 post
1231 4040 1455 4105 culpam
1475 4045 1674 4106 gratia.
1693 4046 1761 4095 Et
1777 4046 1925 4097 sicut
1943 4051 2074 4110 post

475 4124 742 4164 auroram
785 4113 869 4162 sol
901 4111 1226 4171 inardescit,
1258 4113 1338 4164 ita
1366 4119 1424 4165 et
1460 4127 1561 4178 per
1583 4116 1847 4168 effectum
1873 4120 2073 4182 gratim

476 4187 578 4236 Del
605 4184 902 4248 sapientiae
925 4183 982 4234 in
1023 4183 1292 4235 cordibus
1315 4183 1627 4238 electorum
1655 4200 1754 4252 per
1778 4190 2072 4242 caritatem

477 4255 763 4308 fervescit.
784 4257 854 4306 Et
868 4255 1018 4306 sicut
1041 4268 1158 4307 non
1181 4261 1270 4307 est
1296 4256 1420 4308 dies
1445 4258 1558 4308 nisi
1582 4271 1680 4322 per
1705 4259 2074 4314 illuminatio-

479 4339 616 4378 nem
649 4326 789 4378 solis
817 4345 827 4375 :
859 4327 942 4377 sic
977 4339 1098 4378 non
1121 4331 1213 4380 est
1235 4328 1455 4393 justus,
1480 4329 1591 4380 nisi
1616 4330 1692 4382 sit
1718 4330 2073 4385 illuminatus

477 4398 606 4450 luce
629 4397 962 4450 divinitatis.

541 4469 626 4523 17.
671 4470 748 4519 Tu
804 4469 975 4532 fecisti
1030 4483 1213 4519 omnes
1267 4471 1524 4520 terminos
1568 4477 1732 4521 terrae.
1784 4474 2074 4528 Terminat

478 4541 634 4592 enim
643 4529 1060 4604 Deusgratiam
1077 4553 1262 4605 suam,
1277 4554 1452 4604 quam
1466 4542 1565 4594 dat
1579 4544 1850 4596 Ecclesia;
1865 4559 1987 4598 suae
1998 4547 2072 4598 ad
2098 4529 2156 4603 Β

477 4623 811 4662 mensuram
837 4613 1010 4674 (Rom.
1044 4611 1162 4676 12.).
1191 4614 1318 4664 Non
1341 4613 1492 4664 enim
1528 4615 1751 4677 proficit
1774 4617 1830 4666 in
1861 4619 2072 4670 virtute

479 4686 536 4732 et
554 4682 737 4744 gratia
752 4695 905 4733 unus
918 4684 1086 4746 quisq
1097 4696 1165 4735 ue
1180 4688 1463 4747 quantum
1477 4687 1652 4750 cupit,
1671 4687 1770 4738 sed
1788 4694 2070 4750 quantum

478 4751 678 4824 placet,
703 4752 754 4801 ei
789 4752 1040 4804 dividere
1073 4758 1241 4806 terrae
1280 4768 1422 4816 suas,
1457 4757 1554 4819 qui
1592 4759 1870 4810 terminos
1895 4762 2071 4824 ponit.

477 4822 622 4898 Volo
648 4823 854 4898 (inquit
887 4826 1218 4898 Apostolus)
1242 4839 1444 4879 omnes
1485 4831 1779 4892 tamquam
1803 4822 2073 4898 meesse,

479 4891 579 4972 sed
595 4893 996 4972 unusquisque
1006 4897 1482 4972 propriumhabet
1495 4891 1711 4952 donum
1724 4903 1902 4954 aDeo:
1925 4891 2075 4957 alius

480 4962 580 5022 sic,
607 4966 666 5038 et
687 4962 836 5038 alius
862 4964 944 5014 sic
983 4964 1046 5027 (1.
1089 4967 1208 5017 Cor.
1246 4968 1316 5029 7.)
1348 4969 1607 5019 Ai‘statem
1640 4978 1684 5021 et
1719 4989 1808 5021 ver
1844 4978 1901 5022 tu
1922 4975 2075 5038 plas-

478 5033 639 5082 masti
649 5048 735 5104 ea,
746 5033 800 5082 id
815 5038 923 5094 est,
937 5040 1198 5088 maturos
1213 5040 1494 5092 moribus:
1510 5043 1643 5104 quia
1654 5043 1715 5094 in
1727 5033 1934 5097 aestate
1942 5052 2077 5100 sunt

479 5104 693 5156 maturi
715 5103 954 5179 fructus,
979 5109 1034 5157 et
1064 5108 1350 5172 florentes,
1371 5103 1587 5164 scilicet
1618 5116 1928 5179 primordia
1964 5119 2074 5170 vir-

479 5181 674 5228 tutum
697 5175 1197 5242 emittentes,quia
1213 5180 1272 5232 in
1287 5195 1422 5233 vere
1439 5175 1758 5237 nascuntur
1778 5189 1965 5240 flores.
1997 5191 2074 5239 Tu

477 5247 760 5312 plasmasti
787 5263 870 5307 ea,
905 5250 1242 5302 neutraliter
1278 5251 1493 5304 dictum
1529 5261 1643 5307 est:
1679 5268 1745 5308 ac
1784 5259 1832 5308 si
1857 5260 2075 5314 dicere-

478 5321 572 5399 tur
605 5333 627 5399 ί
647 5319 716 5369 Et
733 5318 1022 5399 perfectos
1043 5323 1100 5399 et
1115 5322 1369 5374 novellos
1385 5336 1586 5399 omnes
1604 5330 1664 5376 tu
1682 5326 1882 5379 fecisti.
1901 5331 1985 5382 Tu
2009 5344 2073 5384 es

477 5389 575 5451 qui
595 5389 700 5440 das
728 5395 956 5452 terram,
975 5397 1033 5444 et
1051 5397 1113 5444 tu
1139 5405 1266 5445 eam
1286 5395 1580 5459 terminas,
1605 5402 1662 5449 et
1678 5406 1961 5462 quantum
1986 5402 2072 5454 vis

475 5463 534 5542 et
553 5462 841 5542 quomodo
866 5463 975 5527 vis,
998 5469 1060 5542 tu
1088 5477 1214 5516 eam
1240 5465 1582 5520 fructificare
1603 5470 1758 5521 facis.
1785 5473 1910 5522 Non
1938 5486 2072 5537 ergo

473 5529 807 5606 glorientur,
847 5537 1012 5597 quasi
1049 5549 1167 5588 non
1204 5540 1561 5604 acceperint:
1590 5547 1647 5590 tu
1680 5543 1964 5606 plasmasti
1987 5529 2068 5597 εἷα.

474 5600 1115 5682 μᾳεζρᾶροξηωθηᾱδιὶο
1129 5611 1331 5682 gratiae
1342 5600 1450 5662 Dei
1463 5615 1552 5663 est
1569 5612 1627 5664 in
1644 5600 1896 5666 Ecclesia
1913 5615 2071 5669 Chri-

474 5673 565 5720 sti.
594 5673 812 5725 Deinde
834 5680 892 5727 et
927 5690 1028 5741 pro
1052 5679 1175 5730 suis
1199 5683 1343 5744 orat,
1367 5682 1594 5734 dicens:

543 5809 562 5829 ·
593 5803 852 5860 Rescribi
874 5821 948 5863 ex
981 5813 1309 5878 Augustino
1332 5817 1550 5881 malim,
1576 5818 1845 5881 deﬁciunt.

2169 3199 2294 3246 tum
2317 3197 2502 3253 tuum,
2527 3196 2593 3243 ut
2625 3191 2879 3253 reliquias
2915 3190 3096 3241 salvae
3119 3190 3282 3250 flant,
3307 3189 3452 3251 quia
3489 3187 3664 3238 multi
3684 3185 3764 3248 qui

2168 3265 2477 3318 attendunt
2499 3263 2572 3314 ad
2598 3265 2823 3323 terram,
2840 3261 3133 3312 obscurati
3147 3266 3288 3311 sunt
3305 3265 3368 3310 et
3385 3258 3596 3322 repleti
3617 3263 3764 3308 terra.

2168 3336 2403 3388 Intravit
2425 3336 2485 3386 in
2514 3334 2712 3386 oculos
2749 3346 2949 3384 eorum
2982 3333 3194 3397 pulvis,
3221 3336 3282 3382 et
3310 3330 3644 3382 excmcavit
3664 3340 3766 3378 eos.

2171 3411 2238 3460 Et
2259 3409 2473 3459 factum
2486 3411 2594 3464 est,
2619 3405 2773 3469 quod
2797 3405 2929 3455 alibi
2951 3405 3185 3455 dicitur:
3204 3404 3620 3454 Obscurentur
3635 3399 3768 3452 oculi

2169 3491 2389 3540 eorum,
2440 3491 2514 3529 ne
2553 3477 2783 3528 videant
2813 3476 2973 3535 (Psat.
3011 3474 3140 3536 68.).
3187 3477 3379 3535 Quare
3423 3473 3539 3524 hoc
3577 3476 3601 3521 ?
3641 3471 3769 3531 Quia

2169 3550 2367 3616 repleti
2412 3553 2550 3600 sunt
2578 3547 2823 3596 domibus
2853 3547 3232 3610 iniquitatum,
3261 3545 3323 3595 id
3352 3550 3470 3607 est,
3509 3543 3768 3616 cordibus

2168 3613 2353 3685 malis,
2380 3621 2459 3672 illi
2483 3621 2582 3684 qui
2611 3619 2899 3671 obscurati
2923 3623 3081 3675 sunt,
3105 3617 3467 3668 adhaerendo
3495 3621 3692 3668 terra.
3715 3613 3770 3662 Et

2165 3695 2293 3746 ideo
2318 3695 2468 3744 diro:
2499 3692 2755 3755 Respice,

2229 3765 2315 3820 21.
2362 3768 2436 3815 Ne
2471 3753 2748 3812 avertatur
2769 3760 2995 3812 humilis
3029 3760 3208 3821 factus
3239 3757 3526 3819 confusus.
3565 3757 3644 3807 De
3686 3753 3769 3804 illo

2169 3837 2276 3888 hoc
2314 3836 2470 3896 dicit,
2506 3836 2576 3886 de
2609 3848 2723 3897 quo
2755 3833 2922 3897 paulo
2946 3837 3080 3883 ante
3102 3831 3210 3880 ait:
3240 3832 3325 3880 Ne
3350 3829 3556 3880 tradas
3582 3826 3769 3878 bestiis

2169 3909 2421 3961 animam
2445 3907 2812 3958 confitentem
2842 3904 2959 3956 tibi.
2989 3902 3250 3953 Postulat
3280 3907 3346 3952 ut
3377 3901 3494 3963 ille,
3536 3899 3636 3964 qui
3662 3910 3771 3962 pec-

2169 3983 2296 4032 cata
2319 3993 2423 4030 sua
2439 3978 2741 4040 confitens,
2762 3975 2997 4027 humilis
3013 3975 3200 4025 factus
3217 3976 3327 4036 est,
3341 3985 3465 4024 non
3484 3975 3769 4024 avertatur

2169 4066 2202 4102 a
2224 4049 2612 4102 misericordia
2634 4047 2754 4104 Dei,
2779 4059 2812 4097 a
2826 4051 3094 4110 respectu
3112 4057 3238 4096 suae
3258 4045 3624 4096 clementiae:
3650 4041 3770 4106 quis

2171 4123 2219 4173 si
2240 4126 2612 4183 averteretur,
2639 4118 3106 4179 confunderetur,
3131 4121 3190 4168 et
3207 4116 3413 4166 bestiis
3440 4115 3766 4166 traderetur.

2169 4192 2388 4245 Deinde
2413 4191 2481 4242 de
2506 4203 2752 4256 paupere
2776 4189 2890 4252 illo,
2910 4189 2980 4240 de
3006 4201 3121 4252 quo
3141 4188 3362 4239 ibidem
3389 4187 3674 4247 subdidit,
3685 4185 3768 4236 hic

2170 4265 2342 4316 etiam
2379 4263 2728 4314 mentionem
2765 4261 2916 4323 facit,
2951 4260 3250 4311 subdens:
3283 4259 3510 4324 Pauper
3545 4264 3592 4307 et
3627 4258 3769 4320 inops

2172 4335 2474 4384 laudabunt
2499 4348 2694 4382 nomen
2714 4337 2887 4383 tuum.
2916 4334 3138 4395 Pauper
3159 4331 3262 4382 Dei
3285 4335 3399 4393 est,
3424 4331 3528 4394 qui
3558 4329 3699 4380 nihil
3717 4329 3768 4378 in

2171 4408 2280 4460 hoc
2320 4405 2536 4457 mundo
2569 4405 2798 4469 appetit,
2839 4405 2940 4467 qui
2973 4403 3045 4455 de
3081 4404 3273 4467 seipso
3310 4415 3433 4453 non
3461 4400 3765 4465 praesumit,

2176 4479 2273 4542 qui
2294 4479 2444 4529 bona
2477 4475 2730 4528 calestia
2760 4475 3028 4526 ardenter
3061 4473 3440 4538 concupiscit.
3470 4476 3648 4537 Inops
3675 4474 3766 4528 est,

2177 4550 2270 4614 qui
2284 4548 2438 4599 omni
2451 4560 2557 4611 ope
2569 4547 2822 4597 humana
2833 4546 3172 4608 destitutus,
3190 4557 3308 4596 non
3325 4545 3542 4608 quaerit
3552 4542 3768 4594 aliunde

2170 4633 2358 4685 opem,
2389 4619 2503 4669 nisi
2539 4631 2574 4668 a
2615 4621 2734 4669 Deo
2773 4618 2914 4675 solo,
2953 4617 3011 4668 in
3048 4629 3165 4679 quo
3200 4619 3381 4667 totam
3409 4629 3580 4679 spem
3617 4624 3767 4664 suam

2171 4691 2486 4744 constituit.
2520 4689 2683 4741 Tales
2704 4689 2925 4753 (inquit)
2954 4701 3235 4752 pauperes
3261 4692 3316 4738 et
3350 4687 3562 4750 inopes
3588 4685 3771 4738 lauda-

2172 4765 2321 4815 bunt
2343 4774 2554 4813 nomen
2580 4765 2765 4812 tuum.
2792 4759 2958 4811 Tales
2983 4761 3138 4810 enim
3171 4759 3366 4810 idonei
3389 4763 3536 4809 sunt
3561 4758 3636 4808 ad
3660 4758 3771 4808 lau-

2172 4835 2430 4887 dandum
2455 4835 2658 4894 Deum,
2683 4845 2828 4896 quos
2855 4832 3142 4893 cupiditas
3159 4845 3276 4882 non
3304 4833 3610 4894 angustat,
3637 4839 3773 4892 quos

2173 4907 2380 4958 caritas
2405 4905 2624 4968 dilatat,
2661 4917 2807 4968 quos
2837 4904 2957 4955 vita
2980 4903 3372 4953 commendat.
3409 4904 3481 4953 Et
3506 4903 3659 4952 sicut
3681 4912 3770 4964 pro

2174 4977 2580 5030 confitentibus
2593 4975 2902 5040 postulavit
2919 4975 3167 5036 veniam,
3195 4974 3276 5024 ita
3290 4986 3450 5024 nunc
3473 4986 3578 5038 pro
3599 4985 3774 5037 perse-

2172 5047 2504 5101 verantibus
2528 5047 2590 5097 in
2615 5051 2846 5111 peccato
2878 5047 3064 5096 Deum
3095 5048 3315 5096 excitat
3342 5044 3416 5095 ad
3443 5045 3768 5095 vindictam.

2173 5120 2336 5174 Unde
2349 5132 2464 5170 non
2477 5122 2596 5170 tam
2609 5117 2840 5178 orando,
2856 5129 3030 5180 quam
3046 5116 3447 5180 prOphetando
3460 5117 3586 5178 subj
3597 5116 3767 5179 ungit:

2235 5190 2322 5244 22.
2348 5191 2612 5254 Exsurge,
2639 5191 2796 5248 Deus,
2826 5189 3023 5252 judica
3059 5203 3287 5237 causam
3313 5194 3492 5237 tuam.
3531 5190 3767 5238 Causam

2173 5275 2345 5325 quam
2357 5275 2464 5313 nos
2477 5261 2841 5325 suscepimus
2853 5259 3272 5311 defendendam
3281 5298 3293 5319 ,
3307 5259 3397 5309 fac
3408 5261 3493 5310 eis
3504 5271 3766 5323 apparere

2167 5333 2408 5397 justam,
2442 5334 2654 5384 scilicet
2687 5333 2822 5395 quia
2854 5331 2937 5382 sic
2963 5332 3219 5394 oportuit
3242 5331 3363 5394 pati
3393 5330 3682 5381 Christum
3713 5333 3765 5380 et

2170 5417 2468 5467 resurgere
2493 5404 2802 5465 amortuis,
2831 5408 2886 5454 et
2909 5403 2991 5453 sic
3014 5402 3229 5452 intrare
3254 5403 3314 5452 in
3332 5402 3580 5464 gloriam
3608 5412 3761 5452 suam

2171 5476 2315 5536 (Luc.
2359 5475 2485 5537 24.).
2518 5477 2763 5537 Eat-surge
2784 5478 2849 5524 ut
2878 5473 3122 5538 judices.
3161 5473 3285 5524 Nisi
3321 5474 3478 5524 enim
3505 5473 3658 5537 prius
3679 5484 3759 5522 re-

2171 5559 2376 5611 surgas
2392 5560 2426 5598 a
2442 5545 2951 5608 mortuis,minime
2967 5545 3279 5607 judicabis.
3307 5546 3456 5595 Nam
3481 5545 3586 5605 (Ea:
3613 5545 3756 5606 Aug.)

2167 5629 2286 5668 non
2310 5623 2584 5669 venturus
2602 5616 2834 5667 essetad
2848 5615 3156 5676 judicium,
3173 5615 3443 5677 nisiquia
3460 5615 3694 5666 surrexit
3718 5625 3748 5662 a

2169 5689 2430 5741 mortuis.
2469 5689 2730 5740 Christus
2751 5687 3036 5738 venturus
3062 5687 3588 5748 praenuntiabatur.
3614 5684 3746 5736 venit

3835 183 3852 630 τ
