3880 6222
57 352 129 409 S3
1051 354 1124 404 IN
1174 352 1496 406 PSALMOS
1541 352 1749 405 LXXV
1801 353 2383 410 COMMENTARIUS.

3255 354 3364 410 954

58 474 187 544 .cut
214 468 532 544 Scriptura
546 468 834 544 praedixjt.
862 467 1670 544 Implevitjustitiam,p_rsedi-
1691 471 1748 544 Α
1771 470 1952 519 morte
1963 469 2302 544 destruitur,
2326 471 2474 534 quod
2488 477 2754 537 peccator
2775 434 2848 524 ad
2868 469 3109 544 gratiam
3125 469 3366 544 damna-

58 556 130 592 ιν
143 543 190 592 it
215 541 415 591 vitam
429 546 726 592 aeternam.
748 542 815 590 Et
829 545 1021 591 tamen
1036 545 1366 591 contemtus
1380 544 1470 592 est
1490 541 1549 590 in
1565 545 1671 591 ter-

57 616 130 671 is,
166 618 233 664 et
260 613 468 663 adhuc
493 612 880 663 contemnitur
895 612 954 662 in
975 613 1150 663 caelis.
1180 616 1299 663 lloc
1323 619 1413 664 est
1443 615 1668 676 propter

58 684 200 746 uod
231 686 534 733 venturus
564 686 653 734 est
675 683 748 732 ad
774 682 1055 744 judicium
1089 684 1454 747 omnipotens
1492 685 1667 746 Deus,

58 757 247 816 Jique
269 766 550 804 caussam
566 766 731 803 suam
745 753 1247 804 demonstraturus
1264 756 1549 814 etjudicatu
1559 771 1668 818 rus,

67 825 336 875 stendet
372 837 548 890 quam
570 825 793 887 justam
806 837 1075 875 caussam
1088 825 1310 887 habuit,
1328 839 1497 888 quam
1514 826 1668 888 inju-

58 901 200 946 tam
237 909 482 959 pcnnam
509 896 788 946 sustinuit
813 910 825 944 :
853 901 911 946 et
930 896 988 946 in
1012 897 1223 959 quibus
1249 897 1476 960 culpam
1503 898 1667 948 inve-

57 969 190 1030 iiet,
225 967 500 1018 districte
520 968 819 1030 judicabit.
845 968 1007 1018 Unde
1025 972 1084 1018 et
1122 969 1504 1030 subjunctum
1533 973 1625 1019 est
1651 985 1662 1016 :

59 1040 269 1087 Icmor
302 1045 412 1086 esto
447 1040 905 1102 improperiorum
947 1044 1186 1099 tuorum,
1234 1055 1417 1088 eorum
1447 1055 1565 1103 quae
1601 1039 1668 1087 ab

57 1111 360 1174 nsipiente
393 1116 521 1158 sunt
547 1116 654 1158 tota
689 1111 792 1160 die.
827 1110 1113 1173 Insipiens
1140 1116 1226 1161 est
1263 1112 1519 1174 quidam,
1551 1124 1667 1161 non

63 1182 478 1244 ognovit,aut
499 1194 877 1244 cognoscens,
897 1195 1163 1245 perverse
1186 1184 1347 1234 vivit.
1367 1184 1535 1234 Tales
1560 1183 1668 1233 im-

57 1267 145 1304 iro
154 1258 377 1316 perant
396 1254 642 1304 Domino
655 1254 772 1304 Deo
798 1259 856 1304 et
871 1254 1144 1304 membris
1169 1255 1214 1317 ej
1226 1268 1311 1316 us,
1330 1255 1499 1304 modo
1515 1255 1668 1304 blas-

57 1325 419 1380 ihemando,
443 1325 615 1375 modo
639 1325 971 1384 deridendo,
996 1325 1165 1376 modo
1182 1326 1478 1389 minando,
1497 1327 1667 1376 modo

58 1395 376 1446 .dulando.
406 1398 472 1445 Et
488 1396 687 1445 talium
701 1395 1038 1446 memorerit
1056 1397 1464 1460 Deusjudicio,
1488 1395 1662 1462 380

57 1472 107 1516 it
130 1465 376 1526 judicet
395 1471 452 1517 et
477 1466 715 1516 damnet
741 1483 750 1513 :
779 1479 897 1516 non
914 1467 1174 1517 omnium
1212 1469 1554 1529 tamen,nisi
1579 1482 1670 1518 eo-

58 1551 188 1589 'um
220 1541 481 1598 tantum,
517 1538 614 1600 qui
640 1537 700 1587 in
734 1537 843 1588 hoc
867 1543 1101 1600 peccato
1130 1542 1266 1588 sunt
1290 1543 1409 1589 tota
1451 1539 1560 1601 die,
1609 1539 1668 1590 id

57 1613 158 1672 :st,
193 1608 460 1660 assidue.
491 1610 701 1660 Eorum
744 1607 896 1658 enim
923 1611 1074 1659 Deus
1107 1622 1224 1660 non
1264 1610 1666 1674 reminiscitur,

57 1693 191 1744 [uae
208 1685 355 1730 ante
368 1680 543 1730 finem
557 1693 658 1743 per
670 1679 1067 1742 paenitentiam
1085 1681 1669 1733 emendantur.Valde

57 1755 256 1803 iutem
285 1751 613 1802 notandum
637 1755 730 1801 est
754 1750 909 1813 quod
937 1751 1206 1802 subditur
1230 1768 1242 1802 :

111 1821 210 1876 23.
252 1822 338 1870 Ne
368 1821 700 1870 obliviscaris
723 1836 866 1869 voces
896 1821 1254 1870 inimicorum
1287 1827 1524 1874 tuorum.
1554 1825 1670 1874 V0-

58 1906 156 1943 :es
186 1892 431 1955 quidem
469 1905 670 1943 eorum
693 1896 860 1943 erant
887 1891 983 1942 illa
1006 1892 1366 1957 improperia,
1395 1906 1526 1958 quae
1550 1897 1669 1946 Deo

58 1964 416 2015 .nferebant.
443 1965 628 2024 Quare
650 1975 784 2026 ergo
809 1963 1449 2027 repetit?quiajudexin
1467 1978 1676 2017 caussa

57 2043 370 2098 utrunque
394 2035 698 2097 diligenter
719 2034 890 2084 debet
915 2035 1214 2086 attendere
1242 2051 1253 2085 :
1277 2049 1411 2086 eum
1437 2037 1672 2100 scilicet,

58 2108 154 2159 sui
184 2107 604 2170 improperium
631 2106 892 2163 infertur,
928 2110 986 2156 et
1024 2119 1157 2157 eum
1195 2107 1455 2159 similiter
1482 2122 1516 2158 a
1559 2121 1675 2171 quo

57 2180 330 2230 infertur.
358 2179 500 2228 Nam
525 2177 660 2240 quia
695 2177 1036 2240 insipientes
1065 2177 1143 2229 illi
1173 2191 1289 2230 non
1313 2179 1551 2242 homini,
1576 2181 1676 2232 sed

57 2251 174 2315 ipsi
202 2253 350 2312 Deo,
383 2250 491 2313 ipsi
527 2250 769 2300 creatori
817 2262 923 2299 suo
961 2248 1056 2300 illa
1095 2249 1437 2314 improperia
1468 2253 1673 2303 intule-

57 2325 222 2379 runt,
251 2321 442 2382 magis
467 2318 842 2383 proculdubio
859 2319 1171 2370 damnandi
1187 2321 1436 2372 fuerunt.
1457 2324 1676 2373 Rursus

57 2393 242 2442 etiam
271 2392 332 2441 in
357 2391 466 2441 hoc
489 2391 655 2454 culpa
686 2390 912 2453 gravior
933 2390 1146 2448 extitit,
1187 2392 1321 2454 quia
1345 2406 1458 2444 non
1489 2394 1676 2445 solum

57 2463 136 2512 ab
165 2462 605 2524 insipientibus,
625 2461 727 2512 sed
752 2463 930 2511 etiam
961 2461 1034 2511 ab
1063 2462 1314 2513 inimicis
1339 2464 1496 2516 illata
1519 2470 1675 2517 sunt.

58 2534 264 2596 Longe
289 2532 441 2583 enim
466 2531 809 2596 culpabilius
821 2536 911 2583 est
936 2533 1404 2594 perinimicitiam
1423 2549 1676 2600 peccare,

57 2615 247 2665 quam
272 2615 374 2666 per
397 2604 806 2666 ignorantiam:
830 2605 1019 2654 tamen
1045 2609 1357 2668 utrumque
1379 2617 1678 2669 peccatum

57 2686 166 2723 eos
181 2674 484 2735 obligavit.
509 2674 690 2725 Valde
707 2674 880 2726 etiam
897 2675 1138 2738 dignum
1153 2678 1550 2740 reprobatione
1567 2681 1677 2736 est,

61 2745 222 2808 quod
251 2745 520 2796 subditur
545 2761 557 2795 :
589 2745 854 2809 Superbia
877 2761 1080 2807 eorum,
1110 2748 1206 2810 qui
1230 2753 1275 2797 te
1308 2749 1554 2810 oderunt,
1584 2765 1678 2798 as-

64 2815 253 2864 cendit
276 2831 500 2880 semper.
517 2816 733 2867 Nolunt
754 2817 1055 2881 respicere,
1071 2819 1174 2871 sed
1193 2821 1378 2885 magis
1402 2833 1469 2872 ac
1491 2823 1678 2886 magis

67 2887 382 2948 proﬁciunt
404 2887 466 2938 in
500 2887 735 2938 malum.

347 3001 714 3065 TITULUS
759 3002 1082 3068 PSALMI
1132 3005 1413 3070 LXXIV

144 3123 191 3168 1.
217 3117 446 3165 Psalmus
471 3119 584 3178 iste,
609 3119 699 3176 qui
724 3120 969 3178 sequitur,
988 3121 1082 3168 hoc
1098 3123 1243 3170 modo
1266 3123 1554 3171 intitulatur
1579 3139 1591 3174 :
1615 3125 1678 3174 In

74 3183 304 3247 fin_em,n
313 3195 337 3225 ε
347 3180 944 3247 ςᾳτησυηιραε,Ρεᾳιτηαε
954 3183 1553 3247 canticiAsaph,Psalmus
1565 3190 1675 3246 iste,

81 3245 175 3304 qui
197 3248 268 3290 est
294 3244 442 3307 nobis
463 3257 642 3307 caussa
663 3245 864 3301 cantici,
891 3247 940 3291 id
965 3252 1053 3307 est,
1081 3244 1613 3307 magnaejocunditatis
1632 3244 1678 3298 et

82 3305 430 3353 delectationis
455 3306 592 3364 (quia
623 3306 908 3353 humilibus
931 3305 1386 3356 remunerationem
1414 3313 1679 3359 beatitudi-

84 3371 167 3414 nis
188 3373 388 3414 aaterna)
413 3370 678 3427 promittit)
717 3371 1014 3427 proponitur
1044 3374 1227 3430 Asaph,
1266 3373 1315 3418 id
1355 3379 1448 3431 est,
1481 3376 1679 3422 inﬁdeli

84 3434 385 3494 Synagoga‘,
411 3432 472 3476 ad
498 3432 608 3487 hoc,
652 3435 707 3476 ut
740 3433 902 3477 tendat
928 3433 979 3478 in
1014 3435 1181 3494 ﬁnem,
1218 3435 1268 3480 id
1294 3440 1382 3492 est,
1413 3437 1464 3481 in
1493 3438 1678 3485 Christi

83 3493 845 3559 conformitatem.Proponitur,
874 3495 1001 3552 dico,
1031 3493 1217 3554 Asaph,
1241 3498 1436 3544 Christo
1459 3512 1566 3546 eam
1594 3503 1681 3559 Sy-

82 3569 326 3620 nagogam
351 3557 664 3620 exhortante,
691 3570 756 3602 ne
785 3570 1104 3619 corrumpas
1126 3565 1188 3614 te,
1219 3559 1268 3604 id
1291 3565 1380 3620 est,
1399 3557 1676 3618 superbiae.

87 3620 224 3665 Sicut
238 3619 373 3663 enim
388 3619 650 3664 humilitas
660 3622 828 3666 custos
845 3623 1158 3668 estomnium
1177 3619 1514 3678 virtutum,ita
1529 3639 1681 3671 econ-

91 3682 241 3745 trario
266 3681 503 3738 superbia
530 3682 800 3745 corruptio.
835 3683 1036 3729 Materia
1059 3688 1130 3729 est
1155 3685 1204 3730 in
1235 3685 1326 3730 hoc
1353 3686 1545 3743 psalmo
1575 3687 1682 3745 ipse

93 3744 338 3802 Christus,
364 3746 410 3788 et
436 3756 513 3809 ea,
537 3756 689 3801 quam
717 3743 797 3791 hic
811 3746 1118 3809 exhortatur,
1148 3749 1425 3806 Synagoga.
1448 3743 1683 3809 Loquun-

93 3813 169 3851 tur
193 3809 358 3868 autem
385 3805 531 3851 modo
557 3819 646 3863 per
669 3819 740 3867 se,
765 3808 912 3853 modo
931 3808 980 3856 in
1007 3822 1217 3867 persona
1242 3805 1684 3868 membr-ornamu-

95 3869 266 3926 perbos
287 3867 552 3931 exhortans
576 3869 637 3913 ad
661 3869 1013 3918 humilitatem.
1039 3872 1198 3917 Ethoc
1224 3872 1338 3917 facit
1363 3867 1684 3931 proponendo

95 3929 735 3997 eisdamnationem,quam
759 3933 961 3997 superbi
990 3935 1042 3980 in
1064 3933 1230 3979 futuro
1251 3929 1620 3997 sunthabituri,
1639 3942 1686 3985 et

96 3993 461 4062 exultationem,
482 4006 635 4062 quam
660 3994 879 4062 humiles
903 3997 1569 4062 suntussecuturirlntentio
1593 3993 1683 4062 est,

97 4069 266 4101 omnes
297 4055 358 4099 ad
387 4055 721 4103 humilitatem
749 4057 982 4116 invitare,
1025 4063 1077 4103 ut
1119 4059 1192 4105 sic
1215 4059 1574 4118 omnipotentis
1599 4055 1684 4108 Dei

96 4118 375 4164 districtum
389 4117 643 4174 judicium
673 4120 874 4166 valeant
900 4121 1100 4166 evitare.
1139 4122 1275 4166 Unde
1297 4125 1341 4166 et
1378 4123 1604 4180 selpsum
1631 4125 1685 4170 in

98 4181 378 4238 exemplum
405 4181 660 4243 proponit,
687 4187 837 4241 atque
861 4191 920 4229 ex
957 4195 1078 4229 voce
1107 4183 1442 4231 membrorum
1477 4197 1685 4232 suorum

100 4243 369 4289 humilium
396 4243 519 4289 dicit
545 4256 557 4291 :

521 4311 923 4412 PSALMUS
967 4293 1246 4412 LXXIv

159 4452 208 4506 2.
233 4453 612 4517 Conﬁteb-i-mur
637 4453 750 4515 tibi,
775 4455 947 4505 Deus:
970 4455 1358 4517 conﬁtebimur,
1394 4461 1439 4506 et
1463 4457 1686 4507 invoca-

103 4524 274 4574 bimus
299 4541 491 4575 nomen
516 4532 690 4576 tuum.
717 4526 950 4578 Initium
977 4527 1262 4579 bonorum
1285 4533 1375 4579 est
1398 4529 1686 4581 confessio

103 4601 475 4659 peccatorum.
500 4599 708 4648 Justus
728 4598 882 4649 enim
902 4598 961 4649 in
979 4599 1250 4664 principio
1273 4605 1577 4651 accusator
1600 4605 1689 4652 est

1771 544 1882 602 tus,
1909 541 1981 591 ad
2007 540 2247 604 gloriam
2260 547 2599 594 revocatur?
2618 547 2756 596 Haec
2783 548 2920 594 sunt
2943 541 3222 591 mirabilia
3237 540 3360 603 Dei,

1769 625 1901 674 quae
1919 625 2036 662 non
2064 618 2297 663 cessant
2312 625 2542 664 narrare
2565 615 2828 666 membra
2842 613 3071 664 Christi.
3088 612 3200 662 Sed
3224 613 3361 674 quia

1767 683 1974 734 deinde
2001 684 2259 734 futurum
2301 687 2392 734 est
2417 685 2724 748 judicium,
2746 686 2867 749 jam
2909 685 3029 746 ipse
3072 683 3359 734 Dominus

1766 754 2020 818 loquitur
2047 769 2145 818 per
2171 755 2564 819 semetipsum.

1829 825 1880 880 3.
1931 828 2066 876 Cum
2110 841 2352 890 accepero
2399 832 2622 890 tempus,
2667 841 2758 888 ego
2788 827 3030 889 justitias
3079 823 3356 889 judicabo.

1767 898 2038 948 Nondum
2065 900 2152 948 est
2189 899 2381 961 ipsum
2419 902 2661 960 tempus.
2694 897 2916 947 Gratias
2952 895 3361 946 misericordia:

1770 983 1911 1029 suae,
1944 970 2103 1032 prius
2133 969 2408 1032 praedicat
2437 968 2713 1031 justitias,
2750 971 2809 1018 et
2834 967 2916 1016 sic
2941 968 3165 1030 judicat
3186 967 3362 1030 justi-

1769 1041 1922 1091 tiam.
1948 1043 2090 1091 Nam
2118 1041 2167 1090 si
2189 1046 2321 1091 ante
2347 1039 2519 1090 vellet
2537 1039 2812 1102 judicare,
2827 1050 2999 1100 quam
3034 1038 3360 1100 prmdicare,

1768 1124 1887 1162 non
1909 1112 2213 1172 inveniret,
2228 1124 2401 1175 quem
2423 1111 2702 1161 liberaret.
2725 1110 2860 1158 Cum
2874 1123 3118 1171 accepero
3145 1109 3360 1171 (inquit)

1771 1188 1993 1246 tempus.
2013 1185 2138 1234 Non
2164 1184 2348 1246 potuit
2368 1187 2596 1245 tempus
2608 1181 2866 1244 accipere
2890 1180 2950 1230 in
2981 1191 3069 1242 eo,
3095 1179 3252 1242 quod
3278 1183 3366 1228 est

1771 1253 1946 1303 Filius
1972 1254 2089 1314 Dei,
2129 1254 2231 1305 sed
2256 1255 2314 1304 in
2339 1267 2405 1304 eo
2431 1255 2586 1316 quod
2611 1256 2700 1302 est
2726 1252 2882 1302 illius
2907 1250 3176 1301 hominis.
3219 1249 3365 1299 Hinc

1770 1323 2140 1388 Evangelista
2155 1325 2262 1374 ait:
2291 1325 2457 1376 Dedit
2485 1325 2533 1374 ei
2549 1327 2894 1388 potestatem
2908 1327 2966 1374 et
2981 1321 3265 1384 judicium
3294 1320 3368 1371 fa-

1768 1408 1914 1457 cere,
1942 1397 2078 1458 quia
2103 1396 2254 1446 ﬁlius
2282 1396 2534 1446 hominis
2559 1400 2648 1446 est
2694 1396 2873 1457 (.loan.
2895 1392 2985 1455 5.).
3020 1393 3189 1444 Modo
3229 1404 3364 1454 ergo

1767 1471 1857 1516 est
1883 1472 2113 1530 tempus
2140 1467 2582 1531 praedicationis.
2609 1466 2772 1518 Unde
2795 1467 2900 1516 ait:
2927 1465 3181 1516 Narrabo
3196 1463 3364 1513 mira-

1771 1537 1904 1586 bilia
1929 1543 2043 1588 tua.
2064 1538 2211 1588 Audi
2227 1543 2574 1588 narrantem.
2595 1537 2746 1588 Audi
2769 1536 3198 1600 praedicantem.
3219 1536 3364 1584 Nam

1771 1610 1818 1659 si
1849 1611 2247 1673 contemseris,
2274 1611 2394 1675 ipse
2433 1611 2614 1674 judex
2649 1611 2906 1660 minatur
2931 1609 3034 1659 tibi
3057 1606 3363 1670 judicium,

1772 1681 1998 1732 dicens:
2031 1683 2167 1732 Cum
2193 1697 2438 1744 accepero
2464 1687 2688 1746 tempus,
2717 1695 2810 1743 ego
2825 1680 3070 1743 justitias
3085 1676 3361 1742 judicabo.

1769 1754 2034 1805 Justitias
2055 1755 2330 1817 judicare,
2357 1758 2446 1804 est
2471 1753 2781 1815 unicuique
2809 1753 2980 1814 juxta
3012 1750 3219 1802 merita
3257 1758 3364 1798 sua

1693 1829 1748 1905 B
1772 1825 2024 1905 reddere.
2066 1826 2442 1905 Narrabimus
2463 1824 2684 1905 (inquit)
2715 1822 2995 1905 mirabilia
3010 1826 3135 1905 tua.
3158 1819 3365 1905 lithoc

1773 1903 2054 1960 quantum
2071 1910 2217 1961 opus
2241 1899 2333 1954 sit,
2360 1896 2705 1958 ostenditur,
2732 1908 2867 1946 cum
2893 1893 3249 1944 subinfertur
3273 1905 3286 1941 :

1835 1969 1884 2021 4.
1911 1969 2225 2031 Liquefacta
2249 1974 2318 2016 est
2341 1974 2503 2018 terra.
2529 1967 2620 2027 Et,
2649 1967 2791 2030 quid
2816 1966 2960 2016 dicis
2988 1963 3362 2014 terram?om-

1772 2054 1864 2088 nes
1886 2040 2111 2102 (inquit)
2138 2040 2234 2103 qui
2262 2039 2511 2087 habitant
2546 2039 2607 2086 in
2633 2053 2714 2098 ea,
2749 2037 2806 2088 id
2834 2042 2941 2098 est,
2966 2035 3064 2100 qui
3087 2033 3280 2085 studio
3309 2037 3366 2083 et

1773 2110 2068 2161 voluntate
2105 2111 2164 2161 in
2201 2111 2443 2162 terrenis
2478 2114 2848 2174 perseverant
2880 2128 2890 2156 :
2925 2108 3034 2159 hoc
3085 2110 3175 2157 est
3209 2104 3365 2155 enim

1772 2182 2194 2245 unusquisque,
2209 2183 2358 2246 quod
2385 2187 2559 2233 amat.
2586 2182 2642 2233 Si
2667 2187 2874 2232 terram
2895 2190 3074 2240 amas,
3100 2183 3250 2228 terra
3272 2187 3362 2226 es:

1775 2253 1824 2303 si
1852 2255 2037 2303 Deum
2062 2266 2242 2312 amas,
2268 2266 2340 2304 ex
2367 2252 2480 2303 illis
2504 2265 2568 2304 es
2597 2253 2666 2303 de
2693 2253 2906 2314 quibus
2939 2251 3062 2314 ipse
3085 2248 3367 2299 Dominus

1773 2324 1890 2374 ait:
1916 2326 2034 2387 Ego
2055 2325 2196 2385 dixi,
2229 2325 2316 2374 Dii
2339 2324 2480 2375 estis
2514 2323 2674 2388 (Psal.
2699 2322 2824 2384 81.).
2860 2323 3034 2372 Terra
3062 2325 3152 2370 est
3185 2318 3368 2380 lique-

1773 2394 1937 2457 facta,
1959 2395 2192 2458 quando
2217 2395 2373 2446 vitiis
2390 2400 2448 2446 et
2467 2393 2953 2459 concupiscentiis
2979 2391 3240 2442 defluunt
3259 2394 3372 2459 ter—

1773 2479 1913 2517 rena
1935 2467 2124 2517 corda.
2149 2467 2285 2517 Inde
2311 2467 2520 2518 dicitur
2545 2458 2896 2529 delinquere,
2925 2469 3198 2526 tanquam
3229 2459 3300 2510 de
3324 2458 3372 2508 i-

1775 2538 1949 2600 quido
1967 2538 2215 2601 quodam
2234 2538 2485 2588 defluere
2503 2549 2536 2588 a
2550 2538 2862 2589 stabilitate
2884 2532 3231 2587 ﬁrmamenti
3254 2531 3372 2581 vir-

1774 2609 1914 2659 tutis
1926 2615 2099 2672 atque
2107 2609 2697 2673 justitiaaﬂupiditate
2710 2609 2862 2659 enim
2875 2606 3205 2658 inferiorum
3221 2601 3374 2665 quis-

1774 2681 1904 2744 quis
1921 2685 2144 2743 peccat:
2177 2685 2235 2732 et
2259 2680 2722 2731 sicutroboratur
2745 2679 2980 2729 caritate
2991 2675 3368 2739 superiorum,

1774 2753 1852 2802 ita
1875 2752 2086 2814 deﬁcit,
2116 2755 2174 2802 et
2190 2752 2355 2813 quasi
2378 2751 2664 2814 liquescit,
2681 2750 2994 2813 cupiditate
3016 2747 3369 2797 inferiorum.

1775 2824 1863 2874 Sic
1887 2835 2022 2885 ergo
2041 2827 2189 2873 terra
2211 2822 2536 2885 liquefacta,
2567 2822 2680 2886 Ego
2707 2823 2807 2882 (ait
2847 2819 3146 2878 Dominus)
3170 2816 3370 2878 conﬁr-

1776 2895 1920 2943 mavi
1933 2894 2212 2942 columnas
2225 2895 2355 2956 ejus.
2376 2893 2686 2944 Columnas
2704 2889 3183 2954 dicitApostolos.
3201 2886 3365 2940 Unde

1775 2965 1985 3016 Paulus
2009 2965 2079 3016 de
2112 2964 2457 3029 coapostolis
2481 2966 2630 3015 suis:
2657 2965 2764 3026 Qui
2787 2956 3365 3029 videbantur(inquit)

1776 3036 2062 3088 columnae
2080 3049 2208 3087 esse
2220 3028 2421 3098 (Galat.
2445 3035 2534 3099 (2.).
2565 3038 2634 3087 Et
2658 3035 2794 3098 quid
2817 3031 3139 3086 essentillaa
3156 3028 3372 3082 colum-

1779 3120 1890 3168 nae,
1914 3108 2025 3158 nisi
2052 3109 2127 3180 ab
2164 3107 2258 3158 illo
2282 3108 2669 3159 ﬁrmaremtur
2689 3110 2715 3157 ‘l
2745 3107 2890 3180 Nam
2915 3103 3167 3180 quodam
3201 3104 3369 3180 terrm

1777 3183 1940 3229 motu
1965 3183 2022 3230 et
2047 3179 2190 3242 ipsm
2212 3183 2590 3237 mutaverunt,
2605 3177 2836 3241 quando
2853 3175 3164 3228 Dominum
3189 3171 3372 3224 occidi

1781 3251 2067 3302 viderunt.
2094 3251 2201 3302 Sed
2228 3251 2567 3301 resurrexit:
2598 3253 2840 3300 mortem
2863 3259 2982 3298 non
3007 3259 3138 3297 esse
3163 3243 3372 3294 timen-

1781 3321 1913 3371 dam
1937 3322 2384 3372 demonstravit:
2413 3321 2625 3385 Spiritu
2641 3321 2712 3371 ab
2737 3320 2852 3371 alto
2877 3318 3073 3377 misso,
3092 3315 3264 3367 corda
3286 3314 3374 3364 di-

1777 3393 2127 3456 scipulorum
2143 3393 2547 3445 inﬂammavit:
2577 3397 2635 3444 et
2652 3393 2734 3442 sic
2752 3389 3052 3442 columnas
3066 3393 3233 3439 terrae
3244 3398 3377 3436 con-

1775 3465 2047 3516 ﬁrmavit.
2079 3465 2245 3515 Dicat
2264 3477 2419 3528 ergo,
2445 3465 2557 3526 Ego
2588 3461 2908 3527 conﬁrmavi
2932 3460 3212 3510 columnas
3240 3457 3375 3520 ejus.

1778 3537 2001 3596 Quibus
2042 3536 2418 3594 conﬁrmatis,
2445 3536 2578 3599 quia
2607 3535 2678 3586 ad
2725 3531 3155 3599 praedicandum
3197 3528 3374 3591 misit,

1780 3611 1932 3658 recte
1957 3607 2148 3658 adhuc
2181 3607 2510 3670 subjungit:

1843 3677 1894 3732 5.
1925 3679 2056 3727 Diaei
2071 3679 2300 3743 iniquis,
2326 3678 2505 3728 Nolite
2531 3678 2720 3742 inique
2745 3691 2916 3739 agere.
2943 3676 3070 3725 Non
3098 3672 3378 3743 dixerunt

1780 3750 1877 3814 illi,
1903 3750 2006 3802 sed
2031 3750 2142 3802 ille.
2170 3741 2297 3802 Non
2321 3751 2475 3801 enim
2509 3741 2778 3802 vos’estis
2803 3748 2899 3810 qui
2932 3743 3251 3810 loquimini,
3274 3741 3377 3793 sed

1782 3822 2027 3885 Spiritus
2052 3823 2234 3873 Patris
2260 3823 2456 3878 vestri,
2483 3822 2580 3884 qui
2615 3821 2869 3884 loquitur
2894 3819 2954 3869 in
2984 3817 3148 3870 vobis
3168 3815 3377 3880 (Matth.

1783 3893 1908 3955 ‘28.).
1935 3896 2050 3944 Nec
2075 3893 2220 3944 dixit
2250 3894 2445 3957 justis.
2475 3893 2576 3944 sed
2611 3892 2845 3954 iniquis.
2890 3891 3014 3940 Non
3039 3888 3190 3939 enim
3223 3885 3381 3937 venit

1784 3976 1991 4015 vocare
2009 3965 2222 4028 justos,
2251 3965 2351 4015 sed
2378 3964 2908 4028 peccatoresWarc.
2937 3961 3006 4023 ‘2.)
3027 3961 3086 4012 in
3102 3959 3382 4025 paeniten-

1784 4038 1938 4089 tiam.
1977 4040 2102 4087 Non
2126 4041 2234 4098 est,
2259 4037 2355 4098 ait,
2392 4049 2540 4099 opus
2568 4036 2726 4085 sanis
2771 4034 3048 4095 medicus,
3089 4032 3191 4084 sed
3232 4031 3382 4082 male

1785 4107 2134 4157 habentibus
2160 4107 2312 4169 (Ibid.
2339 4109 2387 4155 et
2411 4107 2605 4156 Matth.
2633 4106 2728 4165 9.).
2751 4106 2868 4156 Lex
2895 4105 3136 4154 dicebat.
3169 4103 3275 4163 Qui
3302 4102 3385 4152 fe-

1785 4178 1926 4228 cerit
1951 4177 2078 4240 hoc,
2104 4178 2195 4228 vel
2222 4177 2382 4238 illud,
2404 4183 2595 4228 morte
2628 4177 2921 4228 moriatur.
2966 4177 3084 4236 Ego
3121 4175 3243 4221 dixi
3271 4173 3382 4221 ini-

1786 4249 1925 4312 quis,
1979 4248 2155 4296 Nolite
2190 4248 2378 4310 inique
2417 4263 2587 4311 agerc.
2637 4248 2728 4298 Sic
2786 4251 2842 4297 et
2877 4245 3156 4296 adulterae
3194 4243 3376 4294 dixit:

1788 4319 1965 4380 Vade,
1993 4319 2186 4381 etjam
2204 4317 2452 4381 amplius
2476 4317 2592 4369 noli
2615 4330 2848 4381 peccare
2877 4317 3053 4378 (Joan.
3091 4313 3179 4376 8.).
3233 4315 3379 4375 Ergo

1788 4402 1936 4452 quos
1975 4389 2184 4440 occidit
2199 4388 2445 4451 justitia,
2479 4393 2735 4438 reservat
2755 4387 2936 4451 gratia
2963 4403 2973 4432 :
3001 4389 3230 4436 tantum
3269 4388 3379 4447 est,

1790 4467 1852 4512 ut
1877 4461 2219 4523 resipiscant
2248 4459 2316 4522 (ἓ.
2343 4461 2476 4508 Tim.
2502 4458 2572 4523 ἓ.)
2627 4465 2801 4522 atque
2837 4472 2897 4508 se
2950 4458 3009 4507 in
3052 4454 3380 4507 humilitate

1785 4537 2170 4597 prosternant.
2197 4531 2328 4582 Ideo
2345 4531 2493 4582 ahuc
2520 4531 2716 4581 subdit
2743 4545 2754 4579 :
2809 4530 2876 4578 El
2926 4526 3378 4590 delinquentibus,

1786 4603 1961 4652 Nolite
1983 4604 2222 4652 exaltare
2235 4618 2422 4654 cornu.
2452 4603 2632 4654 Nolite
2646 4601 2856 4653 elevari
2880 4601 2938 4650 in
2963 4598 3248 4662 superbia.
3273 4598 3382 4648 No-

108 4667 198 4716 sui
225 4667 393 4726 (Prov.
421 4666 545 4730 18.).
574 4668 826 4719 Primum
862 4682 996 4732 ergo
1021 4663 1250 4734 peccata
1276 4676 1374 4722 tua
1397 4673 1684 4724 conﬁtere.
1715 4663 1768 4736 D
1788 4675 1884 4726 lite
1901 4675 2047 4727 elate
2071 4675 2375 4726 defendere
2403 4680 2652 4738 peccata.
2678 4675 2803 4724 Duo
2829 4672 2888 4722 in
2912 4671 3023 4723 hoc
3057 4683 3229 4722 versu
3271 4669 3380 4720 ad-

108 4739 242 4788 Deo.
258 4741 389 4790 Haec
413 4745 502 4790 est
525 4740 674 4790 enim
689 4739 977 4791 inchoatio
989 4742 1250 4804 justitiaa.
1270 4744 1467 4794 Etnon
1491 4743 1688 4808 semel,

113 4809 211 4860 sed
237 4810 450 4873 iterum,
467 4811 1156 4875 etquotienspeccaveris,
1175 4814 1386 4864 totiens
1420 4815 1691 4866 confitere

112 4881 275 4931 Verbi
291 4882 545 4944 repetitio
557 4883 999 4946 perseverantiae
1012 4885 1434 4936 commendatio
1448 4891 1552 4936 est.
1569 4887 1692 4937 Non

112 4956 295 5015 potest
316 4953 523 5004 iterum
547 4966 832 5005 recurrere
849 4955 922 5005 ad
947 4956 1321 5020 baptismum.
1352 4957 1404 5007 Si
1432 4969 1694 5020 peccave-

108 5028 204 5089 ris,
221 5041 433 5080 recurre
457 5029 528 5080 ad
544 5029 984 5082 confessionem.
1003 5034 1188 5092 Quare
1200 5032 1542 5083 conﬁtemur
1552 5033 1689 5092 Deo,

115 5111 243 5149 cum
267 5099 378 5163 ipse
399 5100 541 5151 sciat
565 5105 802 5163 peccata
825 5106 1042 5164 nostra,
1092 5103 1267 5153 etiam
1300 5103 1346 5152 si
1373 5116 1489 5154 non
1513 5103 1691 5153 conﬁ-

118 5174 360 5221 teamur?
372 5173 513 5233 Quia
525 5172 812 5223 confessio
823 5177 1060 5236 generat
1073 5175 1691 5237 compunctionem.Pa-

116 5242 186 5292 rit
201 5243 588 5306 humilitatem,
614 5256 747 5306 quae
775 5248 938 5308 grata
977 5250 1067 5295 est
1097 5247 1236 5308 Deo,
1271 5259 1372 5308 per
1404 5257 1575 5309 quam
1601 5257 1692 5296 re-

116 5313 436 5365 conciliatur
462 5315 683 5365 homini
720 5328 1008 5366 converso.
1057 5317 1145 5367 Sic
1188 5317 1458 5368 conﬁtere
1493 5329 1692 5378 pecca-

121 5390 254 5442 tum,
270 5389 323 5436 et
344 5386 546 5437 deinde
571 5387 776 5438 invoca
794 5388 992 5438 Deum.
1025 5389 1170 5438 Nam
1198 5387 1246 5438 si
1271 5389 1430 5451 prius
1453 5388 1689 5439 invoca-

116 5457 274 5517 veris,
297 5469 407 5507 non
433 5457 775 5508 exaudieris.
803 5458 951 5518 Quid
975 5463 1064 5510 est
1079 5458 1365 5521 invocare,
1389 5459 1501 5509 nisi
1533 5461 1692 5510 intus

121 5531 347 5578 vocare?
371 5529 530 5579 Prius
553 5541 688 5591 ergo
718 5529 940 5592 expelle
975 5534 1294 5594 peccatum,
1321 5535 1378 5582 et
1399 5531 1480 5581 sic
1510 5531 1691 5581 Deum

123 5599 287 5649 invita
309 5599 376 5649 ad
393 5612 489 5650 cor
513 5602 698 5651 tuum.
726 5598 875 5667 38|
901 5603 1028 5652 Jam
1055 5601 1206 5653 enim
1231 5603 1439 5665 dignus
1465 5603 1576 5653 eris
1592 5604 1698 5654 Do-

122 5671 254 5720 mini
292 5683 502 5722 nomen
538 5671 825 5735 invocare,
853 5677 1027 5735 atque
1057 5673 1240 5737 ipsius
1265 5686 1436 5737 opera
1467 5674 1692 5726 caeteris

122 5741 427 5805 praadicare.
452 5741 615 5793 Unde
631 5746 691 5792 et
711 5743 1004 5795 subditur:
1030 5743 1398 5793 Narrabimus
1415 5744 1693 5793 mirabilia

124 5817 227 5860 tua.
253 5811 386 5874 Quid
412 5816 532 5863 tam
555 5812 831 5878 mirabile,
857 5826 1031 5877 quam
1068 5815 1222 5878 quod
1269 5821 1490 5869 creator
1532 5829 1692 5868 crea-

129 5887 248 5934 tura
263 5881 516 5943 efﬁcitur,
534 5882 691 5946 quod
714 5883 1055 5938 immortalis
1076 5887 1336 5952 moritur,
1361 5888 1515 5953 quod
1537 5900 1695 5942 mors

1788 4751 1982 4798 monet
2007 4749 2158 4797 Deus
2181 4749 2553 4810 peccatorem.
2586 4745 2788 4808 Primo,
2805 4749 2870 4795 ut
2899 4742 3127 4795 recedat
3145 4739 3320 4808 382
3349 4752 3385 4792 a.

1788 4817 1939 4868 malo
1964 4839 1976 4867 :
2013 4817 2240 4876 deinde,
2259 4830 2330 4869 ne
2345 4817 2633 4881 superbiat
2659 4817 2717 4866 in
2730 4819 2983 4880 peccato.
3003 4815 3210 4875 Primo,
3235 4811 3382 4864 utde

1788 4889 1980 4940 futuro
2003 4894 2234 4940 caveat:
2258 4889 2456 4952 altero,
2484 4889 2630 4940 utde
2651 4887 2937 4950 praeterito
2960 4887 3258 4952 poeniteat.
3285 4885 3384 4936 Se-

1789 4961 1988 5022 quitur
2015 4960 2126 5012 alia
2149 4960 2470 5024 prohibitio.

1851 5030 1902 5084 6.
1926 5031 2101 5080 Nolite
2125 5032 2434 5080 inextollerc
2451 5032 2510 5079 in.
2537 5031 2705 5081 altum
2734 5045 2906 5079 cornu
2937 5034 3186 5088 vestrum,
3200 5027 3256 5078 id
3274 5030 3382 5089 est,

1788 5102 1965 5154 nolite
1993 5117 2098 5154 vos
2123 5105 2337 5168 erigere
2375 5109 2573 5156 contra
2608 5105 2824 5155 Deum:
2869 5103 3156 5155 intantum
3206 5100 3382 5152 nolite

1790 5175 2106 5238 superbire,
2131 5181 2197 5227 ut
2220 5175 2448 5240 culpam
2473 5180 2839 5240 peccatorum
2864 5175 3168 5226 reﬁectatis
3193 5173 3252 5222 in
3275 5183 3380 5222 au-

1789 5251 2007 5298 ctorem
2033 5252 2311 5300 vestrum.
2332 5250 2454 5298 Non
2473 5248 2626 5299 enim
2645 5247 2972 5307 defuerunt,
2985 5245 3081 5307 qui
3108 5244 3380 5305 dicerent,

1790 5320 1913 5369 Non
1935 5324 2025 5369 est
2036 5325 2233 5370 nostra
2246 5319 2411 5383 culpa
2425 5319 2472 5370 si
2487 5331 2810 5383 peccamus,
2823 5317 3098 5380 quoniam
3112 5316 3254 5366 tales
3272 5325 3380 5364 nos

1790 5390 2003 5440 creavit
2023 5392 2191 5442 Deus.
2219 5391 2275 5441 Si
2300 5393 2452 5442 Deus
2468 5390 2654 5452 vellet,
2681 5389 2878 5440 nullus
2903 5389 3075 5439 homo
3100 5389 3374 5450 peccaret.

1791 5461 1880 5514 Sic
1897 5460 2124 5512 duobus
2139 5461 2326 5512 modis
2341 5460 2714 5523 solentiniqui
2728 5457 2979 5510 exaltare
2992 5470 3170 5508 cornu
3188 5467 3379 5505 suum:

1791 5531 2076 5595 videlicet,
2091 5537 2191 5583 aut
2204 5533 2428 5596 seipsos
2451 5529 2936 5592 defendendo,aut
2951 5529 3141 5592 ipsum
3159 5525 3382 5578 Altissi-

1792 5616 1952 5654 mum
1997 5605 2344 5654 accusando.
2392 5605 2696 5666 Propterea
2736 5599 2969 5650 subdit:
3023 5598 3197 5648 Nolite
3235 5597 3386 5660 loqui

1792 5675 2044 5723 adversus
2070 5676 2236 5723 Deum
2290 5674 2655 5736 iniquitatem.
2688 5669 2970 5722 Dicendo:
2997 5682 3113 5720 non
3159 5668 3386 5733 judicat

1790 5747 1946 5797 Deus
1967 5746 2036 5796 de
2053 5747 2224 5798 rebus
2250 5747 2521 5798 humanis
2547 5762 2556 5792 :
2579 5757 2691 5795 non
2717 5747 2880 5795 curat
2916 5741 3056 5805 quid
3092 5746 3296 5805 agatur
3319 5741 3381 5793 in

1791 5817 1976 5869 terris.
2013 5819 2210 5880 Neque
2247 5817 2378 5880 hoc,
2413 5828 2602 5878 neque
2636 5814 2731 5866 illo
2758 5813 2927 5865 modo
2951 5812 3174 5866 debetis
3221 5811 3383 5874 loqui

1792 5889 2076 5940 adversus
2097 5890 2278 5941 Deum
2302 5887 2686 5952 iniquitatem,
2710 5899 2744 5938 o
2761 5885 2968 5939 Judmi.
