3880 6222
414 252 521 310 955

1479 245 1747 299 RUFINO
1786 241 2248 296 PRESBYTERO
2279 241 2663 296 ASCRIPTUS

472 370 518 415 τ’
553 363 706 444 οὲιία
742 375 913 444 ττίθίῖυθ
937 360 1018 444 (Ψ,
1048 358 1279 444 ονξεηέθξ
1312 356 2015 444 7⁸,ῗί1ῗῗ,⁶ἒρη9ίῗέίξέ’ἶίξι,’ἓῗ“
2033 358 2090 431 Α
2112 382 2305 444 rentur
2325 380 2619 444 aDomino
2642 378 3064 432 exaltari-Haec
3081 379 3177 428 est
3197 370 3759 438 quippeintemioa

408 450 557 499 quea
582 434 806 508 desertis
822 431 1098 508 montibus
1123 429 1445 508 (subaudis)
1469 428 1786 508 loquuntur
1817 427 2018 508 adver-
2034 427 2090 431 ““
2114 427 2583 508 ίιὶῖιῖἶείέιῖεξιῇιίῖ

410 520 513 558 sus
524 508 718 558 Deum
732 504 1115 567 iniquitatem.
1131 504 1162 553 J
1166 514 1258 552 am
1272 506 1496 565 gentes,
1510 512 1643 563 qum
1655 500 1714 551 in
1728 499 1817 549 bis
1832 499 2015 549 tribus

407 580 614 631 mundi
644 578 908 643 partibus
930 576 1213 639 habitant,
1243 578 1545 638 coeperunt
1572 574 1644 625 de
1658 577 1892 624 auctore
1909 583 2016 622 suo

409 652 575 713 bene,
611 652 668 701 et
696 648 1112 700 rationabiliter
1126 647 1358 707 sentire,
1380 647 1499 697 Vos
1515 644 1641 707 soli,
1658 645 1871 707 quibus
1895 655 2018 693 me-

411 722 635 773 ridiana
668 720 845 785 plaga
878 719 952 770 ad
977 718 1361 770 habitandum
1392 729 1672 767 concessa
1693 716 1818 777 fuit,
1844 714 2019 765 nolite

416 792 837 856 blasphemare.
853 790 957 841 Vel
982 791 1062 841 ita
1086 790 1199 841 dici
1212 794 1403 854 potest
1416 805 1428 839 :
1440 788 1650 848 Judaei,
1665 787 1841 838 nolite
1865 785 2019 849 loqui

415 865 696 917 adversus
721 864 905 914 Deum
920 862 1307 925 iniquitatem:
1335 860 1489 924 quod
1516 858 1751 923 quidem
1768 858 2021 909 fecerunt

419 936 538 1000 qui,
576 936 737 986 Reus
770 938 863 985 est
904 934 1129 996 mortis,
1168 938 1245 994 et,
1290 931 1591 995 Cruciflge,
1624 930 2024 1000 clamaverunt

424 1007 638 1069 (Matth.
666 1005 751 1060 26.
770 1004 907 1069 ‘27.):
933 1006 1070 1069 quia
1094 1019 1263 1069 neque
1293 1004 1359 1053 ab
1399 1003 1626 1059 Oriente,
1664 1016 1833 1065 neque
1852 999 1918 1049 ab
1938 1000 2025 1048 0c-

424 1078 647 1138 cidente,
661 1092 834 1142 nmue
850 1093 886 1126 a
907 1077 1124 1125 desertis
1149 1076 1415 1125 montibus
1431 1073 1914 1140 (subintelligitur)
1935 1073 2026 1121 est

426 1150 638 1214 aliquis
661 1162 867 1214 expers
884 1149 1085 1213 judicii
1117 1148 1236 1199 Dei.

488 1213 540 1275 8.
566 1213 839 1280 Quoniam
860 1222 995 1270 Deus
1009 1220 1185 1283 judeac
1207 1226 1294 1271 est.
1320 1221 1593 1271 Desertos
1615 1222 1846 1269 montes
1859 1213 2023 1274 dixit,

421 1299 659 1360 propter
682 1292 1120 1345 inhabitabilem
1150 1292 1398 1357 plagam,
1428 1303 1560 1355 quin
1593 1294 1685 1342 est
1706 1289 1768 1339 in
1791 1288 2025 1360 Septenf

425 1357 630 1417 triane.
652 1365 706 1417 Si
730 1364 902 1416 homo
916 1364 1099 1428 judex
1125 1368 1299 1427 esset,
1325 1364 1520 1414 minus
1546 1360 1808 1413 fortassis
1836 1357 2029 1410 timeri

426 1437 729 1501 potuisset.
756 1435 867 1487 Sed
892 1436 1166 1498 quoniam
1181 1438 1335 1486 Deus
1355 1434 1537 1499 judex
1562 1438 1670 1494 est,
1690 1436 1809 1493 jam
1830 1428 2028 1501 nullus

430 1500 633 1560 contra
655 1519 789 1559 eum
805 1506 1095 1570 loquatur,
1114 1507 1216 1557 sed
1238 1508 1431 1571 potius
1446 1506 1519 1557 ab
1535 1504 1806 1557 omnibus
1823 1500 2032 1552 servia-

424 1583 536 1629 tur.
567 1580 638 1630 Et
652 1579 1023 1631 commendat
1038 1581 1223 1630 Deum
1240 1570 1514 1640 iudicem,
1538 1590 1673 1627 cum
1698 1570 2023 1637 subjungit:

431 1650 580 1699 hunc
611 1649 887 1713 humiliat,
910 1649 969 1701 id
993 1655 1101 1711 est,
1136 1650 1448 1701 Judaicum
1477 1647 1784 1713 populum:
1820 1649 1865 1692 et
1887 1644 2032 1691 hunc

428 1721 652 1781 exultat,
678 1722 738 1773 id
763 1726 872 1781 est,
898 1721 1183 1773 Gentilem
1208 1736 1220 1771 :

493 1792 545 1845 9.
586 1793 727 1851 Quia
760 1793 907 1842 calix
946 1794 1006 1841 in
1046 1808 1222 1842 manu
1264 1791 1507 1843 Domini.
1557 1790 1701 1850 Quia
1745 1786 2037 1849 Scriptura

435 1876 598 1915 sacra
612 1865 672 1915 in
698 1870 982 1929 potestate
1000 1864 1244 1915 Domini.
1272 1864 1415 1925 Quia
1436 1865 1559 1928 ipse
1578 1861 1735 1913 solus
1764 1862 1919 1929 tenet
1934 1854 2043 1907 cla-

430 1948 561 1987 vem
596 1928 855 1987 scientias
880 1936 1061 1999 (Apoc.
1090 1934 1179 1997 5.).
1200 1935 1358 1987 Calix
1380 1935 1524 1996 dico,
1550 1933 1668 1981 vini
1689 1930 1826 1979 meri
1845 1928 2042 1992 plenus

437 2008 612 2057 mixto
639 2026 651 2057 :
681 2009 741 2060 in
786 2010 1085 2061 Dominico
1122 2009 1333 2073 quippe
1358 2008 1532 2059 calice
1562 2005 1763 2073 vinum
1792 2010 2039 2057 merum,

441 2080 816 2143 mixtumque
841 2084 896 2131 et
917 2080 1031 2133 fax
1044 2072 1386 2133 continetur.
1407 2081 1477 2129 Et
1491 2072 1655 2141 quasi
1673 2088 1745 2125 ex
1758 2072 1931 2143 calice
1956 2082 2046 2119 su-

438 2156 607 2202 munt
635 2142 859 2202 merum
885 2152 1104 2213 vinum,
1128 2152 1227 2214 qui
1251 2164 1323 2202 ex
1351 2162 1513 2201 sacro
1530 2146 1756 2210 eloquio
1778 2142 2041 2214 divinum

436 2223 675 2286 capiunt
707 2212 1097 2274 intellectum.
1116 2212 1365 2274 Mixtum
1389 2222 1623 2278 bibunt,
1646 2217 1746 2281 qui
1769 2212 2041 2277 quaedam

438 2306 577 2353 pure
591 2293 1217 2357 intelligunt,quaadam
1234 2294 1423 2344 adhuc
1434 2291 1671 2343 minime
1683 2286 2037 2357 discernunt.

442 2367 656 2417 Bibunt
695 2356 1031 2430 facem,qui
1055 2379 1129 2418 ex
1163 2366 1364 2418 eodem
1388 2364 1624 2429 capiunt
1647 2369 1914 2413 errorem.
1939 2356 2043 2405 Ju-

435 2438 570 2500 daei,
597 2438 873 2499 haeretici,
898 2439 1174 2503 etpagani
1192 2439 1392 2491 ftecem
1413 2438 1639 2497 bibunt,
1662 2442 1910 2497 quorum
1927 2432 2042 2479 tur-

437 2508 673 2560 bulenta
686 2510 1001 2574 foetidaque
1012 2510 1269 2563 doctrina
1282 2520 1582 2573 nunquam
1598 2507 1670 2557 ab
1682 2515 1872 2556 errore
1885 2510 2043 2574 sepa-

440 2584 620 2632 ratur.
651 2582 716 2631 Et
733 2572 1019 2631 inclinavit
1041 2598 1108 2632 ea:
1138 2584 1252 2642 hoc,
1270 2595 1304 2632 a
1325 2581 1565 2632 Judaico
1590 2574 1816 2643 populo,
1836 2574 1896 2622 in
1923 2572 2039 2631 Ῑιοσ»

444 2653 670 2704 Gentili.
704 2654 1002 2717 Eliquatus
1018 2658 1109 2706 est
1138 2655 1272 2706 inde
1292 2652 1637 2705 intellectus.
1664 2649 2040 2700 Verumtamen

438 2726 548 2789 faex
565 2726 677 2790 ejus
701 2741 811 2775 non
837 2732 909 2775 est
933 2728 1240 2776 exinanita.
1268 2726 1549 2787 Quoniam
1570 2735 1679 2774 nec
1701 2719 2042 2772 Judaaorum

440 2798 767 2859 infidelitas,
794 2811 900 2850 nec
924 2799 1327 2851 hmreticorum
1351 2810 1523 2859 error,
1548 2808 1654 2847 nec
1685 2801 2041 2858 paganorum

440 2870 688 2923 stultitia
710 2872 803 2921 est
826 2870 1056 2933 penitus
1076 2870 1378 2921 diminuta.
1407 2867 1591 2918 Bibent
1606 2878 1789 2915 omnes
1804 2866 2042 2926 peccato-

438 2958 522 2993 res
544 2948 696 2991 terrae
719 2932 876 3006 prius
893 2941 1333 3005 faecem,deinde
1358 2944 1621 2992 mortem.
1648 2937 1779 2988 Sive
1798 2934 1906 2997 faex
1926 2932 2041 2997 ejus

437 3029 551 3064 non
574 3019 644 3063 est
667 3014 975 3074 exinanita,
1003 3015 1277 3077 quoniam
1300 3014 1452 3078 apud
1473 3011 1710 3064 Judaeos
1734 3009 2036 3058 remanent

2371 547 2730 613 TITULUS
2805 544 3140 611 PSALMI
3202 541 3486 607 LXXV.

2179 672 2202 717 1
2215 706 2226 718 .
2253 669 2409 715 Tituli
2426 669 2733 727 psalmorum
2748 668 3077 714 manifestam
3091 675 3282 727 sensus
3301 672 3518 727 eorum:
3539 663 3755 727 propter.

2119 744 2176 777 ea
2194 732 2285 777 iste
2297 718 2523 789 psalmus
2538 730 2826 777 intitulatur
2838 730 2911 776 sic
2931 728 3027 780 :In
3039 727 3213 787 ﬁnem
3235 724 3297 771 in
3311 719 3603 789 laudibus,
3622 718 3753 789 Psal-

2120 805 2241 840 mus
2252 784 2421 855 Asaph,
2431 792 2717 842 Canticum
2729 791 2802 839 ad
2813 784 3450 855 Assyrio-sfsalmusriste
3458 784 3747 855 proponitur

2121 858 2309 917 Asaph,
2336 847 2387 903 id
2406 861 2497 918 est,
2526 856 2663 905 fideli
2687 847 2978 915 synagogas,
3006 860 3063 918 ut
3088 865 3199 898 non
3223 847 3551 918 ethristitia
3589 851 3675 890 aut
3703 857 3749 889 ex

2125 911 2437 980 necessitate,
2462 911 2551 966 sed
2586 919 2640 965 in
2673 911 2908 965 laudibus
2933 911 2982 962 et
3019 917 3078 980 in
3116 911 3748 980 exultationeperseverat

2126 995 2291 1039 usque
2321 982 2373 1027 in
2400 972 2546 1027 finem
2573 981 2688 1027 vita:
2709 994 2839 1033 suae,
2854 981 2949 1033 Qui
2970 977 3299 1039 psalmusest
3323 972 3591 1039 canticum
3622 982 3747 1039 syria

2127 1034 2287 1101 gogze,
2313 1044 2363 1089 id
2390 1047 2482 1101 est,
2502 1043 2873 1091 caussacantici
2900 1044 2947 1088 et
2965 1034 3311 1099 jocunditatis
3335 1034 3748 1103 iquiajn‘pﬁq-

2126 1096 2259 1163 Eipio
2277 1096 2410 1152 dicit
2434 1096 2540 1152 eam
2572 1118 2680 1152 esse
2714 1108 2939 1155 Judaeum
2966 1096 3025 1150 vet
3050 1103 3208 1151 Israel
3234 1114 3309 1163 ex?
3332 1099 3482 1163 Sion.
3510 1096 3746 1163 Quiris:-

2129 1158 2242 1214 mus
2269 1181 2365 1213 non
2399 1170 2589 1215 tantum
2606 1170 2895 1229 propositus
2916 1172 2992 1215 est
3013 1166 3206 1226 Asaph,
3225 1162 3319 1210 sed
3335 1161 3497 1229 etiam
3525 1158 3746 1229 adstes)“-

2129 1231 2251 1283 rios,
2276 1230 2327 1275 id
2350 1234 2440 1287 est,
2467 1232 2527 1277 ad
2558 1220 2733 1279 omnes
2767 1234 2898 1279 recte
2924 1220 3176 1277 viventes.
3196 1220 3205 1226 ⁷
3225 1224 3481 1284 Assyrius
3522 1220 3665 1266 enim
3686 1221 3745 1263 in.

2131 1296 2426 1350 terpretatur
2444 1291 2703 1355 dirigens.
2728 1294 2930 1341 Materia
2957 1290 3144 1351 psalmi
3173 1290 3341 1345 hujus
3365 1290 3447 1331 est

2130 1345 2345 1418 Intentio
2379 1359 2470 1418 est,
2497 1345 2671 1402 omnes
2704 1357 2877 1405 fideles
2898 1345 2990 1415 qui
3017 1367 3070 1400 se
3108 1355 3207 1400 Deo
3231 1351 3519 1418 voverunt.
3550 1350 3650 1391 tam
3671 1345 3743 1387 13°

2131 1417 2267 1463 dzeos
2290 1430 2446 1475 quam
2461 1415 2657 1465 Gentes
2680 1419 2953 1478 exhortari,
2980 1420 3245 1478 quatenus
3263 1415 3343 1478 in_
3362 1416 3488 1458 voto
3530 1419 3743 1478 persuase-

2132 1486 2259 1537 rent,
2281 1470 2335 1524 ut
2360 1482 2570 1541 seipsos,
2582 1494 2710 1540 quos
2727 1484 2809 1529 hic
2826 1483 2918 1528 Deo
2935 1470 3205 1533 voverunt,
3222 1477 3292 1541 in
3318 1475 3502 1541 futuro
3532 1470 3738 1541 reddant.

2131 1543 2184 1588 In
2210 1534 2371 1599 prima
2402 1534 2536 1602 parte
2553 1534 2738 1591 dicitur
2763 1547 2890 1591 Deus
2915 1546 3067 1589 notus
3084 1539 3274 1602 essein
3304 1534 3529 1590 sanctis,
3558 1534 3738 1602 etquod

2134 1592 2318 1667 habitet
2343 1592 2566 1667 in‘ipsis,
2592 1610 2638 1652 et
2658 1607 2873 1665 quodibi
2898 1600 3387 1667 cunctacgnfringat
3414 1609 3562 1667 arma
3588 1592 3739 1667 dist-of

2132 1666 2244 1713 lica.
2262 1666 2318 1729 In
2342 1661 2564 1714 secunda
2582 1661 2717 1727 parte
2734 1668 3094 1729 (qumdicitur:
3120 1661 3737 1729 DormferyQ‘W’fa?‘

2059 1733 2114 1808 B
2132 1727 2332 1787 suum),
2358 1730 2545 1808 dJuritia
2562 1719 2901 1808 issi-opicier
2925 1734 3077 1808 athue
3093 1725 3351 1808 ‘terribile
3380 1723 3478 1808 Dei

2141 1786 2535 1842 commendatur.
2562 1786 2698 1840 Unde
2720 1794 2775 1840 in
2810 1795 2909 1840 fine
2931 1786 3245 1845 exhortatur,
3284 1792 3346 1834 ut
3379 1798 3483 1832 sua
3506 1786 3622 1828 vota
3641 1791 3735 1839 pef-

2139 1854 2305 1904 solvat
2318 1855 2556 1915 quisque,
2580 1870 2645 1903 ne
2663 1870 2692 1903 a
2716 1856 2928 1903 terribili
2962 1867 3079 1913 rege
3113 1853 3385 1911 puniatur.
3414 1848 3505 1895 Ait
3528 1856 3678 1902 ergo:

2568 1959 2973 2025 PSALMUS
3027 1955 3305 2023 LXXV.

2201 2080 2253 2135 2.
2279 2084 2452 2135 Notus
2473 2086 2535 2135 in
2557 2086 2748 2136 Judaea
2772 2087 2931 2146 Deus,
2960 2085 3025 2134 in
3050 2081 3220 2133 Israel
3256 2092 3545 2143 magnum
3564 2086 3732 2146 nam

2139 2154 2269 2217 ejus.
2283 2157 2415 2208 Fuit
2427 2157 2737 2222 aliquando
2749 2164 2815 2209 ut
2829 2144 2974 2221 gens
2992 2160 3108 2207 ista
3123 2154 3266 2215 sola,
3284 2151 3521 2202 scilicet
3535 2144 3734 2222 Iudae.

2139 2238 2343 2278 verum
2366 2221 2549 2280 Deum
2563 2233 2904 2293 agnosceret
2925 2231 3105 2290 atque
3126 2225 3421 2281 adoraret,
3449 2224 3511 2271 et
3532 2221 3734 2293 caetera

2140 2298 2354 2350 Gentes
2380 2300 2531 2351 idola
2545 2289 2815 2363 colerent,
2841 2304 2899 2351 et
2914 2289 3103 2350 Deum
3127 2296 3255 2348 caeli
3278 2294 3526 2360 penitus
3540 2289 3735 2363 ίεηοτξ

2140 2375 2286 2422 rent.
2313 2372 2423 2424 Sed
2456 2385 2556 2437 per
2580 2372 2762 2436 ipsius
2799 2360 2976 2439 384
3003 2369 3247 2433 gratiam
3279 2364 3644 2431 praedicatus
3663 2360 3737 2439 est

2140 2445 2419 2497 Gentibus
2435 2428 2506 2508 (ἱ.
2533 2428 2667 2496 re}...
2690 2444 2723 2498 3
2749 2457 2761 2503 ;
2784 2428 2910 2494 A'ct'.
2927 2428 3038 2504 1-3:)
3059 2457 3070 2491 :
3090 2446 3147 2492 et
3166 2428 3388 2491 nomen
3403 2446 3587 2508 suum

2139 2500 2542 2568 tantummodo
2564 2500 2768 2568 notum
2792 2520 2916 2567 erat
2936 2513 3000 2563 in
3021 2500 3053 2564 .1
3061 2513 3247 2573 udaea,
3257 2512 3385 2572 jam
3413 2500 3733 2557 admirabile

2139 2588 2354 2640 factum
2386 2593 2477 2641 est
2499 2590 2557 2640 in
2572 2588 2851 2640 universa
2870 2591 3023 2637 terra
3048 2583 3211 2644 (Psat.
3237 2580 3337 2642 8.).
3358 2581 3482 2630 Nec
3494 2580 3617 2641 jam
3631 2573 3737 2637 glo-

2138 2660 2360 2711 rientur
2380 2660 2588 2721 Judwi,
2614 2661 2749 2724 quia
2766 2659 2815 2709 si
2830 2656 2986 2723 apud
3001 2669 3106 2707 eos
3120 2664 3405 2724 magnum
3418 2646 3733 2724 nomean

2137 2731 2281 2782 mini
2299 2732 2524 2794 dicitur,
2536 2720 2691 2796 apud
2707 2743 2815 2781 nos
2832 2720 3007 2781 etiam
3016 2727 3089 2778 ad
3098 2723 3358 2796 mirabile
3380 2720 3733 2796 pradicatur.

2139 2804 2249 2854 Sed
2261 2789 2534 2867 quoniam
2558 2789 2652 2853 illa
2678 2814 2825 2865 gens
2845 2812 2880 2851 a
2903 2799 3219 2862 cogntione
3253 2795 3362 2846 Dei
3388 2789 3731 2867 errandoce-

2139 2862 2361 2933 ciditIet
2378 2887 2655 2938 magnum
2672 2862 2885 2924 nomen
2898 2870 3130 2921 Domini
3152 2863 3592 2938 blasphemavit
3607 2879 3619 2910 :
3627 2862 3728 2924 jam

2140 2946 2292 3008 quod
2308 2946 2367 2996 in
2378 2936 2585 2998 Judsea
2597 2950 2654 2997 et
2668 2944 2842 2995 Israel
2854 2947 3032 2994 notus
3048 2947 3107 2993 et
3124 2951 3377 3003 magnus
3393 2936 3625 3008 dicitur.
3641 2944 3723 2982 ne-

2132 3006 2295 3069 cesse
2310 3021 2418 3076 est,
2449 3023 2516 3069 ut
2543 3014 2945 3069 tantummodo
2969 3011 3347 3078 spiritualiter
3370 3006 3722 3078 intelligatur.

443 3086 693 3138 carnalia
707 3077 1850 3153 sacramenta.Bibentomnespeccatores
1872 3083 2031 3139 terrae,

2141 3088 2334 3140 Iudaea
2357 3089 2565 3153 quippe
2599 3087 2857 3150 confessio
2887 3077 3301 3148 interpretatur
3328 3097 3342 3131 :
3384 3077 3574 3153 israel
3612 3085 3723 3153 vero

439 3158 711 3222 quoniam
722 3170 925 3209 omnes
938 3158 997 3208 in
1013 3158 1250 3209 terrenis
1263 3155 1742 3221 promissionibus
1754 3150 2036 3203 delectan-

2141 3160 2218 3208 vir
2238 3149 2424 3209 videris
2452 3149 2643 3210 Deum.
2670 3149 2822 3210 Bene
2847 3157 3027 3221 igitur
3050 3156 3225 3205 Notus
3252 3154 3312 3201 in
3361 3150 3563 3200 Judza

442 3235 551 3282 tur.
584 3229 858 3281 Mirabilis
878 3234 969 3280 est
992 3229 1102 3280 iste
1125 3228 1295 3291 calix,
1317 3228 1388 3279 de
1403 3241 1518 3291 quo
1534 3226 1735 3277 bibent
1749 3234 1953 3276 omnes
1978 3226 2033 3274 et

441 3300 578 3352 boni
600 3305 660 3352 et
681 3300 847 3351 mali:
874 3302 932 3351 et
954 3300 1012 3350 in
1050 3313 1162 3363 quo
1207 3304 1450 3351 sumunt
1483 3297 1618 3349 boni
1641 3296 1795 3347 unde
1812 3295 2027 3355 vivant,

442 3371 576 3424 mali
601 3372 756 3424 unde
778 3377 1031 3437 pereant.
1058 3372 1192 3423 Tale
1216 3376 1339 3423 erat
1360 3376 1418 3423 et
1440 3371 1694 3421 Verbum
1720 3368 1902 3419 Patris
1926 3369 2036 3417 Do-

439 3444 633 3495 minus
646 3448 843 3494 noster
861 3445 893 3493 J
897 3456 1032 3494 esus
1044 3442 1325 3500 Christus,
1340 3442 1410 3493 de
1425 3454 1537 3504 quo
1555 3444 1794 3491 sanctus
1806 3440 2035 3490 Simeon

440 3513 702 3579 perhibet
724 3514 955 3565 dicens:
992 3515 1133 3563 Ecce
1155 3514 1247 3563 hic
1274 3513 1499 3575 positus
1520 3517 1611 3563 est
1635 3511 1695 3563 in
1734 3511 1960 3562 ruinam
1978 3514 2037 3561 et

436 3585 916 3636 resurrectionem
940 3584 1276 3646 multorum,
1297 3584 1422 3633 etin
1439 3583 1673 3645 signum
1696 3584 1787 3633 cui
1808 3586 2037 3633 contra-

442 3657 667 3707 dicetur
706 3656 846 3715 (Luc.
901 3654 991 3716 2.).
1032 3655 1121 3704 Sic
1166 3654 1339 3705 etiam
1376 3654 1435 3707 in
1482 3655 1773 3717 superiore
1811 3653 2035 3717 psalmo

439 3728 627 3791 ipsam
652 3726 1003 3789 Scripturam
1024 3737 1241 3776 vocans
1254 3738 1470 3775 arcum.
1488 3724 1661 3791 383
1686 3724 1911 3775 Paravit
1933 3724 2038 3785 (in-

443 3798 584 3862 quit)
612 3798 670 3848 in
710 3810 778 3848 eo
810 3809 953 3848 vasa
976 3796 1180 3848 mortis
1199 3796 1363 3857 (Psat.
1389 3800 1477 3860 7.).
1502 3796 1558 3847 id
1583 3800 1673 3847 est
1698 3795 2034 3860 sententias,

446 3882 578 3933 quae
611 3868 761 3921 male
789 3868 1095 3920 intellectae
1110 3873 1355 3921 mortem
1383 3870 1689 3934 propinant
1730 3867 1916 3918 multi.
1949 3867 2039 3919 Sic

442 3941 515 3992 de
542 3940 653 3991 isto
674 3939 850 3991 calice
864 3940 1097 4004 quidam
1122 3940 1349 4006 vivunt,
1360 3941 1594 4005 quidam
1617 3941 2039 4004 pereunt.Inter

442 4012 568 4064 haec
591 4011 729 4075 quid
753 4012 833 4063 ait
855 4012 1116 4063 Christus
1140 4016 1164 4062 Ρ

505 4083 591 4138 10.
620 4083 732 4147 Ego
767 4089 948 4133 autem
985 4083 1330 4133 annuntiabo
1372 4084 1434 4133 in
1462 4083 1717 4133 saeculum
1749 4080 2037 4143 Quamdiu

443 4155 596 4207 enim
608 4155 956 4207 durabithoc
969 4156 1584 4219 saeculum,Christuset
1598 4159 1677 4206 sui
1692 4156 2039 4215 praedicabunt

444 4227 834 4291 Evangelium.
844 4227 1082 4278 Cantabo
1095 4227 1198 4277 Deo
1208 4228 1370 4277 Jacob
1381 4242 1513 4279 cum
1530 4225 2037 4291 gaudio.Laudabo

444 4299 626 4363 illum,
641 4300 740 4363 qui
763 4300 1085 4364 specialiter
1095 4305 1183 4352 est
1197 4300 1348 4351 Deus
1360 4300 1586 4351 illorum
1601 4299 1699 4363 qui
1711 4299 2038 4358 spiritualiier

446 4372 788 4422 suntJacob.
803 4371 1024 4423 Deinde
1039 4372 1420 4436 pramuntiatj
1431 4372 1703 4429 udicium,
1717 4371 1815 4422 ubi
1832 4367 2038 4433 praedi-

443 4443 523 4494 cit
544 4443 728 4494 malos
744 4443 1050 4503 humiliari,
1075 4444 1261 4494 bonos
1277 4442 1534 4495 exaltari.
1553 4443 1717 4495 Unde
1738 4447 1795 4493 et
1815 4440 2039 4491 subdit:

506 4513 595 4568 11.
629 4515 698 4563 Et
726 4516 918 4564 omnia
948 4529 1159 4564 cornua
1199 4519 1535 4578 peccatorum
1581 4514 1948 4577 con/'ringam,
1996 4516 2042 4559 et

443 4585 832 4636 cacatlabuntur
849 4601 1061 4635 cornua
1075 4586 1230 4651 justi.
1250 4588 1701 4638 Habentcornua
1720 4599 1825 4636 sua
1842 4594 2045 4648 pecca-

445 4659 600 4710 tores
623 4658 684 4708 in
708 4658 818 4709 hoc
843 4658 1056 4719 seculo,
1083 4657 1300 4709 scilicet
1332 4658 1656 4722 imperium,
1692 4655 2039 4707 dominatio-

447 4743 602 4793 nem,
627 4730 1359 4795 honores,divitias,ipsam
1383 4731 2043 4795 quoque,quaapreaami-

445 4804 564 4867 net,
579 4802 907 4865 superbiam
927 4819 940 4854 :
969 4803 1181 4866 quibus
1205 4803 1478 4853 cornibus
1497 4805 1791 4866 tamquam
1809 4806 2039 4851 indomiti

450 4873 598 4925 tauri
624 4872 1081 4937 aliosimpetunt,
1095 4875 1236 4925 alios
1249 4875 1504 4926 inferunt
1522 4880 1580 4927 et
1595 4875 1913 4940 impellunt.
1933 4874 2039 4926 Sed

447 4944 813 5009 omnipotens
828 4946 982 4996 Deus
993 4944 1213 5008 judicio
1227 4958 1332 4997 suo
1345 4946 1539 4997 omnia
1551 4959 1765 4997 cornua
1780 4951 2043 5009 peceato-

445 5029 577 5069 rum
600 5015 944 5080 confringet,
966 5020 1021 5067 et
1043 5027 1273 5066 omnem
1294 5016 1522 5068 illorum
1541 5018 1854 5080 potentiam
1872 5021 1931 5068 et
1955 5029 2043 5067 su-

446 5087 704 5154 perbiam
721 5087 791 5139 ad
811 5086 1058 5138 nihilum
1070 5086 1307 5151 rediget.
1323 5089 1549 5140 Habent
1564 5089 1738 5140 etiam
1757 5089 1901 5151 justi
1918 5099 2043 5138 cor-

447 5173 562 5212 nua
602 5171 709 5211 sua
733 5159 848 5210 duo
877 5160 1265 5220 Testamenta,
1295 5159 1419 5211 sive
1442 5159 1617 5211 fidem
1642 5165 1700 5210 et
1726 5161 2041 5219 caritatem,

448 5238 806 5296 craterasque
821 5231 1087 5293 virtutes,
1106 5230 1316 5294 quibus
1336 5243 1398 5282 se
1413 5232 1485 5281 ab
1501 5230 1749 5281 inimicis
1775 5230 2042 5281 Ecclesia!

450 5304 811 5356 defendunt:
836 5304 995 5367 ipsos
1020 5302 1192 5355 etiam
1227 5301 1486 5354 valenter
1507 5302 1793 5366 impetunt
1816 5307 1875 5353 et
1908 5313 2042 5365 pro-

453 5381 740 5427 sternunt.
768 5379 908 5438 Quae
932 5374 1206 5428 mirabilis
1222 5376 1380 5426 Deus
1396 5387 1528 5426 cum
1552 5374 1626 5425 ad
1644 5374 1931 5438 judicium
1953 5385 2043 5423 ve-

454 5447 603 5499 nerit
625 5447 684 5497 in
705 5447 885 5511 gloria
908 5459 1033 5510 sua,
1059 5447 1299 5499 mirifice
1327 5445 1621 5497 exaltabit.
1653 5445 2040 5509 Colligatergo

451 5530 519 5567 ex
543 5517 638 5568 his
660 5518 1307 5582 verbis,unusquisque,
1322 5517 1551 5582 qualem
1576 5530 1636 5568 se
1661 5517 1870 5569 debeat
1889 5516 2046 5567 exhi-

453 5588 604 5638 bere.
632 5590 979 5653 Caveatque,
1006 5590 1158 5641 sicut
1182 5590 1240 5640 in
1268 5589 1430 5640 titulo
1449 5591 1813 5651 praemissum
1841 5591 1949 5648 est,
1972 5598 2043 5636 ne

453 5658 708 5720 seipsum
741 5664 1072 5723 corrumpat
1092 5664 1151 5712 et
1178 5664 1390 5724 pereat,
1411 5663 1739 5724 peccatores
1764 5658 2042 5721 superbos

452 5726 748 5787 imitando,
768 5730 1080 5780 etDomino
1092 5730 1433 5781 resistendo.
1450 5730 1557 5780 Sed
1571 5730 1761 5792 potius
1773 5727 2043 5787 humiles,

459 5796 655 5858 justos
680 5797 1145 5851 studeatimitari:
1160 5804 1449 5863 quatenus
1461 5800 1521 5851 in
1530 5799 1724 5851 futuro
1734 5812 1911 5864 regno
1934 5810 2044 5849 me-

2133 3231 2359 3295 dicitur,
2381 3231 2517 3295 quia
2538 3244 2611 3283 ex
2635 3219 3000 3282 confessione
3026 3227 3245 3294 peccati
3266 3225 3528 3276 habetur
3542 3219 3721 3295 notitia

2136 3303 2253 3355 Dei.
2290 3294 2502 3367 Aperte
2515 3303 2688 3353 etiam
2711 3301 2918 3353 Judwa
2932 3304 3071 3352 ante
3097 3297 3271 3349 Israel
3292 3305 3390 3347 est
3403 3294 3721 3367 memorata.

2136 3374 2269 3438 quia
2291 3366 2391 3438 per
2406 3374 2835 3426 confessionem
2845 3373 2917 3424 ad
2929 3368 3346 3436 omnipotentis
3371 3366 3479 3419 Dei
3497 3366 3725 3438 perveni-

2135 3437 2228 3498 tur
2252 3437 2549 3499 visionem.
2568 3446 2768 3509 Neque
2790 3445 2925 3508 quia
2949 3444 3172 3495 dictum
3195 3446 3321 3493 est:
3356 3440 3421 3487 In
3437 3437 3604 3487 Isi-aet
3623 3449 3726 3483 ma-

2135 3533 2307 3581 gnum
2324 3533 2523 3568 nomen
2537 3517 2650 3580 ejus
2668 3535 2678 3566 :
2708 3517 2789 3568 sic
2811 3514 3217 3579 accipiendum
3232 3517 3341 3567 est,
3358 3518 3414 3559 ut
3426 3511 3553 3558 alibi
3567 3510 3722 3565 maiﬂis

2136 3589 2271 3641 alibi
2296 3589 2481 3641 minor
2511 3589 2586 3640 sit
2608 3591 2764 3640 Deus
2794 3603 2805 3638 :
2834 3587 2933 3639 sed
2960 3587 3039 3637 ibi
3063 3585 3321 3650 profecto
3343 3592 3622 3645 magnum
3638 3590 3724 3628 no—

2134 3674 2270 3712 men
2283 3660 2624 3723 Deidicitur,
2650 3659 2749 3710 ubi
2764 3672 2863 3722 pro
2886 3670 3013 3710 sua}
3035 3657 3149 3721 maj
3160 3654 3367 3707 estatis
3393 3652 3723 3723 magnitudine

2137 3735 2486 3785 nominatur.
2512 3733 2602 3784 Sic
2615 3719 2790 3783 etiam
2814 3731 2874 3781 in
2897 3719 3157 3781 oratione
3185 3727 3464 3791 petimus,
3491 3719 3722 3773 Sanctiﬁ-

2136 3809 2297 3859 cetur
2313 3818 2525 3856 nomen
2550 3809 2717 3856 tuum
2736 3802 2947 3865 (Matth.
2968 3802 3061 3863 6.).
3082 3799 3250 3862 Quod
3266 3810 3391 3849 non
3408 3796 3491 3847 sic
3519 3794 3721 3858 petitur.

2137 3877 2303 3942 quasi
2327 3889 2445 3928 non
2471 3876 2545 3928 sit
2578 3888 2794 3926 nomen
2810 3875 3081 3925 sanctum
3107 3872 3234 3923 Dei:
3266 3870 3371 3942 sed
3397 3872 3463 3942 ut
3479 3870 3721 3942 sanctum

2135 3938 2417 3999 Habeatur
2448 3947 2521 3997 ab
2558 3946 2910 4007 hominibus,
2944 3943 3003 3994 id
3028 3948 3135 4005 est,
3168 3942 3247 3993 ita
3280 3939 3398 3991 illis
3422 3938 3721 4007 innotescat

2136 4023 2509 4082 Deus,utnon
2522 4017 2854 4069 existiment
2866 4006 3087 4079 aliquid
3101 4009 3551 4075 sanctius,quod

2137 4076 2427 4143 offendere
2452 4090 2706 4141 timeant.
2734 4087 2891 4138 Dixit
2914 4076 3084 4138 nobis
3107 4085 3208 4135 ubi
3226 4084 3303 4134 sit
3325 4087 3526 4139 notus,
3552 4078 3644 4130 ubi
3663 4076 3720 4126 sit

2138 4174 2406 4225 magnus.
2441 4160 2607 4211 Dicat
2630 4160 2799 4210 nobis
2822 4157 2999 4209 etiam
3023 4156 3125 4207 ubi
3148 4155 3375 4206 habitet
3404 4154 3580 4225 Deus.

2199 4220 2467 4287 3."Factus
2494 4236 2564 4279 est
2590 4230 2810 4294 (inquit)
2848 4229 2912 4277 in
2951 4242 3082 4292 pace
3110 4228 3259 4275 locus
3287 4226 3425 4288 ejus,
3451 4231 3499 4272 et
3536 4220 3722 4294 habita-

2138 4306 2208 4353 tio
2232 4305 2346 4366 ejus
2370 4303 2431 4351 in
2457 4290 2901 4362 Sion.Qu_amrdiu
2919 4290 3028 4363 (Ea:
3052 4297 3407 4361 Augustino)e
3429 4307 3549 4346 non
3572 4290 3721 4366 conti:

2140 4361 2279 4427 teris
2313 4376 2563 4437 peccata.
2601 4361 3029 4435 quodammOdo
3054 4369 3264 4420 rixaris
3298 4380 3438 4419 cum
3471 4361 3719 4437 Deo.ASed_

2142 4434 2684 4506 confitendoincipis
2702 4455 2902 4507 pacem
2921 4442 3135 4493 habere
3152 4452 3290 4491 cum
3316 4451 3407 4499 eo,
3424 4442 3483 4489 et
3505 4438 3581 4488 ita
3602 4434 3720 4507 fitei

2145 4518 2307 4569 locus
2332 4517 2393 4567 in
2428 4502 2737 4566 corde'tuo.
2770 4517 2835 4565 In
2857 4525 3000 4577 pace
3025 4511 3299 4576 perfectio
3327 4514 3443 4569 est,
3479 4508 3574 4559 ubi
3603 4502 3721 4557 nihil

2147 4589 2447 4655 repugnat.
2462 4586 2685 4637 Pacifici
2705 4588 2901 4637 autem
2917 4584 2976 4635 in
3004 4581 3339 4645 semetipsis
3351 4578 3723 4655 suntgui‘om-

2140 4651 2246 4713 ne's
2269 4651 2465 4711 motus
2490 4656 2666 4708 animi
2701 4656 2792 4708 sui
2825 4658 3190 4719 componunt
3214 4657 3273 4703 et
3313 4651 3628 4715 subjiciunt
3649 4658 3720 4696 ra-

2138 4728 2685 4793 tioni,carnalesque
2696 4726 3196 4797 concupiscentias
3210 4723 3434 4797 habent
3450 4719 3721 4797 edomitas.

2138 4806 2206 4856 In
2223 4804 2435 4868 quibus
2458 4804 2539 4854 ita
2552 4805 2688 4853 sunt
2703 4798 2969 4850 ordinata
2991 4796 3210 4868 omnia,
3231 4800 3298 4868 ut
3312 4794 3373 4845 id
3399 4792 3556 4857 quod
3576 4792 3656 4868 est
3676 4792 3724 4868 in

2138 4866 2377 4928 homine
2418 4873 2796 4939 praecipuum,
2822 4868 2878 4919 id
2915 4873 3015 4939 est
3038 4867 3206 4923 ratio,
3234 4866 3483 4939 imperet
3526 4866 3725 4939 caeteris

2140 4959 2255 4998 non
2285 4933 2720 5004 reluctantibus,
2739 4946 2796 4992 et
2814 4938 3155 5005 subjiciatur
3167 4936 3458 5001 potiori,id
3481 4940 3589 4991 est,
3609 4933 3723 4981 Deo.
3822 4984 3823 4989 η

2139 5019 2281 5070 Haec
2306 5021 2397 5068 est
2420 5029 2530 5080 pax
2562 5025 2695 5078 quas
2721 5012 2894 5063 datur
2929 5010 2989 5060 in
3030 5014 3185 5060 terra
3210 5008 3551 5059 hominibus
3579 5005 3723 5054 bona

2137 5088 2454 5141 voluntatis
2483 5087 2627 5149 (Luc.
2653 5083 2905 5146 9.)..Haac
2930 5084 3022 5132 est
3042 5080 3165 5131 vita
3188 5080 3596 5149 consummata
3614 5085 3724 5149 per-

2140 5159 2385 5222 fectique
2409 5144 2799 5222 sapientisDe
2815 5150 3153 5216 hujusmodi
3176 5162 3359 5222 regno
3382 5144 3723 5222 pacatissimo

2140 5214 2315 5294 atque
2326 5214 2547 5281 ordinat
2556 5227 2757 5278 issimo
2771 5214 3038 5294 princeps
3051 5220 3372 5294 saeculibuj
3383 5233 3456 5294 us
3467 5219 3610 5294 foras
3621 5214 3725 5293 mit-

2142 5283 2284 5354 titur
2307 5301 2486 5359 (Joan.
2510 5297 2636 5361 12.),
2653 5297 2751 5360 qui
2774 5283 3066 5360 perversis
3082 5291 3548 5353 inordinatisque
3568 5283 3721 5361 domij
3822 5344 3823 5359 γ

2139 5358 2326 5424 natur.
2358 5372 2494 5423 Sion
2533 5358 3102 5430 vero—interpretatur
3132 5361 3456 5427 spcculatio.
3490 5362 3613 5424 Ipsa
3648 5358 3720 5406 est

2142 5444 2551 5506 Ecclesia,quaa
2570 5441 2630 5492 in
2658 5436 2958 5506 altitudine
2980 5438 3245 5506 moratur
3261 5434 3481 5506 divinae
3498 5434 3719 5506 conte!!!-

2141 5498 2839 5581 plationisfpostmodum
2867 5504 3132 5581 fruitura
3177 5504 3537 5581 beatitudine
3568 5498 3716 5581 ipsius

2142 5570 2358 5651 aperta
2401 5570 2661 5636 visionis.
2698 5583 2765 5651 In
2797 5579 2929 5651 ista
2963 5576 3099 5651 Sion
3146 5581 3239 5651 est
3292 5573 3567 5651 habitatio
3594 5570 3714 5651 ejus

2143 5643 2295 5710 sicut
2311 5658 2434 5722 ipse
2450 5655 2615 5707 dicit:
2643 5653 2711 5704 Et
2733 5647 3097 5708 inhabitabo,
3123 5656 3175 5698 et
3201 5643 3712 5698 inambulaboineis

2166 5730 2349 5779 Ezech.
2391 5726 2517 5788 43.).

2377 5730 2634 5860 iiii-egit
2645 5790 2911 5857 potentias
2933 5787 3195 5851 (scilicet)
3223 5802 3441 5847 arcum,
3465 5790 3663 5839 scutum,
3680 5782 3713 5824 et
