3880 6222
57 354 185 411 957
1105 357 1180 408 ΙΝ
1216 355 1541 409 PSALMOS
1573 355 1702 407 LX}

1815 354 2400 410 COMMENTARIUS.
3289 346 3398 406 958

57 480 369 546 gladium,
394 486 443 529 et
483 480 694 531 bellum.
726 483 792 532 In
828 482 982 543 Sion,
1012 479 1102 533 vel
1136 481 1196 532 in
1230 492 1371 546 pace
1426 480 1709 543 confregit.
1728 475 1779 546 Α
1806 484 2017 552 terrore
2038 480 2170 544 quis
2195 480 2579 545 homopoterit
2595 476 3104 552 contraire7386
3122 479 3206 531 Ne
3263 482 3401 552 tunc

57 552 494 617 quicquidpro
507 566 719 617 magno
735 552 1214 611 babebant,unde
1240 566 1300 604 se
1315 552 1704 615 temporaliter
1804 551 1883 602 ibi
1907 552 2157 615 primum
2186 552 2424 616 incipies
2445 554 2634 604 irasci.
2662 554 2750 603 Ea:
2773 558 2918 617 tunc,
2954 549 3093 607 cuni
3120 549 3403 606 ascende-

57 626 502 689 protegebant,
522 624 808 676 etbellum
839 624 993 687 quod
1008 623 1705 683 adversusDeum,defen-
1804 626 1939 675 runt
1966 635 2167 686 equos,
2192 624 2282 672 ira
2304 628 2397 672 tua
2428 623 2536 675 fuit
2559 624 2622 675 in
2644 625 2746 675 eis.
2772 627 3119 679 irascebaris
3160 631 3318 686 tunc,
3344 625 3404 673 et

57 696 283 747 dendo
310 701 553 760 peccata
587 708 712 759 sua,
747 697 1037 760 gerebant.
1067 698 1169 746 Est
1194 696 1375 753 etiam
1411 708 1581 746 arcus
1604 695 1707 747 de-
1804 694 2148 747 minaberis:
2176 695 2531 758 increpabas,
2562 695 2700 758 quia
2722 698 2979 749 converti
3003 695 3394 749 desiderabas.

59 768 385 832 ceptionis
400 768 459 818 in
486 767 794 829 haereticis,
814 772 1045 818 scutum
1057 767 1283 820 duritiae
1298 766 1361 818 in
1376 766 1702 825 incredulis,
1806 769 1876 818 Et
1887 766 2245 830 quiairatum
2265 770 2724 821 contemserunt.
2740 770 3110 830 postmodum
3124 768 3394 818 terribilem

64 839 328 902 gladius
357 839 417 889 in
444 840 723 903 tyrannis,
749 838 965 890 bellum
982 839 1039 888 in
1067 838 1239 889 vitiis.
1266 840 1405 890 Haec
1430 843 1568 890 sunt
1583 838 1706 888 dia-
1803 838 2097 891 inventuri
2124 846 2281 889 sunt.
2298 836 2465 888 Unde
2480 841 2545 888 et
2568 836 2834 888 subditur
2860 855 2871 889 :

65 910 301 962 bolicae
318 911 619 974 potentiae,
634 923 778 972 quas
790 910 1159 974 omnipotens
1176 912 1329 961 Deus
1346 909 1635 960 destruxit
1649 914 1706 960 et
1866 909 1918 963 9.
1944 911 2019 959 De
2041 908 2424 958 caloauditum
2442 908 2613 971 fecisti
2626 908 2920 970 judicium.
2936 910 3161 961 Nullam
3178 909 3397 960 habent

66 982 388 1045 confregit
406 982 467 1032 in
491 982 731 1045 paciﬂco
756 981 947 1032 corde.
981 981 1196 1031 Deinde
1221 981 1506 1032 convertit
1532 993 1594 1031 se
1631 980 1705 1032 ad
1803 981 2409 1033 excusationem.Nam
2421 979 2607 1031 audiri
2618 983 2750 1030 ante
2763 980 2939 1031 fecisti
2947 981 3394 1043 judiciumtuum,

67 1053 294 1116 ipsum
323 1055 524 1113 Deum,
552 1053 718 1116 quasi
742 1052 942 1103 dicens
968 1070 978 1100 :
1021 1053 1123 1113 Tu,
1151 1052 1412 1113 Domine,
1434 1052 1534 1115 qui
1567 1063 1706 1102 con-
1804 1054 1978 1105 etiam
1994 1053 2065 1104 de
2080 1053 2225 1104 caelo
2242 1052 2449 1103 fuiteis
2470 1051 2939 1116 praenuntiatum.
2965 1052 3101 1103 Coeli
3128 1051 3398 1102 enarrant

66 1123 302 1187 fringis
332 1128 526 1174 tantas
562 1124 863 1186 potentias,
890 1123 998 1174 hoc
1020 1122 1219 1174 ordine
1241 1122 1401 1173 facis.
1802 1125 2040 1187 gloriam
2070 1125 2174 1175 Dei
2198 1124 2358 1186 (Psat.
2388 1123 2505 1186 18.).
2530 1122 2669 1174 Caeli
2708 1123 3083 1186 pronuntiant
3115 1121 3397 1186 judicium

140 1194 178 1247 5
193 1232 207 1243 .
238 1194 582 1243 Ittuminans
599 1200 657 1244 tu
676 1194 997 1243 mirabiliter
1013 1210 1048 1242 α
1064 1194 1705 1243 montibusactemis.Vere
1805 1196 1924 1246 Dei.
1951 1196 2073 1258 Vel,
2088 1195 2159 1246 de
2179 1195 2323 1246 caelo
2336 1195 2724 1246 descensurus
2736 1206 2817 1253 es,
2833 1197 2899 1244 ut
2909 1193 3096 1245 audiri
3110 1193 3285 1244 facias
3304 1191 3399 1253 ju-

70 1271 139 1313 m
170 1272 237 1317 et
270 1278 393 1317 non
415 1266 583 1318 alius.
611 1267 820 1329 Magno
843 1265 1095 1330 pondere
1119 1265 1338 1318 dictum
1367 1268 1476 1329 est,
1504 1266 1610 1316 Tu:
1639 1269 1705 1316 ut
1805 1268 2019 1319 dicium
2044 1272 2228 1318 tuum.
2254 1267 2343 1318 Sic
2366 1266 2519 1317 enim
2539 1268 2784 1317 testatur
2806 1264 3212 1329 Evangelium:
3238 1264 3400 1312 Tunc

66 1336 371 1387 videlicet
385 1337 611 1387 nullum
627 1336 1105 1402 aliumintelligas
1120 1336 1704 1393 illuminatorem,nisi
1803 1339 2082 1392 videbunt
2103 1337 2308 1389 Filium
2326 1336 2575 1388 hominis
2586 1335 3105 1405 descendentemin
3124 1333 3398 1392 nubibus,

69 1407 290 1459 solum
314 1410 522 1459 Deum.
549 1410 734 1459 Homo
750 1408 1043 1472 praedicat,
1074 1410 1227 1459 Deus
1254 1407 1560 1460 illuminat.
1585 1409 1705 1459 Nec
1805 1424 1941 1463 cum
1962 1414 2249 1475 potestate
2261 1421 2474 1474 magna
2486 1408 3078 1473 etmajestatewatth.
3105 1405 3231 1468 24.).
3261 1405 3403 1475 Nam

68 1480 358 1530 exterius
399 1492 589 1531 sermo
631 1480 855 1544 proﬁcit
892 1479 1281 1544 praedicantis,
1315 1479 1430 1530 nisi
1462 1479 1706 1530 interius
1804 1474 2045 1536 virtutes
2069 1481 2347 1533 cmlorum
2372 1480 2761 1532 movebuntur
2785 1479 2929 1540 (Luc.
2962 1477 3089 1541 21).
3116 1479 3277 1529 Tunc
3310 1474 3408 1526 fiet

68 1551 283 1614 gratia
304 1556 572 1614 operetur
596 1550 770 1618 385
797 1550 1201 1603 illuminantis.
1233 1553 1302 1601 Et
1323 1551 1424 1612 qui
1450 1555 1587 1601 sunt
1608 1549 1706 1601 isti
1807 1554 1964 1619 quod
1982 1553 2359 1616 subjunctum
2384 1556 2474 1602 est
2496 1565 2509 1601 :

72 1626 332 1673 montes
363 1622 584 1683 interni,
623 1624 734 1673 nisi
764 1623 1173 1687 praedicatores
1214 1622 1446 1673 sancti?
1480 1623 1705 1673 Montes

72 1700 330 1756 propter
341 1693 703 1746 altitudinem
709 1694 1338 1758 justitiaa;aeterni,quia
1356 1706 1582 1757 semper
1590 1708 1705 1742 cum

1869 1625 1956 1680 10.
1994 1626 2156 1674 Terra
2179 1623 2416 1682 tremuit,
2436 1628 2481 1671 et
2505 1622 2723 1686 quievit.
2749 1623 2998 1674 Terrena
3027 1616 3407 1679 conscientia,

1807 1710 1941 1762 quaa
1966 1696 2136 1748 modo
2167 1708 2229 1746 se
2247 1695 2441 1746 turbat
2457 1699 2516 1746 et
2536 1693 2775 1755 laborat,
2800 1699 2937 1745 tunc
2961 1696 3207 1762 tremere
3226 1688 3401 1762 habet

81 1764 351 1815 Domino
394 1766 672 1816 mansuri.
713 1768 864 1818 Istos
899 1771 1131 1817 montes
1173 1766 1332 1830 prius
1367 1764 1710 1815 illuminavit
1808 1757 1867 1822 et
1888 1768 2202 1831 quiescere.
2219 1768 2347 1817 Jam
2370 1777 2489 1815 non
2512 1765 2760 1816 inveniet
2774 1761 3275 1828 qumfaciatmaia:
3297 1757 3399 1831 sed

79 1841 358 1909 aeternus
386 1836 572 1909 sol,ﬁut
584 1850 686 1901 per
714 1850 813 1909 eos
830 1829 1202 1909 postmodum
1220 1842 1429 1909 terram
1446 1848 1620 1909 (suam
1638 1836 1702 1909 il-

1808 1829 1991 1892 multa
2034 1838 2247 1889 sentiet
2283 1836 2439 1888 unde
2476 1836 2882 1909 contremiscat
2914 1838 3217 1909 tormenta.
3252 1829 3399 1909 Hinc

81 1906 435 1969 luminaret,
451 1908 509 1959 id
529 1912 633 1963 est,
647 1908 961 1959 Ecclesiam
980 1923 999 1959 ι
1018 1908 1198 1960 ethoc
1216 1906 1705 1969 mirabiliter,quia
1729 1901 1778 1909 ’⁷
1806 1909 2324 1965 eruntaccusantia
2345 1911 2592 1974 peccata,
2616 1907 2751 1958 inde
2765 1912 2983 1959 terrens
2994 1904 3236 1971 justitia,
3258 1901 3395 1952 sub-

84 1978 493 2043 spiritualiter.
530 1979 635 2030 Vel
677 1980 1026 2042 mirabiliter,
1049 1979 1108 2031 id
1124 1984 1231 2041 est,
1268 1991 1402 2029 cum
1430 1978 1613 2042 signis
1647 1981 1705 2029 et
1804 1989 1900 2036 tus
1926 1988 2132 2048 patens
2155 1980 2453 2032 horridum
2475 1979 2651 2031 chaos
2683 1979 2908 2039 inferni,
2940 1978 3192 2041 desuper
3212 1974 3396 2048 iratus

84 2050 405 2114 prodigiis,
444 2051 597 2102 sicut
646 2051 927 2115 scriptum
950 2054 1080 2102 est:
1118 2050 1201 2101 Illi
1241 2055 1436 2101 autem
1466 2048 1704 2114 profecti
1798 2043 3394 2121 jude'x:intusurensconscientia,forisardensmundtlei

82 2122 565 2186 prendit-atterunt
593 2123 827 2186 ubique,
850 2123 1097 2174 Domino
1119 2124 1461 2186 cooperante
1494 2125 1553 2172 et
1583 2132 1705 2171 ser-

82 2205 333 2244 monem
352 2195 749 2255 conﬁrmante,
773 2194 1153 2257 sequentibus
1166 2192 1349 2257 signis
1362 2192 1549 2255 (Marc.
1576 2190 1702 2254 16.).

83 2264 321 2325 Quibus
347 2264 819 2329 prmdicantibus,
1570 2262 1579 2271 “

158 2335 212 2389 6.
254 2336 477 2384 Turbati
498 2341 625 2385 sunt
647 2350 831 2385 omnes
854 2335 1167 2397 insipientes
1190 2334 1362 2384 corde.
1388 2332 1705 2384 Praedicata

81 2412 189 2457 est
212 2406 445 2458 veritus.
472 2408 635 2458 Dicta
658 2411 746 2458 est
775 2410 994 2459 aeterna
1017 2406 1154 2465 vita,
1180 2418 1314 2469 quae
1358 2418 1477 2455 non
1515 2409 1605 2455 est
1629 2403 1701 2454 de

79 2479 138 2528 is
151 2483 211 2529 ta
227 2480 517 2530 terra.Con
526 2483 847 2529 temserbnt
861 2477 1128 2529 homines
1145 2477 1321 2529 vitam
1335 2480 1701 2539 prwsentem;

83 2556 443 2600 amaverunt
461 2548 1079 2600 futuram.Illuminasti
1094 2547 1554 2611 perilluminatos
1566 2560 1707 2593 mon-

88 2626 191 2669 tes.
220 2620 566 2683 Insipientes
592 2623 789 2670 autem
805 2619 1303 2670 conturbatisunt.
1327 2616 1466 2668 Inde
1483 2615 1577 2667 illa
1589 2628 1707 2678 per-

89 2691 323 2741 secutio
340 2691 819 2753 martyrumlnde
838 2689 1116 2752 strepitus
1132 2686 1705 2740 haereticorumlnde

88 2760 392 2812 dissensio
415 2761 753 2813 carnalium.
778 2762 918 2812 Inde
940 2759 1159 2811 inimici
1185 2758 1470 2810 Ecclesiae.
1496 2757 1704 2808 Adhuc

88 2832 241 2882 dum
270 2832 544 2895 praedicat
575 2833 825 2896 sapiens,
843 2833 1110 2883 turbatur
1130 2830 1432 2894 insipiens.
1460 2829 1559 2881 Ille
1582 2828 1704 2879 vult

91 2903 403 2966 corrigere,
432 2904 541 2955 iste
576 2903 908 2967 indignatur
928 2907 987 2954 et
1008 2901 1307 2973 irascitur.
1340 2901 1567 2973 Corripe
1596 2900 1702 2963 (in-

93 2975 244 3039 quit)
297 2974 561 3035 stultum,
607 2980 666 3025 et
708 2974 890 3025 odibit
944 2972 1016 3025 te.
1083 2972 1311 3035 Corripe
1362 2972 1700 3036 sapientem,

87 3051 156 3097 et
200 3046 418 3096 amabit
456 3049 512 3097 te
570 3046 747 3107 (Prov.
807 3044 900 3107 9.).
969 3044 1118 3105 Quid
1171 3043 1431 3094 fecerunt
1488 3039 1702 3093 turbati

90 3116 222 3167 illi?
246 3117 596 3166 Dormierunl
632 3130 888 3165 somnum
932 3130 1113 3167 suum.
1158 3118 1515 3167 Amaverunt
1550 3125 1696 3178 pra)-

94 3188 312 3249 sentia,
337 3191 395 3238 et
435 3187 807 3245 dormierunt,
854 3186 1023 3249 idest,
1058 3185 1325 3237 delectati
1371 3189 1508 3236 sunt
1552 3184 1695 3248 ipsis

1802 2113 2010 2179 Justus
2024 2126 2121 2177 vix
2133 2123 2464 2186 salvabitur,
2480 2126 2747 2187 peccator
2757 2123 2854 2173 ubi
2866 2123 3060 2183 parebit
3079 2119 3121 2183 (1
3134 2114 3332 2169 .Petr.4
3357 2113 3397 2177 )?

1806 2200 1944 2249 Cum
1984 2200 2285 2256 exsurgeret
2317 2195 2380 2243 in
2407 2194 2683 2258 judicium
2722 2194 2878 2254 Deus,
2915 2198 2975 2241 ut
3002 2191 3172 2241 salvos
3202 2188 3397 2252 faceret

1803 2284 1986 2321 omnes
2025 2271 2335 2317 mansuetos
2372 2270 2545 2316 terra.
2580 2268 2709 2316 Non
2741 2277 2841 2317 eos
2875 2265 2975 2321 qui
3015 2261 3401 2314 ascenderunt

1803 2354 2007 2405 equos,
2047 2339 2149 2391 sed
2185 2350 2389 2389 omnes
2413 2336 2511 2399 qui
2545 2336 2607 2387 in
2638 2336 2747 2387 hac
2782 2339 2922 2387 terra
2959 2333 3402 2405 propterDeum

1803 2401 2035 2465 fuerunt
2075 2409 2387 2469 mansueti,
2413 2407 2725 2471 simplices.
2760 2407 3063 2472 patientes,
3092 2405 3153 2455 in
3185 2401 3401 2467 judicio

1806 2498 1913 2535 suo
1938 2483 2131 2535 salvos
2148 2481 2317 2532 faciet
2333 2482 2500 2531 Deus.
2516 2481 2637 2530 Hoc
2651 2480 2775 2543 ipsa
2789 2479 3014 2530 Veritas
3026 2477 3083 2527 in
3097 2472 3403 2537 Evangelio

1805 2559 2068 2615 testatur,
2095 2553 2322 2603 dicens:
2349 2552 2505 2601 Beati
2535 2552 2722 2609 mites,
2738 2550 3014 2613 quoniam
3035 2548 3144 2612 ipsi
3168 2543 3405 2597 haeredi-

1806 2631 1922 2679 tate
1940 2623 2328 2690 possidebunt
2351 2626 2561 2672 terram
2583 2622 2789 2685 (Matth.
2817 2619 2907 2682 5.).
2934 2620 3103 2671 Mites
3129 2621 3285 2690 sunt,
3303 2615 3400 2690 qui

1803 2686 2018 2749 cedu—nt
2039 2693 2522 2759 improbitatibus,
2540 2695 2598 2743 et
2617 2704 2734 2742 non
2748 2691 3027 2743 resistunt
3043 2690 3102 2740 in
3117 2689 3288 2749 malo,
3301 2686 3400 2737 sed

1802 2766 2114 2821 viucuntin
2138 2766 2290 2816 bono
2303 2763 2538 2814 malum.
2554 2763 2669 2825 Ipsi
2682 2762 3109 2814 haareditabunt
3130 2759 3286 2811 illam
3300 2762 3405 2809 ter-

1803 2852 1944 2899 ram,
1970 2838 2042 2888 de
2067 2850 2188 2900 qua
2207 2835 2343 2887 alibi
2356 2834 2588 2885 dicitur:
2617 2833 2803 2885 Portio
2826 2846 2954 2884 mea
2977 2834 3130 2883 Deus
3164 2831 3221 2881 in
3252 2832 3403 2880 terra

1800 2909 2111 2963 viventium
2125 2906 2290 2971 (Psal.
2309 2905 2471 2967 141.).
2488 2908 2621 2970 Ipsa
2638 2908 2728 2956 est
2750 2905 2950 2967 utique
2964 2903 3194 2966 requies
3211 2906 3269 2953 et
3282 2901 3401 2952 vita

1804 2983 2153 3035 sanctorum.
2167 2977 2437 3042 quoniam
2456 2976 2741 3028 mansueti
2759 2973 3289 3039 fuerunt,quoniam
3307 2972 3399 3022 bo-

1800 3066 1934 3105 nam
1947 3056 2005 3103 et
2016 3049 2292 3102 humilem
2306 3047 2726 3099 confessionem
2737 3047 3084 3099 habuerunt:
3103 3044 3400 3109 propterea

1798 3125 1859 3176 in
1883 3121 2130 3175 Domino
2152 3120 2505 3185 gaudebunt.
2531 3120 2654 3170 Hoc
2677 3123 2769 3170 est
2788 3117 2943 3182 quod
2961 3115 3265 3180 subjungit
3290 3133 3301 3162 :

1862 3194 1946 3249 11.
1987 3193 2260 3253 Quoniam
2287 3191 2540 3255 cogitatio
2565 3190 2806 3239 hominis
2835 3187 3172 3253 conﬁtebitur
3195 3185 3293 3235 tibi
3317 3199 3330 3236 :
3358 3189 3405 3233 et

94 3247 788 3331 praesentibusﬁsomnus
813 3247 1017 3331 eorum
1037 3262 1129 3331 est
1163 3258 1280 3308 vita
1303 3247 1697 3331 praesensiipi
1728 3247 1776 3322 C
1798 3247 2039 3331 νειῖᾁαίὲε
2070 3247 2410 3328 cogitationis
2433 3262 2576 3312 diem
2598 3262 2793 3324 festum
2817 3247 2975 3324 agent
2998 3259 3110 3310 tibi.
3150 3259 3403 3309 Primum

96 3330 481 3392 dormierunt,
516 3330 595 3379 ibi
629 3329 967 3381 delectando
993 3328 1348 3392 quieverunt.
1380 3329 1449 3378 Et
1481 3327 1563 3378 sic
1587 3325 1698 3376 illis

100 3402 254 3451 facta
268 3405 407 3451 sunt
422 3401 532 3451 ista
553 3401 863 3464 prwsentia
880 3400 1166 3451 deliciosa.
1180 3399 1476 3461 Quomodo
1500 3399 1597 3462 qui
1614 3397 1703 3447 vi-

99 3472 202 3522 det
217 3485 318 3535 per
333 3472 624 3522 somnium
636 3472 931 3523 invenisse
948 3485 1011 3523 se
1030 3471 1393 3522 thesaurum:
1411 3470 1699 3521 somnium

103 3542 240 3594 fecit
256 3542 417 3592 illum
434 3542 691 3606 divitem,
711 3543 991 3606 evigilatio
1012 3542 1145 3593 fecit
1157 3552 1483 3605 pauperem.
1498 3543 1703 3591 Trans-

102 3615 169 3664 iit
194 3625 436 3664 somnus
452 3614 580 3675 iste,
595 3613 821 3664 transiit
838 3615 953 3665 vita
977 3613 1106 3676 ista,
1128 3612 1355 3661 Etnihit
1378 3613 1701 3660 invenerunt

100 3699 287 3733 omnes
310 3684 417 3733 viri
434 3685 755 3733 divitiarum
779 3685 839 3733 in
858 3684 1111 3734 manibus
1126 3686 1258 3734 suis.
1278 3684 1422 3746 Quia
1443 3683 1583 3733 nihil
1610 3696 1704 3746 p0-

104 3760 345 3806 suerunt
369 3755 427 3805 in
438 3756 708 3806 manibus
722 3756 945 3806 Christi.
966 3755 1132 3807 Tales
1154 3760 1293 3807 sunt
1314 3753 1705 3806 terrenaedivi-

105 3827 218 3877 tias.
248 3824 399 3876 Talis
424 3831 514 3877 est
550 3839 789 3876 somnus
814 3828 1114 3890 praesentis
1138 3828 1296 3879 vitae.
1322 3830 1387 3877 In
1428 3825 1703 3890 praesenti

106 3902 313 3949 ﬂorent
337 3903 393 3949 et
417 3898 791 3961 delectantur,
836 3899 894 3949 in
920 3900 1191 3962 praesenti
1215 3899 1429 3963 aliquid
1461 3899 1704 3964 promit-

111 3976 242 4021 tunt
265 3985 277 4019 :
311 3969 414 4020 sed
439 3971 495 4020 in
520 3970 635 4021 flne
658 3970 730 4021 ad
754 3970 996 4021 nihilum
1024 3972 1289 4022 tendunt.
1314 3971 1534 4023 Deinde
1554 3984 1709 4022 com-

111 4040 626 4092 mendatduritiam
650 4040 837 4091 cordis
854 4054 1071 4103 eorum,
1097 4043 1707 4105 quiacumterrenaditi-

109 4120 316 4174 guntur,
344 4124 440 4162 cor
462 4123 496 4162 a
533 4112 798 4175 supernis
818 4112 1136 4163 induratur.
1156 4112 1320 4164 Unde
1331 4117 1386 4163 et
1409 4112 1701 4164 subditur:

172 4182 224 4235 7.
270 4182 348 4231 Ab
374 4183 738 4246 increpatione
768 4188 881 4241 tua,
906 4184 1047 4238 Deus
1069 4184 1250 4242 Jacob,
1277 4184 1706 4232 dormilavcrunt

108 4268 289 4303 omnes
318 4254 414 4317 qui
436 4253 790 4302 ascenderunt
807 4269 864 4317 eq
874 4268 982 4302 uos.
1003 4255 1296 4304 Intantum
1310 4254 1477 4317 sopiti
1497 4253 1705 4304 suntin

114 4324 372 4385 terrenis,
398 4326 465 4375 ut
494 4325 670 4375 miras
705 4324 1122 4389 omnipotentis
1160 4326 1261 4375 Dei
1287 4325 1706 4388 increpationes

111 4409 233 4448 non
257 4395 537 4447 audirent.
572 4398 698 4447 Non
735 4396 1125 4460 vigilaverunt
1163 4396 1226 4447 in
1259 4396 1449 4458 corde,
1478 4397 1611 4459 quia
1634 4396 1706 4447 de

114 4467 501 4529 increpatione
535 4467 746 4518 durum
785 4480 883 4518 cor
916 4467 1259 4519 habuerunt.
1286 4468 1508 4519 Duritia
1552 4468 1704 4520 enim

116 4537 306 4589 cordis
330 4538 669 4589 obdormitio
703 4542 808 4589 est.
844 4541 989 4589 Ecce
1030 4539 1153 4603 ipse
1190 4541 1347 4591 Deus
1368 4540 1562 4605 Jacob,
1586 4551 1706 4591 non

111 4621 311 4660 recens
336 4609 507 4672 Deus,
545 4609 648 4660 sed
682 4609 780 4672 qui
804 4611 965 4660 tanta
988 4609 1271 4661 mirabilia
1297 4609 1426 4661 fecit
1448 4610 1507 4661 in
1530 4611 1703 4663 domo

1805 3339 2013 3402 quippe
2046 3334 2279 3399 quando
2301 3334 2475 3386 homo
2491 3333 2845 3385 convertitur
2858 3332 2928 3383 ad
2946 3334 3150 3389 Deum,
3175 3332 3232 3381 et
3247 3341 3406 3380 reco-

1804 3411 1950 3475 gitat
1977 3408 2172 3459 omnia
2194 3406 2343 3457 mala
2365 3418 2498 3470 quae
2534 3405 2684 3463 fecit,
2714 3416 2849 3466 qum
2867 3403 3241 3475 locutusest,
3269 3411 3403 3463 qua:

1803 3472 2088 3545 cogitavit,
2114 3482 2289 3541 atque
2312 3489 2379 3528 ea
2401 3489 2501 3541 per
2519 3488 2624 3528 con
2633 3476 2940 3527 fessionem
2963 3472 3258 3524 humiliter
3278 3483 3406 3536 ape,-

1802 3554 1875 3604 rit
1899 3568 1912 3603 :
1945 3552 2117 3602 habet
2141 3548 2557 3610 confusionem,
2596 3547 2772 3598 habet
2801 3546 3113 3607 tristitiam,
3137 3547 3194 3595 et
3239 3555 3400 3594 cum-

1805 3623 2196 3688 punctionem.
2227 3619 2337 3671 Sed
2361 3619 2568 3671 deinde
2602 3623 2734 3684 post
2762 3622 2950 3669 actam
2984 3614 3401 3688 paenitentiam,

1804 3685 1936 3759 post
1971 3695 2395 3754 consequutam
2416 3702 2450 3741 a
2486 3691 2599 3741 Deo
2624 3688 3027 3740 remissionem
3053 3691 3111 3738 et
3136 3685 3400 3759 gratiam,

1806 3754 1940 3817 cum
1955 3764 2157 3828 incipit
2174 3762 2491 3824 recogitare
2517 3773 2649 3825 quae
2684 3759 2977 3825 cogitavit,
3002 3763 3061 3810 et
3075 3768 3318 3828 pensare
3333 3754 3405 3805 de

1807 3835 2042 3900 quantis
2069 3826 2338 3885 sordibus
2364 3836 2421 3884 et
2442 3832 2598 3885 vitiis
2622 3836 2679 3883 et
2704 3830 2954 3895 peccatis
2976 3829 3109 3894 pius
3121 3826 3403 3900 Dominus

1805 3897 1941 3960 eum
1972 3905 2313 3961 liberaverit.
2339 3909 2555 3967 quanta
2579 3904 2815 3968 insuper
2844 3903 2896 3955 ei
2919 3903 3072 3953 bona
3091 3897 3405 3965 spiritualia

1808 3977 2139 4030 contulerit:
2161 3976 2361 4040 incipit
2381 3976 2531 4027 intra
2544 3988 2606 4026 se
2626 3974 2896 4038 gaudere,
2923 3973 3137 4024 divinae
3162 3968 3403 4022 bonitati

1806 4049 2023 4113 gratias
2058 4059 2228 4110 agere
2255 4061 2267 4096 :
2297 4046 2495 4108 sicque
2519 4046 2778 4108 gaudens
2802 4045 2862 4095 in
2888 4045 3143 4108 seipsum
3158 4040 3403 4093 Domino

1808 4112 1959 4170 diem
1994 4116 2208 4167 festum
2231 4115 2351 4179 agit
2373 4117 2505 4166 Deo.
2533 4114 2719 4166 Prima
2741 4127 2876 4178 ergo
2906 4114 3013 4176 (Ex
3034 4112 3282 4175 August.)
3317 4123 3404 4161 co-

1807 4188 2006 4253 gitatio
2035 4185 2460 4238 confessionem
2488 4184 2661 4235 habet
2683 4190 2741 4236 et
2764 4184 3147 4235 recessionem
3170 4194 3205 4253 a
3225 4181 3403 4253 veteri

1809 4251 2228 4321 vitaReliquiaa
2239 4255 2650 4319 cogitationum
2668 4254 2959 4305 celebrant
2972 4254 3089 4305 Deo
3104 4251 3402 4314 solemnia,

1810 4332 1858 4381 si
1891 4329 2166 4380 liberatus
2189 4339 2224 4377 a
2262 4330 2496 4391 peccato
2530 4326 2854 4376 meminerit
2889 4324 3045 4386 quod
3084 4322 3273 4385 fuerit,
3296 4334 3405 4372 nec

1809 4400 2038 4453 excidat
2058 4411 2094 4449 a
2126 4397 2401 4449 memoria
2424 4396 2524 4459 qui
2569 4396 2788 4447 sanavit
2843 4394 3061 4446 Deinde
3098 4397 3403 4457 postquam

1809 4471 2061 4523 ostendit
2073 4469 2315 4533 qualiter
2334 4472 2564 4532 propter
2577 4467 2911 4529 superbiam
2928 4470 2985 4516 et
3002 4463 3201 4516 mundi
3225 4462 3406 4515 delec-

1807 4543 2080 4594 tationem
2098 4540 2445 4591 damnentur
2467 4537 2707 4601 reprobi.
2722 4541 2780 4588 et
2803 4535 3089 4599 quomodo
3104 4547 3205 4599 per
3217 4533 3404 4585 humi-

1810 4614 2035 4665 litatem
2057 4616 2114 4664 et
2143 4612 2353 4661 bonam
2377 4608 2801 4660 confessionem
2826 4607 3124 4659 salvantur
3134 4606 3402 4666 mansueti,

109 4679 317 4731 Jacob:
343 4679 464 4743 ipse
490 4658 645 4731 nunc
667 4658 925 4743 increpat
955 4685 1303 4744 peccatores,
1328 4658 1703 4734 invtonatjims
1728 4658 1786 4731 Ι)
2097 4658 2595 4734 util—istawdmonitio
2614 4658 2903 4741 omnibus,
2921 4658 3053 4730 cum
3076 4678 3285 4730 dicitur
3310 4692 3322 4726 :

113 4763 269 4814 suas,
286 4755 450 4802 sonat
474 4750 805 4815 evangelica
824 4752 982 4814 tuba,
1001 4752 1258 4803 minatur
1273 4752 1577 4817 judicium,
1596 4754 1705 4804 mi-

112 4827 283 4873 natur
312 4821 613 4873 zeternales
637 4834 858 4885 pmnas.
880 4825 1032 4873 Inter
1057 4827 1217 4874 tanta
1240 4826 1493 4875 tonitrua
1515 4823 1705 4876 adhuc

112 4893 397 4945 dormiunt
410 4894 856 4957 superbi,adhuc
867 4894 1047 4944 vitam
1063 4898 1316 4946 veterem
1328 4894 1707 4947 noluntdam-

112 4977 266 5024 nare,
292 4976 479 5028 neque
500 4965 558 5015 in
580 4976 795 5016 novam
808 4964 1059 5029 vigilare.
1079 4968 1263 5027 Quare
1286 4965 1413 5029 hoc,
1439 4967 1551 5017 nisi
1569 4967 1707 5031 quia

111 5035 491 5088 ascenderunt
513 5035 777 5099 equos,id
793 5037 1243 5095 est,extulerunt
1257 5050 1319 5088 se
1339 5038 1398 5088 in
1412 5038 1702 5102 superbia,

114 5110 174 5159 in
186 5106 516 5171 honoribus,
535 5107 596 5157 in
611 5108 1014 5171 potestatibus,
1029 5108 1090 5159 in
1100 5108 1316 5159 incerto
1341 5108 1672 5161 divitiarum
1683 5113 1707 5160 9

113 5178 279 5230 Tales
300 5182 431 5228 sunt
458 5179 591 5242 equi
616 5190 836 5241 eorum,
853 5179 1066 5242 quibus
1092 5181 1389 5241 tamquam
1412 5180 1707 5233 indomitis

112 5251 174 5300 in
197 5252 475 5300 azternum
498 5250 763 5300 feruntur
787 5250 1146 5314 supplicium.
1176 5253 1247 5301 Et
1279 5251 1427 5302 bene
1453 5252 1549 5312 ait,
1576 5254 1709 5302 Dor-

116 5321 463 5369 mitavmmt:
491 5321 625 5384 quia
643 5320 735 5372 hic
756 5320 1040 5387 incipiunt
1056 5321 1320 5374 dormire.
1344 5324 1490 5374 Nam
1510 5337 1708 5389 perpe-

116 5399 255 5444 tuus
270 5404 468 5442 eorum
492 5405 733 5443 somnus
745 5392 851 5444 erit
865 5394 924 5444 in
941 5398 1159 5445 mterna
1184 5397 1385 5445 morte.
1410 5394 1536 5447 Sive
1547 5396 1611 5443 ab
1626 5397 1709 5444 in-

114 5463 415 5525 Crepationc
441 5466 558 5523 tua,
582 5476 697 5527 qua
719 5464 980 5516 dicturus
1005 5476 1068 5515 es
1092 5481 1102 5511 :
1128 5466 1210 5515 Ite
1228 5464 1290 5515 in
1323 5464 1518 5528 ignem
1542 5472 1709 5519 aeter-

118 5545 262 5586 num
293 5533 500 5595 (Matth.
527 5532 633 5596 95.)
664 5553 676 5583 :
722 5534 998 5598 incipient
1022 5534 1289 5597 dormire,
1320 5535 1381 5586 id
1402 5539 1507 5601 est,
1544 5537 1625 5589 ire
1648 5538 1709 5589 in

120 5610 687 5676 aeternumsomnum
701 5606 1006 5669 mortis,illi
1024 5606 1122 5670 qui
1133 5606 1520 5659 ascenderunt
1535 5625 1707 5676 equos,

118 5676 285 5735 idest,
319 5675 415 5738 qui
436 5675 668 5727 fuerunt
696 5678 945 5741 superbi.
973 5678 1079 5739 Qui
1103 5678 1195 5729 hic
1219 5678 1393 5729 modo
1417 5679 1711 5734 dormiunt

120 5747 179 5797 in
205 5744 425 5809 divitiis,
455 5746 534 5797 ibi
558 5748 925 5811 postmodum
948 5748 1293 5812 sepelientur
1312 5749 1375 5800 in
1390 5753 1708 5804 tormentis.

182 5816 234 5870 8.
267 5816 356 5875 Tu,
377 5817 532 5868 Deus
562 5817 661 5881 qui
683 5818 793 5871 hoc
817 5819 1273 5883 facies,terribitis
1293 5836 1362 5881 es,
1388 5821 1445 5873 id
1468 5825 1575 5886 est,
1598 5827 1711 5875 ter-

118 5886 299 5940 ribilis
320 5888 652 5952 apparebis:
684 5893 731 5939 et
762 5891 885 5955 quis
926 5891 1125 5940 resistet
1156 5890 1250 5940 tibi
1274 5895 1298 5943 ?
1325 5892 1385 5943 in
1418 5896 1579 5946 tanto
1616 5898 1714 5947 tuo

1866 4755 1957 4810 12.
2006 4754 2206 4813 Vovete,
2241 4758 2286 4801 et
2321 4752 2526 4801 reddite
2555 4751 2790 4801 Domino
2828 4752 2935 4800 Deo
2970 4754 3137 4800 vestro
3165 4767 3176 4798 :
3218 4762 3401 4798 omnes

1804 4827 1901 4893 qui
1918 4827 1978 4874 in
1988 4824 2219 4875 circuitu
2234 4822 2347 4888 ejus
2357 4821 2562 4888 a/fertis
2574 4823 2865 4874 munera.J
2871 4825 3070 4874 ustum
3082 4821 3176 4873 est
3196 4821 3401 4882 quidem

1804 4903 1861 4950 et
1904 4896 2042 4947 utile
2096 4895 2284 4951 nobis.
2330 4906 2404 4946 ne
2461 4893 2723 4945 similiter
2771 4905 3076 4958 pereamus
3123 4904 3256 4943 cum
3312 4904 3403 4944 re-

1807 4969 2020 5035 probis,
2067 4967 2170 5019 sed
2203 4966 2395 5031 potius
2440 4966 2757 5030 salvemur,
2797 4979 2935 5017 cum
2962 4965 3156 5035 justis,
3184 4968 3253 5035 u_t
3289 4968 3403 5016 ter~

1805 5032 2027 5093 ribilem
2041 5041 2226 5091 Deum
2243 5038 2455 5102 quibus
2471 5050 2788 5103 possumus
2807 5038 2979 5101 votis,
2996 5042 3053 5089 et
3079 5032 3255 5103 387
3282 5048 3407 5087 mu-

1804 5112 2046 5164 neribus
2067 5110 2290 5175 placare
2315 5110 2676 5161 studeamus.
2724 5110 2947 5161 Vovere
2981 5114 3178 5161 autem
3217 5106 3405 5158 nostri

1806 5182 2023 5234 arbitrii
2068 5186 2159 5233 est
2195 5196 2207 5231 :
2249 5180 2352 5233 sed
2407 5179 2728 5245 persolvere
2767 5192 2887 5232 non
2932 5184 3022 5232 est
3073 5182 3403 5230 nostrarum

1805 5253 2142 5313 virium,sed
2158 5253 2361 5317 gratia)
2373 5251 2490 5304 Dei.
2511 5253 2629 5303 Nec
2646 5255 2840 5303 tamen
2856 5252 3086 5315 propter
3098 5249 3208 5301 hoc
3228 5247 3405 5300 debe-

1806 5338 1936 5377 mus
1954 5324 2231 5382 diffldere,
2249 5325 2385 5389 quia
2395 5324 2445 5375 si
2458 5323 2821 5388 incipiamus,
2840 5321 2996 5386 quod
3011 5323 3275 5372 nostrum
3291 5324 3402 5382 est,

1807 5397 1966 5449 dabit
1985 5396 2135 5449 vires
2157 5395 2270 5459 ille,
2296 5395 2394 5459 qui
2406 5394 2601 5459 jussit,
2628 5398 2695 5445 ut
2712 5404 3071 5451 voveremus,
3095 5395 3153 5443 et
3176 5391 3402 5455 supple-

1808 5470 1912 5526 bit,
1940 5467 2095 5532 quod
2123 5480 2293 5518 suum
2317 5470 2425 5518 est.
2453 5466 2563 5518 Sed
2585 5477 2719 5517 cum
2742 5462 3305 5528 incircumscriptum
3327 5461 3410 5513 lu-

1809 5553 1941 5591 men
1972 5540 2048 5589 sit
2071 5540 2244 5599 Deus,
2263 5542 2322 5589 et
2341 5538 2643 5600 majestate
2662 5547 2767 5586 sua
2782 5535 2973 5586 omnia
2995 5534 3246 5597 impleat,
3270 5546 3408 5586 cun-

1809 5609 2219 5664 ctacontineat.
2252 5608 2544 5673 quomodo
2565 5620 2768 5659 omnes
2784 5618 2916 5657 esse
2939 5609 3192 5670 possunt
3212 5605 3277 5656 in
3294 5605 3406 5657 cir-

1809 5682 1966 5734 cuitu
1990 5681 2120 5745 ejus
2142 5683 2164 5727 ?
2181 5679 2291 5731 Sed
2315 5681 2470 5731 Deus
2494 5684 2581 5729 est
2604 5678 2818 5729 veritas
2842 5677 3019 5739 (Joan.
3047 5676 3177 5741 14-),
3202 5681 3260 5729 et
3282 5677 3410 5741 ipsa

1809 5753 2081 5804 omnibus
2094 5750 2421 5802 communis
2439 5755 2549 5812 est,
2561 5762 2669 5801 nec
2682 5760 2827 5812 mea,
2841 5760 2949 5801 nec
2960 5753 3079 5810 tua,
3091 5760 3200 5800 nec
3214 5749 3406 5809 istius,

1809 5828 1911 5874 aut
1934 5822 2105 5873 illius.
2133 5823 2257 5873 Non
2278 5826 2368 5873 est
2394 5820 2598 5885 (inquit
2627 5818 2856 5883 Paulus)
2878 5820 3173 5872 distinctio
3194 5819 3404 5880 Judaei,

1811 5893 2013 5953 Graeci,
2036 5896 2138 5944 aut
2161 5892 2408 5944 Barbari:
2441 5891 2543 5943 sed
2571 5890 2911 5955 quicunque
2928 5891 3279 5945 invocaverit
3318 5901 3412 5941 no-
