3880 6222
468 340 574 397 959

1517 337 1787 390 RUFINO
1833 334 2298 389 PRESBYTERO
2329 334 2720 389 ASCRIP'I‘US
3676 326 3759 382 960

469 467 604 507 nem
634 454 877 529 Domini
899 454 1115 529 salvus
1144 454 1251 506 erit
1279 455 1450 517 (Rom.
1478 453 1575 529 ii;
1621 452 1753 502 Joel.
1774 450 1880 529 2.).
1911 450 2058 529 Quia
2081 455 2137 529 Α
2162 449 2387 529 discant
2406 448 2729 529 formidare,
2753 450 2824 529 Et
2850 447 3178 529 notandum
3202 444 3364 510 quod
3400 455 3533 529 non
3553 442 3650 504 ait,

464 538 598 590 ergo
627 526 731 588 (Ea:
750 526 915 589 Aug.)
939 525 1209 577 omnibus
1225 526 1550 577 communis
1572 529 1661 575 est
1675 524 1844 575 verita
1855 537 1901 587 s,
1926 523 2054 575 ideo

464 596 673 653 media,
698 596 844 648 utin
881 596 1123 647 circuitu
1149 599 1276 661 ejus
1309 598 1424 648 sint
1445 609 1663 652 omnes,
1686 595 1783 658 qui
1814 594 2060 657 diligunt

464 668 784 719 veritatem.
822 667 931 727 Qui
956 667 1037 717 sic
1070 669 1189 719 Deo
1218 668 1568 731 intelligunt,
1595 668 1854 731 ejusque,
1878 671 1945 717 ut
1976 667 2059 718 di-

463 750 646 802 gnum
660 744 766 797 est,
785 738 1050 790 servituti
1061 739 1282 803 seipsos
1295 740 1419 803 subj
1428 739 1688 799 iciunt,in
1698 738 1941 789 circuitu
1952 741 2061 797 ejus

465 822 708 861 munera
740 810 1007 861 offerunt.
1048 812 1117 861 Et
1139 811 1459 873 sciendum,
1493 810 1648 873 quod
1681 814 1884 860 votum
1905 809 2059 861 aliud

464 883 553 933 est
580 893 907 942 commune,
944 880 1100 932 aliud
1140 882 1449 944 singulare.
1485 881 1725 933 Credere
1759 881 1822 931 in
1853 881 2057 945 Deum,

465 964 698 1016 sperare
720 953 778 1003 in
803 952 900 1004 illo
920 954 1098 1005 vitam
1117 960 1415 1019 aeternam,
1438 954 1629 1018 ipsum
1646 952 1880 1015 diligere
1896 957 1953 1003 et
1970 965 2060 1003 se-

466 1023 722 1074 cundum
751 1026 935 1075 Deum
960 1025 1169 1085 vivere,
1195 1026 1462 1076 omnibus
1478 1024 1802 1075 communis
1823 1027 1914 1074 est
1935 1036 2061 1075 mo-

467 1095 596 1145 dus.
647 1097 772 1146 Non
798 1095 1108 1160 superbire,
1141 1109 1256 1147 non
1293 1096 1554 1147 occidere
1590 1095 1901 1154 hominem,
1940 1106 2060 1145 non

468 1165 625 1217 odire
650 1166 902 1228 fratrem,
927 1179 1046 1218 non
1069 1167 1281 1219 violare
1305 1169 1365 1218 in
1390 1180 1453 1219 se
1474 1166 1752 1231 templum
1775 1166 1899 1228 Dei,
1922 1177 2061 1230 pra)-

466 1236 676 1301 cipitur
698 1238 987 1289 omnibus.
1009 1240 1130 1289 Hoc
1151 1243 1334 1290 totum
1346 1250 1546 1290 omnes
1561 1238 1942 1289 communiter
1957 1251 2061 1290 vo-

465 1320 603 1361 vere
632 1313 687 1359 et
710 1309 945 1360 reddere
975 1310 1270 1361 debemus.
1299 1312 1447 1362 Sunt
1468 1310 1639 1362 etiam
1671 1314 1805 1361 vota
1835 1308 2061 1373 propria

467 1378 849 1443 singulorum,
880 1394 1011 1432 cum
1045 1382 1192 1433 alius
1225 1386 1402 1433 vovet
1423 1384 1543 1433 Deo
1569 1380 1876 1444 jejunium,
1911 1380 2060 1431 alius

464 1451 807 1514 castitatem,
834 1452 981 1504 alius
1000 1454 1407 1518 virginitatem,
1423 1452 1569 1504 alius
1592 1452 1913 1514 relinquere
1935 1464 2062 1503 om-

465 1522 581 1584 nia,
599 1524 749 1575 etire
761 1524 820 1575 in
831 1537 1199 1576 communem
1217 1525 1413 1576 vitam.
1432 1526 1841 1587 Voveantergo
1858 1534 2059 1574 omnes

462 1598 664 1646 votum
676 1595 940 1660 Domino,
952 1601 1052 1647 aut
1066 1596 1195 1658 hoc,
1212 1601 1313 1647 aut
1328 1595 1490 1650 illud.
1504 1596 1653 1645 sicut
1668 1594 1864 1646 divina
1874 1594 2061 1657 gratia

2160 522 2345 574 aufert
2368 522 2630 586 spiritum
2654 522 2974 585 hominum,
2997 520 3103 573 sed
3128 520 3400 583 ipsorum
3427 516 3611 567 etiam
3631 517 3755 579 prin-

2161 595 2390 658 cipum:
2425 598 2490 645 ut
2531 592 2885 656 intelligatur
2916 594 3075 643 Deus
3113 591 3398 655 princeps
3447 599 3585 639 esse
3615 599 3756 649 super

2159 666 2458 732 principes,
2481 670 2740 729 potestas
2773 678 2945 729 super
2967 666 3321 729 potostates:
3372 665 3751 732 tanquamrex

2161 729 2361 800 regum
2384 739 2440 788 et
2462 737 2744 789 Dominus
2767 735 3195 787 dominantium
3233 734 3417 796 (Apoc
3444 768 3459 781 .
3497 730 3549 783 1.
3580 735 3634 780 et
3655 729 3750 789 19.3.

2162 811 2333 861 Recte
2354 822 2489 871 ergo
2507 808 2773 860 subditur
2796 827 2810 859 :
2835 806 3082 857 Terribili
3107 808 3266 869 apud
3288 817 3456 868 reges
3476 807 3645 849 terrae.
3665 801 3752 850 Nec

2162 881 2317 941 dicit,
2343 881 2478 944 quia
2498 879 2681 932 aufert
2702 880 2899 940 vitam,
2935 878 3093 941 quod
3119 876 3327 939 utique
3354 879 3421 926 et
3447 873 3531 923 illi
3552 872 3750 944 faciunt,

2163 953 2262 1016 qui
2289 943 2558 1003 occidunt
2586 964 2812 1015 corpus,
2833 950 2933 1001 sed
2953 953 3011 1001 et
3034 949 3233 1012 ipsum
3259 946 3551 1011 spiritum
3571 943 3750 993 auferre

2162 1023 2399 1074 dicitur:
2417 1026 2653 1075 uttanto
2671 1022 2857 1087 magis
2878 1021 2970 1072 ille
2987 1020 3285 1081 timeatur,
3311 1017 3428 1081 qui
3440 1017 3750 1087 potestatem

2162 1094 2353 1158 habet,
2384 1099 2440 1145 et
2474 1107 2682 1157 corpus
2712 1098 2771 1144 et
2805 1092 3060 1143 animam
3093 1089 3341 1163 perdere
3368 1089 3435 1138 in
3457 1086 3746 1163 gehennam

2162 1167 2377 1229 (Matth.
2402 1164 2525 1229 10.).
2553 1164 2659 1216 Vel
2680 1168 2815 1229 quia
2839 1162 3448 1235 spiritusprin‘cipurn
3481 1160 3606 1235 est
3622 1160 3750 1235 spiri-

2163 1242 2259 1291 tus
2291 1237 2591 1301 superbim,
2634 1240 2825 1301 potest
2866 1236 2947 1285 ita
2982 1233 3115 1297 legi.
3144 1232 3255 1293 Qui
3291 1230 3499 1281 aufert
3522 1230 3745 1301 spiritum

2161 1299 2499 1375 principum,
2514 1309 2568 1359 id
2583 1299 2690 1368 est,
2703 1306 3004 1359 audaciam
3018 1306 3419 1375 superborum
3430 1339 3442 1351 .
3462 1303 3561 1352 Est
3573 1299 3748 1375 et_alius

2161 1371 2483 1432 intellectus
2506 1392 2679 1443 quare
2704 1378 2763 1429 id
2784 1378 2895 1429 hoc
2908 1377 3035 1429 loco
3054 1375 3340 1449 terribilis
3358 1374 3595 1449 dicatur
3614 1371 3748 1449 Deus.

2163 1452 2355 1505 Sancti
2372 1451 2583 1503 etenim
2594 1455 2652 1503 et
2667 1449 2902 1514 perfecti
2922 1449 3050 1511 viri,
3074 1452 3142 1499 ut
3157 1444 3500 1497 mirabilem
3524 1445 3687 1514 Deum
3707 1444 3745 1491 in

2156 1523 2374 1588 judicio
2398 1535 2505 1574 suo
2524 1513 2814 1587 placatum
2836 1520 3152 1579 inveniant,
3178 1529 3428 1581 semper
3442 1516 3538 1566 hic
3552 1513 3687 1578 apud
3702 1526 3744 1562 se

2162 1594 2469 1648 terribilem
2482 1595 2747 1659 pensant,
2761 1604 3015 1654 suasque
3027 1590 3229 1654 culpas
3240 1588 3746 1659 districtejudicanl:

460 1665 773 1729 unicuique
807 1656 1109 1719 donaverit
1139 1656 1196 1718 et
1232 1668 1313 1718 sic
1346 1667 1404 1717 in
1432 1667 1676 1718 circuitu
1701 1667 1830 1730 ejus
1853 1656 2057 1718 omnes
2162 1672 2452 1729 quatenus
2475 1656 2532 1717 in
2559 1664 2652 1716 illo
2674 1664 2932 1715 districto
2951 1656 3741 1726 judicioinjudicabilesﬂant.

460 1737 704 1788 oti’erant
728 1752 983 1790 munera.
1010 1739 1159 1791 Cui?
2155 1739 2391 1789 Dicatur
2412 1749 2547 1800 ergo
2570 1740 2741 1799 recte,
2766 1734 3014 1785 Terribili
3036 1733 3191 1797 apud
3212 1746 3373 1795 reges
3410 1735 3560 1778 terra:
3584 1731 3696 1778 sunt
3714 1736 3740 1787 ',

545 1806 720 1903 38n8
732 1881 745 1903 ³
757 1809 844 1867 13.
875 1810 1118 1903 terribili
1132 1816 1177 1860 et
1200 1811 1245 1859 ei
1269 1810 1365 1873 qui
1381 1809 1835 1903 augert‘spiritum
1850 1808 2058 1903 princ‘i-
2080 1829 2134 1903 B
2157 1810 2255 1903 qui
2269 1821 2501 1903 carnem
2519 1820 2684 1903 suam
2697 1805 3070 1903 spirit‘ualiter
3080 1808 3319 1868 regunt.
3338 1804 3467 1853 Rex
3486 1801 3741 1903 terruit:

463 1894 614 1942 pum.
642 1881 1053 1946 Quiapsalmus
1078 1881 1487 1946 Synagongd
1500 1885 1606 1945 est,
1623 1880 1834 1932 carnali
1852 1879 2059 1945 populo
2080 1875 2134 1903 ”
2159 1881 2388 1939 Paulus,
2414 1892 2549 1930 cum
2584 1878 2831 1929 diceret:
2858 1878 3088 1939 Castigo
3122 1887 3356 1946 corpus
3374 1886 3591 1946 meum,
3627 1875 3674 1921 et
3698 1875 3737 1917 in

465 1948 721 2014 loquitur
746 1944 923 2005 :recte
936 1955 1049 2004 illis
1068 1944 1226 2006 Deus
1240 1944 1506 2005 terribilis
1525 1944 1982 2015 commendatur,
1998 1958 2063 2003 ut
2161 1952 2498 2003 servitutem
2528 1950 2725 2011 redigo
2749 1962 2762 1998 :
2789 1960 2861 1998 ne
2876 1948 3021 1998 forte
3033 1946 3164 1998 aliis
3186 1945 3534 2020 praedicans
3558 1944 3739 2020 ipsi???

467 2010 567 2083 qui
591 2022 780 2074 adhuc
808 2026 1122 2077 Dominum
1147 2030 1422 2090 tanquam
1446 2026 1623 2088 pium,
1650 2029 1922 2088 tanquam
1950 2010 2063 2075 cle-
2159 2024 2374 2087 probus
2400 2021 2630 2073 emciar.
2660 2010 2795 2072 Esto
2816 2031 2917 2070 rex
2941 2023 3133 2080 terrm,
3165 2010 3225 2069 et
3247 2016 3373 2067 erit
3396 2015 3500 2067 tibi
3526 2010 3735 2066 terribilis

468 2098 725 2145 mentem
748 2096 1017 2149 nesciunt
1042 2108 1254 2160 amare,
1292 2096 1593 2148 audientes
1618 2095 1946 2155 terribilem,
1972 2093 2062 2147 vel
2158 2096 2316 2146 Deus
2343 2093 2390 2144 ‘.

533 2239 551 2311 ξ
584 2230 818 2284 Phrasis
847 2233 1148 2297 mendosa,
1178 2245 1312 2297 qua
1342 2233 1425 2284 sic
1448 2232 1593 2284 forte
1617 2232 1813 2284 sarciri
1837 2232 2009 2284 debet
2033 2248 2045 2282 :
2086 2231 2392 2282 Dicatur....
2427 2245 2518 2295 ap.
2542 2243 2651 2293 reg.
2689 2233 2857 2278 terrae.
2889 2227 3051 2290 Reges
3076 2230 3229 2276 terra:
3248 2229 3417 2284 sunt,
3447 2226 3553 2275 etc.
3614 2222 3734 2272 Em.

530 2346 559 2378 ί·
592 2347 812 2398 Auctor
837 2360 981 2399 num
1007 2352 1063 2398 et
1084 2347 1337 2410 reliquos
1352 2346 1611 2398 Psalmos
1632 2346 2065 2412 perrexeritex-
2162 2344 2440 2409 Psalmos,
2466 2357 2497 2396 e
2524 2343 2779 2396 tenebris
2811 2344 3003 2414 eruta,
3015 2339 3201 2414 modo
3233 2339 3302 2414 in
3337 2339 3528 2414 lucem
3550 2334 3735 2414 proferi-

465 2415 718 2482 planare,
746 2430 852 2469 nos
875 2418 1030 2470 latet.
1057 2418 1165 2480 Qui
1185 2419 1312 2470 haec
1337 2419 1555 2483 primus
1570 2410 1840 2470 in—lucem
1865 2419 2062 2479 edidit,
2161 2430 2311 2469 mus.
2338 2415 2500 2479 Quod
2526 2415 2717 2479 siquis
2729 2413 2915 2476 operis
2928 2411 3503 2483 reliquuminvenire
3518 2410 3733 2483 potuerit:

468 2475 532 2537 D.
559 2487 835 2539 d’Albone
859 2475 1269 2553 Lugdunensis
1294 2475 1562 2541 Ecclesiae
1588 2489 1848 2553 princeps
1873 2475 2066 2541 Lecto-
2160 2489 2217 2540 id
2230 2475 2431 2540 avibus
2449 2475 2919 2547 bonisﬁfmIiCique
2935 2496 3224 2535 successu
3239 2483 3307 2534 in
3329 2482 3522 2534 lucem
3534 2479 3672 2553 edat
3690 2475 3734 2526 Id

464 2571 587 2611 rem
616 2559 709 2611 his
728 2560 922 2611 verbis
946 2561 1005 2611 in
1029 2560 1145 2612 ﬁne
1164 2560 1525 2624 adloquitur:
1553 2552 1691 2612 Haec
1710 2552 1848 2612 sunt
1870 2561 2061 2624 igitur,
2163 2560 2316 2611 enim
2337 2561 2393 2610 et
2411 2558 2579 2610 nobis
2603 2561 2852 2621 gratum,
2885 2559 2945 2606 et
2975 2553 3328 2619 reipublicm
3352 2553 3493 2604 utile
3522 2552 3733 2602 futurum

464 2630 708 2683 candide
745 2632 963 2695 Lector,
1008 2644 1142 2695 quas
1172 2631 1243 2684 de
1284 2632 1475 2683 Rufini
1520 2632 1959 2683 Commentariis
2004 2632 2063 2682 in
2161 2643 2291 2683 esse
2315 2630 2425 2682 sibi
2444 2627 2809 2695 persuadeat.
3367 2627 3666 2677 VALLABSI.

462 2763 3731 2825 ῌ

1164 2931 3071 3130 COMMENTARIUS

848 3259 1004 3368 IN
1129 3259 2044 3368 PROPHETAS
2164 3255 2871 3367 MINORES
2998 3254 3409 3362 TBES

1250 3494 1663 3614 OSEE,
1769 3492 2143 3594 JOEL
2241 3493 2429 3593 ET
2538 3493 2977 3613 AMOS,

541 3753 1181 4074 RUFINO
1321 3737 2421 3977 AQUILEIENSI
2543 3750 3670 3949 PRESBYTERO

1666 4103 1910 4169 OLIM
1983 4102 2519 4169 ASCRIPTUS
2535 4143 2558 4166 .

1645 4289 2579 4330 ψ

2582 4301 2770 4311 -ι--ιι-ι

546 4785 723 4857 389
740 4790 958 4840 Fidicen
969 4788 1056 4838 ille
1070 4788 1413 4847 sacerrimus,
1428 4793 1646 4852 tamque
1664 4786 1936 4850 regnandi
1950 4790 2065 4835 arte
2093 4778 2141 4854 C
2167 4784 2248 4834 illi
2274 4784 2506 4834 hostiam
2532 4783 2678 4848 grati
2709 4781 2939 4847 pectoris
2963 4781 3276 4846 offerentes,
3315 4784 3631 4857 conﬁdamus
3656 4787 3725 4824 ποί

464 4851 879 4923 nob'ili's,'quam
902 4860 1153 4919 canendi,
1178 4858 1357 4908 beatus
1377 4851 1611 4908 videlicet
1636 4858 1829 4921 David,
1853 4873 2068 4907 enume-
2109 4851 2128 4854 ⁷
2167 4858 2470 4922 adepturos,
2499 4870 2616 4919 quae
2635 4869 2944 4919 precamur,
2979 4869 3113 4904 cum
3135 4872 3202 4906 ea
3226 4872 3350 4921 quae
3374 4851 3724 4923 postulavisti“,

464 4931 659 4981 randis
682 4930 808 4993 legis
830 4930 1133 4988 miraculis,
1155 4930 1464 4994 frequenter
1493 4930 1780 4991 interserit,
1812 4929 2065 4982 Confite-

466 5001 605 5054 mini
636 5001 900 5060 Domino,
915 5001 1189 5064 quoniam
1205 5002 1413 5063 bonus,
1441 5002 1717 5065 quoniam
1734 5002 1789 5052 in
1804 5002 2065 5053 seculum

463 5071 854 5127 misericordia
870 5073 998 5136 ejus
1024 5072 1183 5136 (Psal.
1212 5071 1333 5126 105.
1361 5077 1406 5121 et
1427 5073 1608 5137 seqq.).
1637 5073 1759 5123 Sive
1781 5074 1929 5122 enim
1952 5074 2062 5138 spi-

461 5143 709 5203 ritualia,
734 5143 842 5191 sive
864 5142 1173 5207 corporalia
1193 5143 1343 5192 dona
1362 5144 1677 5203 consideres,
1691 5150 2067 5207 consequenter

468 5221 526 5266 ut
558 5228 790 5280 agamus
820 5213 1006 5263 saltem
1040 5214 1252 5263 auctori
1283 5219 1468 5263 nostro
1498 5218 1725 5279 gratias,
1753 5216 1841 5263 cui
1867 5217 2066 5278 referre

468 5288 787 5351 neutiquam
808 5300 1113 5350 possumus,
1138 5300 1559 5336 commonemur.
1578 5286 1698 5343 Qua
1715 5291 1891 5334 tamen
1910 5287 1998 5335 sed
2007 5303 2063 5333 u-

470 5360 615 5409 litate
627 5358 1095 5423 m'hiljocundius,
1113 5357 1247 5421 quia
1258 5356 1522 5407 oblatione
1537 5357 1683 5406 nihil
1693 5364 1766 5405 est
1780 5358 2068 5422 pretiosius

470 5430 593 5494 Ipsa
615 5430 884 5493 siquidem
907 5436 979 5479 est
1001 5429 1114 5493 ejus
1138 5429 1434 5492 clementia,
1460 5445 1553 5479 nec
1577 5429 1733 5478 donis
1753 5428 1953 5479 lassata
1972 5444 2067 5479 nec

467 5500 655 5552 seculis
681 5516 694 5552 :
720 5502 853 5566 quia
875 5502 1080 5552 devotos
1093 5502 1245 5565 facit,
1269 5506 1431 5565 atque
1456 5500 1752 5564 obtinendi,
1773 5501 1920 5565 quod
1944 5516 2069 5566 pos-

469 5572 663 5636 cimus,
683 5572 1000 5639 plerumque
1021 5574 1213 5639 dignos
1232 5574 1423 5625 videri.
1459 5574 1525 5622 Et
1556 5588 1651 5622 nos
1670 5573 1891 5637 perinde
1925 5573 2067 5622 hanc

530 5722 549 5741 ·
586 5713 739 5765 Nihil
764 5714 949 5769 simile
972 5717 1310 5780 Antiquitaa
1331 5720 1628 5781 memorat,
1662 5716 1841 5768 fuisse
1871 5716 2005 5767 olim
2030 5728 2066 5768 a

476 5781 685 5834 Ruﬁno
699 5785 1054 5838 adornatum.
1080 5790 1159 5839 Eo
1174 5792 1369 5840 autem
1382 5790 1577 5839 minus
1593 5788 1746 5839 hunc
1762 5788 1821 5839 in
1836 5793 1952 5839 tres
1971 5787 2069 5838 Mi-

487 5862 660 5902 nores
690 5853 1001 5915 Prophetas
1031 5858 1536 5912 Commentarium.
1573 5859 1784 5911 Verum
1820 5858 2068 5922 hujusce

2155 4920 2277 4993 jam
2302 4927 2585 4978 videamur
2597 4926 2838 4975 assecuti.
2858 4924 3182 4976 Salomonis
3198 4920 3407 4993 quippe
3422 4920 3726 4993 voluminibus

2165 4991 2181 5028 ί
2209 4998 2550 5062 disserendis,
2582 4996 3004 5061 dispositionum
3044 4996 3168 5061 ejus
3193 4991 3434 5063 gloriam
3460 5008 3642 5055 sumus,
3660 4991 3726 5038 ἱηο

2165 5075 2436 5135 quantum
2453 5084 2602 5133 posse
2624 5067 2866 5130 contulit,
2893 5070 3137 5118 exsecuti
3157 5086 3173 5121 :
3206 5071 3289 5119 ita
3312 5076 3371 5119 ut
3400 5073 3724 5135 nusquamnos

2164 5132 2539 5206 consequentia
2564 5142 2737 5205 (penes
2764 5153 2933 5203 quam
2968 5139 3395 5203 explanationis
3614 5132 3724 5209 ﬁdebt}

2164 5229 2269 5264 esse
2322 5212 2631 5275 auctoritas)
2668 5210 2938 5260 desereret.
3010 5210 3118 5260 Hic
3186 5218 3377 5262 autem
3441 5208 3725 5277 precedent}!

2162 5286 2375 5348 fructus
2390 5273 2690 5346 industria,
2705 5281 3011 5331 studiosum
3032 5285 3390 5335 commendat
3406 5273 3630 5333 laborem.
3648 5273 3723 5324 Νε-

2167 5373 2267 5423 que
2289 5357 2435 5406 enim
2458 5361 2547 5415 est,
2569 5354 2716 5420 quod
2739 5353 2922 5403 acrius
2945 5353 3135 5404 incitet
3150 5357 3230 5405 ad
3248 5356 3633 5423 inquisitionem
3650 5359 3723 5393 ηο-

2166 5421 2375 5489 iiorum,
2394 5442 2562 5491 quam
2584 5424 2996 5491 praecedentium
3019 5427 3209 5477 votiva
3233 5428 3512 5493 perceptio,
3532 5421 3615 5473 sub
3637 5426 3721 5467 tam

2166 5502 2255 5564 pio
2274 5500 2541 5564 praecipue
2564 5498 2818 5556 Domino,
2844 5495 2942 5559 qui
2967 5500 3041 5544 est
3078 5497 3157 5545 ad
3182 5499 3527 5563 largiendum
3544 5495 3719 5564 parati”

2165 5558 2252 5635 ea,
2274 5558 2470 5635 quibus
2493 5584 2590 5619 nos
2608 5558 2889 5617 mandavit
2910 5566 3163 5620 inhiare.
3178 5558 3297 5619 Nec
3312 5570 3482 5635 aperis
3502 5558 3719 5631 ipsiusdé'

2166 5713 2366 5777 Operis
2408 5714 2717 5763 Auctorem
2766 5720 2877 5759 nos
2922 5706 3206 5773 detegere
3252 5708 3589 5776 argumentis
3628 5710 3712 5777 non

2164 5773 2636 5849 improbabilibus
2658 5782 2718 5833 in
2737 5778 3103 5842 Praafatione,
3123 5794 3306 5846 quam
3322 5773 3550 5842 videsis,
3571 5773 3711 5827 conati

2166 5869 2389 5910 sumus.
