3880 6222
134 284 250 341 961

1071 288 1163 351 [IN
1198 285 1442 341 OSEAM
1473 283 2042 339 COMMENTARIUS
2075 287 2286 340 LIBER
2315 288 2599 346 PRIMUS.

3386 288 3493 349 962

134 398 344 449 bemus
374 400 777 476 profunditate
818 401 1025 476 terreri,
1058 416 1127 476 ne
1161 405 1277 467 post
1307 400 1518 476 ﬁduciae
1550 398 1790 476 pignora
1808 401 1870 476 Α
1893 398 2129 451 turnitas
2151 405 2378 476 :_tamen
2395 402 2547 476 apud
2563 403 2784 469 Graecos,
2807 409 2854 455 et
2868 405 3021 470 apud
3045 405 3068 436 ⁴
3091 406 3261 471 Syros
3283 406 3497 457 exstite-

131 476 393 535 recepta,
414 472 725 538 trepidatio
738 487 852 521 non
865 472 1042 523 solum
1060 474 1302 537 ignavos,
1318 473 1409 523 sed
1426 473 1590 522 etiam
1601 470 1663 520 in
1670 486 1790 534 gra~

133 546 221 591 tos
242 549 465 606 pergat
492 558 742 607 arguere.
766 543 1239 608 Explanationem
1262 546 1445 607 itaque
1470 552 1488 573 ⁸
1510 542 1789 591 duodecim

134 613 610 679 Prophetarum,
642 614 739 679 qui
770 615 1008 665 Minores
1047 630 1159 664 non
1192 631 1291 679 pro
1319 614 1543 673 meritis,
1581 613 1671 662 sed
1690 627 1790 677 pro

137 700 397 734 numero
421 701 687 735 versuum
713 687 1097 751 nominantur,
1119 687 1455 751 aggrediens,
1479 700 1568 734 vos
1589 685 1790 749 primo,

138 757 245 820 qui
263 756 428 804 mihi
444 757 554 806 hoc
568 771 704 819 opus
716 757 1016 820 indimistis,
1033 758 1316 821 admoneo,
1332 763 1389 806 ut
1406 756 1478 805 ad
1485 770 1794 821 promeren-

139 827 283 876 dam
308 827 751 891 intelligentiam
764 830 1016 891 veritatis,
1027 829 1137 893 piis
1152 834 1199 878 et
1213 829 1438 878 intentis
1445 827 1689 892 precibus
1703 840 1793 874 me

138 898 461 961 adjuvetis.
491 900 704 948 Dehinc
734 900 906 948 nostri
929 900 1107 963 operis
1142 905 1201 948 ut
1234 901 1417 949 Lector
1440 902 1715 961 agnoscat,
1749 901 1794 944 et

139 983 332 1035 quam
347 970 471 1018 sim
491 970 543 1019 E
546 969 807 1019 ditionem
820 974 1093 1034 sequutus,
1109 976 1155 1019 et
1170 984 1276 1033 quo
1286 971 1558 1033 praecipue
1573 969 1593 997 ’³
1617 968 1794 1017 consi-

142 1042 399 1091 deratur
426 1055 645 1090 munus
658 1041 755 1091 hoc
772 1041 1107 1105 difﬁcillimae
1119 1041 1525 1105 explanationis
1538 1054 1795 1089 assumsc-

138 1112 263 1161 rim
291 1129 303 1160 :
336 1117 405 1161 ut
431 1114 487 1161 si
514 1118 560 1162 et
585 1112 696 1177 ipse
718 1113 781 1162 de
809 1128 998 1162 eorum
1020 1128 1249 1163 numero
1271 1118 1364 1177 est,
1391 1126 1523 1176 quos
1546 1126 1682 1161 cura
1704 1110 1795 1159 leo-

141 1183 328 1233 tionis
351 1189 595 1246 exercet,
624 1183 777 1232 haud
800 1184 862 1233 de
894 1185 1078 1234 nihilo
1106 1198 1187 1233 me
1207 1185 1389 1248 fecisse
1413 1186 1709 1247 cognosc/1t,
1736 1186 1794 1232 ut

142 1256 325 1304 istam
336 1259 690 1319 postremam
705 1254 752 1302 E
755 1255 1032 1319 ditionem,
1046 1271 1163 1320 quae
1174 1255 1471 1305 secundum
1482 1264 1500 1285 °
1514 1253 1792 1304 Hebreum

137 1324 516 1390 appellatur,
534 1326 796 1389 eligerem.
822 1326 1274 1392 Quandoquidem
1289 1329 1348 1376 in
1365 1325 1639 1391 prioribus
1663 1325 1795 1374 Edi-

143 1396 407 1446 tionibus
432 1397 759 1457 elocutiones
776 1399 973 1448 vitiatas
992 1399 1302 1463 frequenter
1331 1412 1545 1449 sensum
1572 1396 1648 1446 vel
1670 1397 1795 1445 doo-

146 1470 341 1523 trinas.
359 1469 450 1518 vel
466 1470 818 1519 narrationis
834 1471 1176 1536 dirumpant,
1198 1476 1254 1520 ut
1269 1470 1609 1520 divinatione
1620 1469 1795 1531 magis

145 1554 179 1603 q
190 1554 335 1588 uam
361 1541 689 1591 conditione
703 1541 892 1608 [Forte
908 1542 1254 1606 cognitione]
1265 1556 1399 1606 opus
1410 1555 1514 1591 esse
1528 1541 1791 1593 videatur.

352 1612 644 1662 Posterior
678 1619 859 1662 autem
890 1614 995 1662 ista
1032 1614 1358 1677 Translatio,
1390 1612 1486 1661 etsi
1509 1627 1621 1661 non
1647 1609 1796 1659 mul-

149 1689 275 1732 tum
300 1684 423 1747 ipsi
455 1684 736 1733 contemtui
757 1684 1061 1748 splendoris
1089 1685 1296 1749 adjecit,
1336 1690 1516 1733 tamen
1549 1682 1791 1732 elocutio-

1892 486 1950 519 re
1971 471 2246 536 nonnulli,
2264 473 2362 536 qui
2384 474 2582 538 scripta
2596 490 2783 525 eorum
2805 476 3057 528 disserere
3067 478 3386 528 niterentur.
3405 478 3496 528 Ea:

1892 542 2087 605 quibus
2118 543 2261 592 mihi
2291 557 2422 592 sane
2447 559 2628 608 pauca
2649 547 2841 611 aliqua
2861 550 3035 598 sancti
3070 550 3234 598 etiam
3256 550 3495 599 Joannis

1894 613 2426 679 Constantinopolitas
2462 615 2715 681 Episcopi
2749 618 2910 683 legere
2955 621 3213 684 contigit;
3248 621 3343 670 sed
3395 635 3494 671 suo

1894 698 2056 745 more,
2082 684 2246 750 idest,
2270 686 2642 735 exhortationi
2668 690 2843 752 magis
2868 706 3037 755 quam
3062 692 3392 755 expositioni
3414 697 3495 742 to-

1892 759 2003 802 tam
2019 770 2155 819 pene
2178 771 2399 820 operam
2415 757 2825 810 commodantis.
2855 761 3103 825 Origenes
3126 771 3144 792 °
3164 767 3346 811 autem
3367 777 3494 826 pro-

1890 828 2012 898 prio
2025 832 2202 877 tenore
2211 829 2514 892 decurrens,
2532 828 2918 892 allegoriarum
2930 834 3105 897 magis
3117 833 3312 897 lepida,
3326 848 3495 898 quam

1893 897 2282 948 historicorum
2318 899 2774 964 explanationum
2808 902 2978 952 solida
3016 910 3061 952 et
3093 905 3322 954 tenenda
3340 897 3496 955 com-

1887 971 2060 1031 ponit.
2076 968 2251 1038 392
2271 970 2287 999 τ
2301 972 2669 1036 Hieronymus
2691 987 2859 1037 porro
2875 979 2920 1022 et
2946 974 3156 1037 ingenii
3172 977 3387 1039 capacis
3407 976 3494 1025 vir

1890 1041 2114 1089 etstudii
2129 1044 2438 1107 pertinacis,
2449 1044 2511 1092 in
2524 1045 2919 1108 prophetarum
2935 1046 3154 1108 quidem
3170 1046 3329 1095 libros
3344 1062 3491 1096 com-

1890 1117 2074 1161 menta
2088 1113 2318 1177 digessit,
2332 1115 2421 1164 sed
2446 1116 2608 1180 quasi
2633 1117 2776 1165 inter
2793 1116 3063 1180 genuinas
3081 1118 3395 1166 traditiones
3411 1118 3490 1166 ire

1891 1188 2180 1248 contentus,
2209 1186 2271 1233 de
2281 1187 2478 1249 perqui
2485 1187 2655 1236 renda
2674 1186 3053 1251 consequentia
3077 1196 3095 1225 ι
3113 1186 3258 1236 nihil
3279 1193 3375 1236 aut
3397 1201 3490 1237 υο-

1893 1252 2011 1315 luit,
2037 1261 2132 1303 aut
2154 1257 2328 1319 potuit
2349 1257 2610 1307 sustinere
2632 1272 2912 1309 curarum.
2938 1258 3040 1320 Ita,
3076 1257 3154 1306 vel
3175 1273 3271 1321 per
3294 1256 3492 1322 allego-

1890 1324 2008 1375 rias
2034 1325 2300 1391 Origenis,
2325 1327 2402 1377 vel
2418 1341 2516 1391 per
2527 1328 2801 1393 fabulosae
2820 1328 3134 1379 Judseorum
3155 1328 3490 1392 traditiones,

1894 1401 2003 1445 tota
2017 1397 2132 1460 ejus
2142 1398 2367 1461 deﬂuxit
2376 1400 2569 1450 oratio.
2587 1400 2723 1450 Cum
2734 1415 2857 1464 ergo
2876 1400 3021 1449 mihi
3036 1400 3347 1449 viderentur
3356 1399 3495 1450 mul-

1895 1472 1967 1532 ta,
1999 1483 2116 1531 quae
2136 1475 2263 1519 sunt
2278 1471 2460 1535 utilia,
2484 1473 2817 1536 preteriisse,
2842 1479 2887 1521 et
2912 1472 3222 1535 religiosam
3244 1488 3373 1537 erga
3396 1474 3497 1523 Do-

1892 1539 2129 1602 minum,
2154 1545 2200 1588 et
2228 1541 2414 1591 utilem
2437 1558 2565 1607 erga
2591 1544 2838 1593 homines
2860 1542 3116 1608 operamII
3132 1544 3400 1608 judicavi,
3422 1544 3490 1606 si,

1893 1610 2136 1660 obediens
2148 1611 2307 1676 vobis,
2321 1614 2763 1677 explanationem
2773 1615 3188 1679 prophetarum,
3198 1621 3360 1680 prout
3372 1631 3493 1680 cap-

1893 1684 1976 1730 tus
2011 1689 2189 1732 nosler
2224 1684 2447 1747 adjutus
2472 1687 2667 1735 divina
2705 1686 2889 1749 gratia
2906 1686 3225 1750 pertulisset,
3251 1701 3494 1735 assume-

148 1767 299 1803 num
324 1755 669 1843 integritate,
694 1755 793 1804 illa
819 1771 937 1843 qua:
959 1756 1647 1843 dim‘imus'interceptorum
1667 1767 1789 1843 seu;
1817 1769 1870 1843 B
1892 1768 2024 1843 rem.
2041 1755 2269 1843 Attentis
2289 1758 2521 1820 ergo,ad
2531 1758 2891 1843 cognitionem
2912 1758 3104 1821 operis,
3122 1756 3491 1843 mentibusae-

149 1825 584 1875 suum~damna
623 1826 931 1890 frequenter
966 1827 1143 1876 evitat.
1181 1826 1311 1875 Jam
1346 1840 1465 1875 vero
1489 1839 1611 1875 cum
1636 1822 1789 1888 apud

154 1896 399 1945 Latinos
436 1897 511 1945 in
547 1896 916 1960 emplanandis
953 1898 1195 1946 maxime
1220 1896 1519 1961 prophetis,
1542 1895 1791 1959 quamvis

155 1971 276 2017 tam
290 1967 479 2032 fuerit
489 1968 836 2032 continuata,
848 1973 909 2018 ut
918 1968 1187 2018 videretur
1195 1968 1359 2018 etiam
1369 1968 1656 2033 conjurata
1666 1967 1792 2016 taci-

224 2120 246 2140 ⁸
276 2111 463 2163 Nunc
488 2109 717 2172 isthaac,
742 2124 863 2163 non
884 2111 947 2163 in
969 2123 1173 2164 omnes
1197 2110 1433 2175 quidem
1462 2109 1791 2175 duodecim,

165 2180 272 2234 sed
296 2181 363 2232 in
382 2182 617 2246 priores
634 2187 752 2234 tres
768 2185 998 2234 tantum
1021 2183 1365 2248 Explanatio
1388 2186 1641 2247 superat,
1667 2181 1790 2235 sive

165 2252 329 2317 quod
359 2252 631 2317 reliquos
644 2253 823 2306 libros
846 2255 1016 2306 nobis
1034 2258 1179 2308 mtas
1194 2255 1478 2319 inviderit,
1498 2254 1620 2307 sive
1636 2253 1792 2317 quod

161 2337 264 2377 eos
291 2324 551 2376 minime
575 2327 793 2377 Auctor
815 2326 1138 2379 elaborarit.

229 2395 252 2424 δ
282 2395 486 2447 Malim
514 2397 755 2448 rescribi
779 2398 1141 2462 considerata,
1174 2398 1344 2462 idest,
1366 2397 1600 2459 intuitu,
1624 2395 1793 2450 intel-

164 2464 346 2527 lectu,
373 2467 523 2533 ﬁne,
549 2472 657 2519 etc.

233 2547 254 2568 ο
298 2540 485 2590 Porro
523 2538 605 2589 illi
623 2541 917 2609 continuo
938 2540 1211 2601 adhaeret,
1246 2544 1305 2593 et
1337 2541 1553 2604 primas
1586 2538 1789 2592 defert.

172 2610 427 2661 Maxime
437 2611 610 2661 initio
622 2612 1030 2675 subsequentis
1041 2615 1394 2661 Commentarii
1419 2615 1474 2661 in
1495 2614 1620 2675 Joel,
1644 2628 1790 2677 cum,

169 2680 383 2745 inquit,
420 2687 810 2746 percunctator
841 2684 1242 2735 accederet.......
1280 2698 1449 2747 quam
1481 2683 1790 2733 Editionem

177 2750 330 2815 [sunt
352 2754 514 2802 enim
534 2753 808 2819 plusculae]
836 2754 1138 2818 delegissem
1165 2754 1378 2805 :notavi
1400 2754 1637 2804 videlicet
1658 2755 1791 2805 ulti-

174 2837 346 2886 mam,
376 2840 505 2889 quae
531 2825 855 2877 secundum
880 2827 1193 2878 Hebraium
1211 2831 1451 2887 vocatur,
1474 2826 1622 2889 quod
1644 2827 1705 2876 in
1727 2841 1790 2876 ea

173 2896 355 2959 magis
397 2895 770 2945 elocutionum
817 2901 945 2948 esset
984 2898 1284 2961 integritas,
1309 2912 1427 2962 quae
1452 2897 1532 2946 vel
1560 2898 1792 2947 docentis

173 2964 454 3032 affectum,
506 2966 584 3016 vel
627 2968 1015 3018 comminantis
1058 2969 1397 3033 exprimeret.
1445 2969 1622 3034 Ipsius
1666 2983 1788 3032 ergo

184 3036 591 3088 Translationis
617 3040 831 3102 judicio
854 3041 1234 3105 comperimus,
1257 3047 1348 3090 etc.
1374 3044 1599 3090 Potuisse
1621 3046 1786 3089 autem

177 3110 466 3162 Ruﬁnum
480 3112 607 3163 haec
618 3112 690 3164 de
706 3112 1153 3177 Hieronymiana
1167 3116 1533 3174 Scripturarum
1551 3115 1790 3163 Versione

178 3183 396 3235 sentire
423 3195 691 3247 unquam
713 3189 772 3236 et
795 3185 1061 3248 scribere,
1080 3185 1276 3237 credat
1295 3185 1542 3237 Judaaus
1564 3184 1784 3249 Apella.

240 3252 262 3281 ⁴¹
303 3255 665 3319 Hujusmodi
701 3256 935 3319 quidem
974 3269 1124 3321 opus
1168 3259 1222 3309 S.
1266 3257 1552 3321 Ephraem
1588 3258 1784 3322 Syrus,

178 3335 430 3388 magnus
449 3340 514 3378 re
529 3332 587 3378 et
601 3333 1002 3392 cognomento,
1018 3328 1373 3391 condiderat,
1394 3329 1549 3392 quod
1564 3332 1712 3377 etiam
1729 3330 1785 3378 in

181 3395 447 3450 Graecum
457 3399 582 3463 jam
599 3404 719 3451 tum
732 3402 919 3465 potuit
928 3402 1205 3465 converti,
1218 3414 1407 3464 neque
1418 3402 1574 3453 enim
1586 3404 1785 3463 Syriaca

184 3468 465 3521 Nostrum
504 3471 766 3536 scivisse,
794 3472 955 3524 facile
994 3472 1267 3535 adducor,
1308 3476 1370 3524 ut
1393 3473 1639 3524 credam.
1674 3472 1785 3524 Sed

180 3540 457 3601 quoniam
476 3554 593 3593 non
605 3556 791 3594 unum
803 3545 1132 3608 quempiam
1144 3557 1218 3596 ex
1233 3555 1302 3595 ea
1315 3544 1530 3608 lingua,
1548 3546 1634 3593 sed
1652 3559 1723 3594 no
1730 3560 1786 3593 n-

177 3610 353 3661 nultos
368 3613 593 3678 laudat,
609 3614 713 3666 erit
728 3614 942 3667 fortass
954 3628 986 3668 e
1005 3616 1125 3680 qui,
1149 3616 1503 3667 recentiores
1517 3614 1660 3668 alios
1683 3615 1785 3668 de-

1888 1824 2139 1875 cedamus
2159 1842 2179 1887 ;
2203 1832 2262 1875 ut
2283 1833 2331 1876 et
2369 1842 2539 1893 quam
2569 1828 2743 1879 multa
2782 1828 2903 1893 late,
2929 1843 3097 1894 quam
3120 1828 3295 1879 multa
3318 1833 3490 1893 acute,

1889 1911 2061 1961 quam
2083 1898 2272 1948 omnia
2309 1899 2397 1963 pie
2419 1904 2467 1950 et
2503 1906 2884 1965 consequenter
2917 1900 2984 1951 ab
3006 1900 3081 1950 eis
3101 1901 3213 1950 sint
3243 1899 3485 1965 prolata,

1885 1982 2191 2023 cernamus.

1888 2106 2106 2172 signari
2119 2110 2191 2160 ab
2207 2121 2275 2161 eo
2290 2109 2446 2171 velit,
2458 2112 2599 2175 puta
2612 2110 3009 2163 Abrahamum
3020 2110 3489 2163 Beth-Rabanen-

1889 2191 2033 2238 sem,
2050 2184 2108 2231 et
2119 2182 2427 2231 Hananum
2448 2180 2824 2245 Adiabenum,
2837 2182 2935 2245 qui
2951 2185 3116 2233 sexto
3132 2186 3383 2233 exeunte
3400 2195 3490 2229 sas-

1889 2250 2019 2301 culo
2033 2251 2365 2303 ﬂoruerunt.
2384 2254 2512 2316 Ipse
2530 2252 2674 2303 adeo
2691 2265 2752 2304 se
2768 2253 3098 2304 recentioris
3113 2253 3298 2305 multo
3313 2255 3489 2316 atque

1889 2322 2066 2388 vulgo
2080 2323 2332 2375 creditur
2346 2325 2555 2391 aetatis,
2580 2329 2817 2377 notaret.
2850 2326 2937 2378 Tu
2958 2324 3357 2390 prwfationem
3378 2337 3487 2378 no-

1889 2399 2071 2447 stram
2095 2397 2403 2449 consulito.

1951 2475 1969 2496 σ
1997 2467 2245 2531 Origenes
2280 2474 2495 2532 autem,
2529 2467 2718 2533 inquit
2741 2468 3129 2532 Hieronymus
3155 2467 3213 2520 in
3239 2466 3484 2528 Prmfat.,

1884 2551 2122 2602 parvum
2144 2539 2206 2588 de
2231 2540 2328 2589 hoc
2348 2538 2623 2603 Propheta
2635 2540 2847 2604 scripsit
2868 2539 3122 2604 libellum,
3147 2540 3236 2589 cui
3253 2540 3400 2588 hunc
3423 2538 3490 2587 ti-

1889 2609 2065 2657 tulum
2110 2610 2395 2674 imposuit,
2432 2613 2540 2676 περὶ
2576 2618 2658 2662 τοῦ
2695 2620 2795 2668 πῶς
2837 2607 3101 2676 ὠνομάσθη
3142 2605 3192 2661 ἐν
3226 2614 3294 2676 τῷ
3330 2607 3487 2670 Ὠσηὲ

1889 2679 2113 2748 Ἐφραΐμ,
2145 2684 2244 2733 hoc
2273 2689 2542 2745 estquam
2563 2682 2882 2746 appellatur
2908 2683 2969 2733 in
3001 2682 3146 2733 Osee
3178 2681 3449 2745 Ephraim
3473 2691 3488 2728 :

1888 2750 2061 2801 volens
2084 2753 2371 2818 ostendere,
2396 2767 2742 2816 quaecumque
2756 2758 2946 2802 contra
2962 2766 3087 2800 eum
3110 2751 3385 2813 dicuntur,
3412 2749 3487 2799 ad

1890 2825 2259 2875 haereticorum
2294 2824 2578 2886 referenda
2602 2838 2927 2889 personam;
2966 2828 3013 2871 et
3044 2822 3203 2872 aliud
3229 2821 3487 2871 volumen

1887 2893 2154 2962 ἆκέφα)ον,
2184 2897 2272 2949 καὶ
2300 2892 2579 2956 ἀτέλεστον,
2612 2896 2757 2960 quod
2779 2899 2825 2944 et
2855 2895 3025 2959 capite
3056 2900 3254 2957 careat,
3282 2897 3328 2942 et
3348 2894 3479 2954 fine.

1894 3002 1897 3005 -
1950 2969 1964 2998 τ
1990 2970 2188 3031 Neque
2208 2967 2348 3019 illud
2372 2966 2694 3020 verosimile
2729 2971 2820 3019 est
2841 2966 2912 3018 de
2935 2965 3179 3031 Origene
3209 2977 3314 3017 suo
3338 2964 3485 3015 scri-

1886 3040 2075 3106 psisse
2098 3039 2391 3104 Ruﬁnum,
2423 3039 2578 3104 quod
2613 3039 2800 3103 magis
2834 3037 3236 3103 allegoriarum
3276 3035 3483 3101 lepida,

1887 3124 2063 3177 quam
2086 3112 2556 3176 explanationum
2574 3111 2756 3162 solida
2770 3114 3135 3161 consectatus
3162 3110 3262 3159 sit:
3291 3120 3483 3172 neque

1886 3185 1996 3236 hoc
2011 3183 2083 3235 de
2107 3184 2474 3247 Hieronymo,
2490 3194 2740 3247 quocum
2767 3180 3094 3232 inimicitias
3110 3178 3483 3244 gravissimas

1883 3255 2204 3316 exercebat,
2230 3253 2387 3319 quod
2407 3253 2627 3318 ingenii
2640 3252 2868 3318 capacis
2888 3254 2991 3317 vir,
3021 3256 3080 3304 et
3102 3251 3281 3303 studii
3308 3250 3484 3315 perti-

1883 3327 2043 3380 nacis
2063 3327 2254 3378 fuerit.

1946 3409 1964 3437 ι
1987 3401 2041 3451 S.
2067 3400 2369 3451 Doctorem
2392 3396 2541 3450 tueri
2568 3409 2644 3451 ex
2675 3401 2836 3461 parte
2855 3396 2919 3448 in
2940 3394 3163 3448 Prmfat.
3196 3395 3357 3446 Tom.
3384 3394 3485 3445 VI.

1814 3436 1865 3513 Ε
1884 3470 2077 3524 conati
2106 3482 2329 3522 sumus.

1945 3544 1966 3573 ιι
2002 3542 2391 3595 Emendamus
2418 3540 2500 3593 ita
2533 3553 2636 3605 pro
2664 3539 2925 3604 indicaui,
2961 3538 3117 3602 quod
3147 3541 3269 3590 erat
3291 3540 3485 3591 antea.

1884 3615 2162 3679 Quadam
2185 3613 2297 3666 alia
2324 3611 2613 3678 ejusmodi
2635 3612 2869 3663 inferius
2885 3611 3037 3663 taciti
3053 3609 3481 3674 castigavimus.

189 3784 3482 3811 -—————_———_—_——_—-————————_

186 3968 2117 4153 COMMENTARIUS
2258 3975 2506 4136 ΙΝ
2652 3971 3473 4137 OSEAM

1220 4394 1689 4494 LIBER
1792 4393 2197 4491 PBIM
2207 4391 2407 4489 US.

634 4648 916 4717 CAPUT
957 4647 1321 4713 PRIMUM

238 4764 395 4820 Vers.
433 4769 460 4824 1
489 4771 548 4821 et
571 4767 623 4822 ‘2.
662 4796 722 4806 —
766 4766 997 4818 Verbum
1019 4765 1267 4828 Domini,
1292 4764 1439 4830 quod
1463 4764 1669 4829 factum
1704 4768 1778 4813 est

182 4833 253 4903 ad
282 4836 403 4889 Osee
428 4840 610 4903 filium
643 4839 891 4889 Beherim
922 4837 985 4886 in
1024 4836 1207 4886 diebus
1247 4836 1396 4897 Ozias,
1433 4835 1694 4895 Joathan,
1731 4839 1778 4883 et

184 4902 333 4969 Aeas,
368 4917 414 4960 et
436 4911 670 4961 Ezechiae
703 4923 896 4974 regum
922 4908 1088 4968 Juda,
1114 4911 1161 4956 et
1201 4907 1263 4955 in
1286 4906 1470 4957 diebus
1492 4905 1778 4955 Jeroboam

180 4974 280 5046 ﬁlii
302 4980 430 5033 Joas
450 4982 592 5046 regis
615 4981 799 5032 Israel.
826 4979 1174 5043 Principium
1197 4977 1453 5042 loquendi
1475 4977 1778 5027 Dominum

181 5044 239 5094 in
266 5049 398 5102 Osce.
439 5044 527 5105 Eii
547 5067 661 5105 usu
700 5052 954 5116 quidem,
978 5063 1111 5114 quas
1138 5050 1389 5101 diversis
1425 5047 1776 5113 temporibus

184 5126 313 5172 sunt
334 5131 501 5188 gesta
528 5125 905 5186 narrantium,
931 5122 1405 5174 commemoratio
1430 5131 1661 5183 quoque
1690 5132 1779 5170 re—

182 5199 315 5250 ειιω
340 5195 568 5247 videtur
587 5194 805 5258 eﬁ‘ecta,
822 5198 889 5245 ut
909 5195 1081 5256 cujus
1099 5191 1277 5243 seculi
1300 5193 1590 5242 texeretur
1603 5188 1780 5240 histo-

184 5260 279 5324 ria,
295 5276 683 5319 nosceremus.
701 5269 751 5317 A
767 5264 1063 5329 prophetis
1081 5269 1276 5314 tamen
1289 5262 1461 5324 longe
1479 5262 1667 5325 magis
1684 5261 1782 5311 ob-

186 5338 394 5388 servari
417 5338 526 5390 fuit
546 5350 806 5401 necesse,
832 5340 966 5401 quia
991 5335 1126 5387 licet
1148 5347 1267 5385 non
1292 5333 1624 5396 simpliciter
1646 5344 1779 5383 mu-

181 5411 289 5455 nus
302 5405 557 5461 historiaa
575 5412 1012 5473 persequantur,
1030 5410 1098 5458 ut
1108 5417 1175 5456 ea
1190 5403 1476 5462 videlicet,
1489 5415 1622 5467 quae
1639 5408 1776 5455 sunt

184 5480 339 5545 gesta
354 5485 824 5545 commemorent,
843 5481 944 5532 sed
958 5480 1178 5543 impetu
1194 5487 1425 5538 quoque
1448 5475 1617 5538 [Forte
1642 5487 1780 5538 quo-

185 5541 331 5613 dam]
353 5553 792 5605 vaticinantium
807 5541 999 5602 futura
1019 5541 1402 5601 denunciant:
1429 5550 1626 5598 tamen
1641 5559 1779 5611 quo-

185 5616 335 5671 niam
355 5635 472 5675 non
497 5637 564 5676 ea
577 5624 831 5685 casibus,
858 5621 962 5674 sed
980 5619 1196 5686 judicio
1216 5622 1466 5671 ventura
1488 5631 1777 5670 commen-

186 5686 334 5762 dant,
350 5701 408 5749 et
419 5698 492 5749 ad
509 5699 633 5761 ejus
652 5696 926 5762 principis
942 5693 1241 5747 arbitrium
1267 5691 1585 5757 disputant,
1604 5695 1770 5756 cuius

185 5759 413 5821 violatas
425 5759 606 5833 leges,
629 5759 688 5822 e't
705 5759 951 5833 pollutas
971 5777 1128 5831 saepe
1148 5764 1509 5817 ceremonias
1526 5776 1673 5828 conq
1681 5776 1771 5816 ue-

182 5839 405 5894 runtur:
428 5840 691 5896 ordinate
711 5839 1060 5894 nimirumin
1078 5837 1268 5893 fronte
1280 5837 1473 5903 operis
1488 5834 1771 5892 vocabula

1793 4628 1852 4703 D
1872 4632 2078 4684 "Eum
2096 4615 3057 4703 mmiesql‘F’ff’Pi'éiE‘lEhﬁigPE
3074 4613 3476 4703 159399119?

1874 4704 2001 4743 rum
2019 4690 2331 4743 commissa
2346 4686 2723 4752 temporibus,
2737 4686 2981 4738 historia
2990 4686 3251 4751 docente,
3263 4699 3481 4736 noscen-

1876 4766 1983 4825 tes,
2000 4762 2284 4813 fateamur
2299 4772 2398 4811 eos
2409 4758 2616 4822 dignas
2632 4760 3017 4822 ingentesque
3032 4770 3274 4809 caussas
3290 4757 3479 4810 invec-

1874 4833 2048 4885 tionis
2060 4832 2353 4883 habuisse.
2379 4832 2451 4881 Et
2465 4833 2685 4894 Regum
2697 4829 2893 4893 itaque
2913 4834 2972 4882 et
2992 4827 3478 4893 Paralipomenon

1875 4905 2204 4955 continetur
2216 4902 2543 4965 annalibus,
2560 4900 2714 4965 quod
2726 4914 2860 4952 cum
2875 4901 2954 4965 hi,
2971 4913 3223 4965 quorum
3238 4900 3479 4953 nomina

1876 4979 2014 5025 sunt
2033 4975 2352 5039 prasmissa,
2378 4976 2708 5037 regnarent,
2730 4976 2851 5025 tota
2880 4974 3115 5037 quidem
3137 4973 3478 5026 Judmorum

1874 5058 2019 5110 gens
2042 5044 2328 5096 idolorum
2350 5044 2603 5097 cultibus
2627 5051 2777 5096 esset
2796 5044 3101 5108 inquinata
3126 5061 3138 5093 :
3165 5045 3363 5097 decem
3388 5048 3480 5095 ta—

1876 5129 2009 5167 men
2031 5117 2234 5180 tribus,
2251 5128 2384 5180 qum
2399 5129 2434 5168 a
2456 5115 2739 5169 divisione
2763 5117 2875 5167 sub
2888 5117 3194 5168 Jeroboam
3211 5115 3379 5178 facta,
3399 5116 3477 5166 Is-

1874 5187 1990 5240 rael
2014 5188 2385 5250 vocabantur,
2404 5193 2460 5240 et
2476 5187 2694 5240 ultimis
2713 5186 3026 5253 sacrilegiis
3043 5186 3342 5249 squaleren
3351 5190 3393 5249 t,
3417 5191 3476 5238 et

1873 5260 2342 5324 impendentibus
2365 5260 2473 5311 sibi
2496 5259 2917 5312 calamitatibus
2941 5261 3297 5323 urgerentur.
3323 5258 3476 5318 Qua-

1874 5336 2005 5383 tuor
2031 5332 2226 5395 itaque
2253 5344 2456 5396 regum
2479 5330 2551 5381 de
2575 5332 2605 5382 J
2612 5331 2745 5395 uda,
2768 5342 3015 5394 quorum
3041 5326 3309 5380 videlicet
3334 5332 3476 5379 tem-

1871 5415 2011 5468 pora
2026 5404 2279 5455 vaticinii
2293 5406 2344 5466 ej
2353 5416 2425 5454 us
2440 5403 2813 5465 contingebat
2827 5407 2989 5460 aetas,
3009 5404 3067 5450 et
3091 5398 3262 5449 unius
3279 5398 3377 5461 qui
3400 5398 3472 5451 de

1870 5474 2100 5527 Israelis
2136 5479 2296 5539 parte
2332 5478 2691 5537 regnaverat,
2729 5472 2924 5524 intulit
2960 5471 3333 5523 mentionem.
3358 5469 3468 5521 Sed

1871 5561 2004 5599 cum
2022 5546 2382 5610 prophetiam
2397 5546 2606 5597 fuisset
2621 5556 2887 5606 exorsus,
2902 5541 3122 5605 hiquos
3137 5540 3286 5592 dixit
3300 5541 3472 5605 parti-

1868 5621 1981 5671 bus
1991 5618 2103 5670 illis
2120 5617 2521 5681 prassidebant.
2545 5618 2680 5668 Post
2693 5627 2812 5667 non
2824 5613 3068 5677 longum
3086 5624 3221 5664 vero
3237 5616 3471 5678 tempus

1866 5691 2017 5752 apud
2044 5688 2358 5741 Samariam
2380 5687 2546 5738 ﬁnita
2568 5685 2885 5738 dominatio
2907 5688 3019 5736 est.
3047 5682 3342 5747 Siquidem
3364 5684 3474 5736 Za-

1867 5762 2091 5814 charias
2105 5760 2259 5812 ﬁlius
2272 5760 2598 5821 Jeroboam,
2614 5757 2712 5821 qui
2729 5760 2895 5809 sexto
2906 5756 3031 5820 jam
3046 5765 3246 5806 mense
3258 5768 3346 5815 per
3361 5769 3474 5805 suc-

1866 5834 2189 5887 cessionem
2197 5830 2495 5886 obtinebat
2505 5828 2829 5894 imperium,
2846 5825 3002 5882 civili
3011 5825 3312 5890 seditione,
3329 5827 3383 5876 id
3396 5830 3471 5875 est
