  <div class='ocr_page' id='page_1' title='image "/cluster/home/n/w/nwhite01/storage/ocr_20150623/20-21/uva.x000826555/1095.png"; bbox 0 0 3880 6222; ppageno 0'>
   <div class='ocr_carea' id='block_1_1' title="bbox 391 221 497 277">
    <p class='ocr_par' dir='ltr' id='par_1_1' title="bbox 391 221 497 277">
     <span class='ocr_line' id='line_1_1' title="bbox 391 221 497 277; baseline -0.009 0"><span class='ocrx_word' id='word_1_1' title='bbox 391 221 497 277; x_wconf 87' lang='grc'><strong>963</strong></span> 
     </span>
    </p>
   </div>
   <div class='ocr_carea' id='block_1_2' title="bbox 1446 206 2634 261">
    <p class='ocr_par' dir='ltr' id='par_1_2' title="bbox 1446 206 2634 261">
     <span class='ocr_line' id='line_1_2' title="bbox 1446 206 2634 261; baseline -0.003 0"><span class='ocrx_word' id='word_1_2' title='bbox 1446 208 1713 261; x_wconf 83' lang='lat' dir='ltr'><strong>RUFINO</strong></span> <span class='ocrx_word' id='word_1_3' title='bbox 1748 207 2208 260; x_wconf 85' lang='lat' dir='ltr'><strong>PRESBYTERO</strong></span> <span class='ocrx_word' id='word_1_4' title='bbox 2241 206 2634 260; x_wconf 82' lang='lat' dir='ltr'><strong>ASCRIPTUS</strong></span> 
     </span>
    </p>
   </div>
   <div class='ocr_carea' id='block_1_3' title="bbox 3628 204 3713 260">
    <p class='ocr_par' dir='ltr' id='par_1_3' title="bbox 3628 204 3713 260">
     <span class='ocr_line' id='line_1_3' title="bbox 3628 204 3713 260; baseline 0 0"><span class='ocrx_word' id='word_1_5' title='bbox 3628 204 3713 260; x_wconf 72' lang='lat'><strong>964</strong></span> 
     </span>
    </p>
   </div>
   <div class='ocr_carea' id='block_1_4' title="bbox 392 318 3710 399">
    <p class='ocr_par' dir='ltr' id='par_1_4' title="bbox 392 318 3710 399">
     <span class='ocr_line' id='line_1_4' title="bbox 392 318 3710 399; baseline -0.005 -11"><span class='ocrx_word' id='word_1_6' title='bbox 392 336 604 389; x_wconf 71' lang='lat' dir='ltr'><strong>Selium</strong></span> <span class='ocrx_word' id='word_1_7' title='bbox 622 330 950 387; x_wconf 74' lang='lat' dir='ltr'><strong>rebellante,</strong></span> <span class='ocrx_word' id='word_1_8' title='bbox 967 329 1311 377; x_wconf 80' lang='lat' dir='ltr'><strong>consumtus</strong></span> <span class='ocrx_word' id='word_1_9' title='bbox 1328 329 1434 376; x_wconf 90' lang='lat' dir='ltr'><strong>est.</strong></span> <span class='ocrx_word' id='word_1_10' title='bbox 1455 323 1668 375; x_wconf 90' lang='lat' dir='ltr'><strong>Sellum</strong></span> <span class='ocrx_word' id='word_1_11' title='bbox 1680 335 1834 399; x_wconf 75' lang='lat' dir='ltr'><strong>vero,</strong></span> <span class='ocrx_word' id='word_1_12' title='bbox 1852 334 1985 373; x_wconf 91' lang='lat' dir='ltr'><strong>cum</strong></span> <span class='ocrx_word' id='word_1_13' title='bbox 2012 327 2068 399; x_wconf 79' lang='grc' dir='ltr'><strong>Α</strong></span> <span class='ocrx_word' id='word_1_14' title='bbox 2088 324 2285 386; x_wconf 90' lang='lat' dir='ltr'><strong>Neque</strong></span> <span class='ocrx_word' id='word_1_15' title='bbox 2310 334 2496 399; x_wconf 79' lang='lat' dir='ltr'><strong>usque</strong></span> <span class='ocrx_word' id='word_1_16' title='bbox 2517 322 2591 373; x_wconf 90' lang='lat' dir='ltr'><strong>ad</strong></span> <span class='ocrx_word' id='word_1_17' title='bbox 2622 333 2841 399; x_wconf 77' lang='lat' dir='ltr'><strong>nomen</strong></span> <span class='ocrx_word' id='word_1_18' title='bbox 2864 321 3146 399; x_wconf 81' lang='lat' dir='ltr'><strong>conjugis</strong></span> <span class='ocrx_word' id='word_1_19' title='bbox 3174 325 3429 399; x_wconf 82' lang='lat' dir='ltr'><strong>ta_n_tum</strong></span> <span class='ocrx_word' id='word_1_20' title='bbox 3442 318 3710 399; x_wconf 71' lang='lat' dir='ltr'><strong>tolerans.</strong></span> 
     </span>
    </p>
   </div>
   <div class='ocr_carea' id='block_1_5' title="bbox 389 396 1985 469">
    <p class='ocr_par' dir='ltr' id='par_1_5' title="bbox 389 396 1985 469">
     <span class='ocr_line' id='line_1_5' title="bbox 389 396 1985 469; baseline -0.011 -11"><span class='ocrx_word' id='word_1_21' title='bbox 389 419 505 458; x_wconf 86' lang='lat' dir='ltr'><strong>uno</strong></span> <span class='ocrx_word' id='word_1_22' title='bbox 516 403 668 469; x_wconf 89' lang='lat' dir='ltr'><strong>apud</strong></span> <span class='ocrx_word' id='word_1_23' title='bbox 693 399 1006 452; x_wconf 82' lang='lat' dir='ltr'><strong>Samariam</strong></span> <span class='ocrx_word' id='word_1_24' title='bbox 1036 409 1237 469; x_wconf 82' lang='lat' dir='ltr'>mense</span> <span class='ocrx_word' id='word_1_25' title='bbox 1257 396 1764 455; x_wconf 85' lang='lat' dir='ltr'><strong>regnasset,ascendit</strong></span> <span class='ocrx_word' id='word_1_26' title='bbox 1783 397 1985 469; x_wconf 63' lang='lat' dir='ltr'><strong>Manlian</strong></span> 
     </span>
    </p>
   </div>
   <div class='ocr_carea' id='block_1_6' title="bbox 386 466 1987 533">
    <p class='ocr_par' dir='ltr' id='par_1_6' title="bbox 386 466 1987 533">
     <span class='ocr_line' id='line_1_6' title="bbox 386 466 1987 533; baseline -0.011 -3"><span class='ocrx_word' id='word_1_27' title='bbox 386 478 535 529; x_wconf 83' lang='lat' dir='ltr'><strong>illius</strong></span> <span class='ocrx_word' id='word_1_28' title='bbox 551 466 691 533; x_wconf 73' lang='lat' dir='ltr'><strong>Gad,</strong></span> <span class='ocrx_word' id='word_1_29' title='bbox 706 478 764 525; x_wconf 89' lang='lat' dir='ltr'><strong>et</strong></span> <span class='ocrx_word' id='word_1_30' title='bbox 779 472 1000 523; x_wconf 90' lang='lat' dir='ltr'><strong>dictum</strong></span> <span class='ocrx_word' id='word_1_31' title='bbox 1018 467 1441 532; x_wconf 60' lang='lat' dir='ltr'><strong>praecedentem</strong></span> <span class='ocrx_word' id='word_1_32' title='bbox 1456 469 1785 529; x_wconf 91' lang='lat' dir='ltr'><strong>tyrannum,</strong></span> <span class='ocrx_word' id='word_1_33' title='bbox 1799 466 1987 513; x_wconf 85' lang='lat' dir='ltr'><strong>instau-</strong></span> 
     </span>
    </p>
   </div>
   <div class='ocr_carea' id='block_1_7' title="bbox 384 538 1987 607">
    <p class='ocr_par' dir='ltr' id='par_1_7' title="bbox 384 538 1987 607">
     <span class='ocr_line' id='line_1_7' title="bbox 384 538 1987 607; baseline -0.011 -5"><span class='ocrx_word' id='word_1_34' title='bbox 384 554 508 601; x_wconf 74' lang='lat' dir='ltr'><strong>rata</strong></span> <span class='ocrx_word' id='word_1_35' title='bbox 523 546 851 607; x_wconf 82' lang='lat' dir='ltr'><strong>rebellione,</strong></span> <span class='ocrx_word' id='word_1_36' title='bbox 869 541 1210 592; x_wconf 70' lang='lat' dir='ltr'><strong>consumsit.</strong></span> <span class='ocrx_word' id='word_1_37' title='bbox 1229 542 1419 602; x_wconf 85' lang='lat' dir='ltr'><strong>Atque</strong></span> <span class='ocrx_word' id='word_1_38' title='bbox 1434 538 1557 600; x_wconf 89' lang='lat' dir='ltr'><strong>ipse</strong></span> <span class='ocrx_word' id='word_1_39' title='bbox 1577 550 1671 600; x_wconf 85' lang='lat' dir='ltr'><strong>per</strong></span> <span class='ocrx_word' id='word_1_40' title='bbox 1686 542 1885 587; x_wconf 82' lang='lat' dir='ltr'>decem</span> <span class='ocrx_word' id='word_1_41' title='bbox 1901 551 1987 584; x_wconf 86' lang='lat' dir='ltr'><strong>an-</strong></span> 
     </span>
    </p>
   </div>
   <div class='ocr_carea' id='block_1_8' title="bbox 384 609 1985 676">
    <p class='ocr_par' dir='ltr' id='par_1_8' title="bbox 384 609 1985 676">
     <span class='ocr_line' id='line_1_8' title="bbox 384 609 1985 676; baseline -0.012 -3"><span class='ocrx_word' id='word_1_42' title='bbox 384 635 492 673; x_wconf 87' lang='lat' dir='ltr'><strong>nos</strong></span> <span class='ocrx_word' id='word_1_43' title='bbox 511 615 886 671; x_wconf 89' lang='lat' dir='ltr'><strong>tumultuario</strong></span> <span class='ocrx_word' id='word_1_44' title='bbox 905 612 1097 676; x_wconf 89' lang='lat' dir='ltr'><strong>potius</strong></span> <span class='ocrx_word' id='word_1_45' title='bbox 1113 610 1370 674; x_wconf 89' lang='lat' dir='ltr'><strong>imperio,</strong></span> <span class='ocrx_word' id='word_1_46' title='bbox 1389 609 1758 671; x_wconf 80' lang='lat' dir='ltr'><strong>Assyriorum</strong></span> <span class='ocrx_word' id='word_1_47' title='bbox 1775 612 1876 667; x_wconf 83' lang='lat' dir='ltr'><strong>regi</strong></span> <span class='ocrx_word' id='word_1_48' title='bbox 1894 611 1985 668; x_wconf 88' lang='lat' dir='ltr'><strong>qui</strong></span> 
     </span>
    </p>
   </div>
   <div class='ocr_carea' id='block_1_9' title="bbox 387 682 1985 755">
    <p class='ocr_par' dir='ltr' id='par_1_9' title="bbox 387 682 1985 755">
     <span class='ocr_line' id='line_1_9' title="bbox 387 682 1985 755; baseline -0.013 -10"><span class='ocrx_word' id='word_1_49' title='bbox 387 694 483 745; x_wconf 90' lang='lat' dir='ltr'><strong>Sul</strong></span> <span class='ocrx_word' id='word_1_50' title='bbox 499 688 913 755; x_wconf 76' lang='lat' dir='ltr'><strong>appellabatur,</strong></span> <span class='ocrx_word' id='word_1_51' title='bbox 933 684 1044 733; x_wconf 90' lang='lat' dir='ltr'><strong>sub</strong></span> <span class='ocrx_word' id='word_1_52' title='bbox 1062 687 1221 755; x_wconf 83' lang='lat' dir='ltr'><strong>tanto</strong></span> <span class='ocrx_word' id='word_1_53' title='bbox 1235 682 1580 755; x_wconf 86' lang='lat' dir='ltr'><strong>tributorum</strong></span> <span class='ocrx_word' id='word_1_54' title='bbox 1597 688 1859 755; x_wconf 82' lang='lat' dir='ltr'><strong>onere,ut</strong></span> <span class='ocrx_word' id='word_1_55' title='bbox 1876 694 1985 755; x_wconf 76' lang='lat' dir='ltr'><strong>ege-</strong></span> 
     </span>
    </p>
   </div>
   <div class='ocr_carea' id='block_1_10' title="bbox 385 752 1988 826">
    <p class='ocr_par' dir='ltr' id='par_1_10' title="bbox 385 752 1988 826">
     <span class='ocr_line' id='line_1_10' title="bbox 385 752 1988 826; baseline -0.011 -10"><span class='ocrx_word' id='word_1_56' title='bbox 385 769 506 815; x_wconf 80' lang='lat' dir='ltr'><strong>stas</strong></span> <span class='ocrx_word' id='word_1_57' title='bbox 523 752 720 826; x_wconf 78' lang='lat' dir='ltr'><strong>aperta</strong></span> <span class='ocrx_word' id='word_1_58' title='bbox 736 762 909 816; x_wconf 88' lang='lat' dir='ltr'><strong>esset,</strong></span> <span class='ocrx_word' id='word_1_59' title='bbox 926 754 1241 805; x_wconf 86' lang='lat' dir='ltr'><strong>famulatus</strong></span> <span class='ocrx_word' id='word_1_60' title='bbox 1258 755 1365 826; x_wconf 84' lang='lat' dir='ltr'><strong>est.</strong></span> <span class='ocrx_word' id='word_1_61' title='bbox 1381 754 1412 826; x_wconf 79' lang='lat' dir='ltr'><strong>J</strong></span> <span class='ocrx_word' id='word_1_62' title='bbox 1418 764 1510 801; x_wconf 83' lang='lat' dir='ltr'>am</span> <span class='ocrx_word' id='word_1_63' title='bbox 1527 764 1663 814; x_wconf 90' lang='lat' dir='ltr'><strong>ergo</strong></span> <span class='ocrx_word' id='word_1_64' title='bbox 1680 752 1732 826; x_wconf 82' lang='lat' dir='ltr'><strong>in</strong></span> <span class='ocrx_word' id='word_1_65' title='bbox 1750 752 1891 798; x_wconf 86' lang='lat' dir='ltr'>illam</span> <span class='ocrx_word' id='word_1_66' title='bbox 1908 752 1988 798; x_wconf 88' lang='lat' dir='ltr'><strong>de-</strong></span> 
     </span>
    </p>
   </div>
   <div class='ocr_carea' id='block_1_11' title="bbox 386 822 1985 893">
    <p class='ocr_par' dir='ltr' id='par_1_11' title="bbox 386 822 1985 893">
     <span class='ocr_line' id='line_1_11' title="bbox 386 822 1985 893; baseline -0.011 -6"><span class='ocrx_word' id='word_1_67' title='bbox 386 848 512 886; x_wconf 91' lang='lat' dir='ltr'><strong>cem</strong></span> <span class='ocrx_word' id='word_1_68' title='bbox 528 822 786 885; x_wconf 74' lang='lat' dir='ltr'><strong>tribuum</strong></span> <span class='ocrx_word' id='word_1_69' title='bbox 817 829 1157 893; x_wconf 90' lang='lat' dir='ltr'><strong>portionem,</strong></span> <span class='ocrx_word' id='word_1_70' title='bbox 1189 824 1584 875; x_wconf 82' lang='lat' dir='ltr'>calamitatum</span> <span class='ocrx_word' id='word_1_71' title='bbox 1607 822 1985 873; x_wconf 85' lang='lat' dir='ltr'><strong>excitatarum</strong></span> 
     </span>
    </p>
   </div>
   <div class='ocr_carea' id='block_1_12' title="bbox 386 894 1988 961">
    <p class='ocr_par' dir='ltr' id='par_1_12' title="bbox 386 894 1988 961">
     <span class='ocr_line' id='line_1_12' title="bbox 386 894 1988 961; baseline -0.012 -2"><span class='ocrx_word' id='word_1_72' title='bbox 386 908 645 959; x_wconf 86' lang='lat' dir='ltr'><strong>turbines</strong></span> <span class='ocrx_word' id='word_1_73' title='bbox 660 902 972 955; x_wconf 87' lang='lat' dir='ltr'><strong>irruebant.</strong></span> <span class='ocrx_word' id='word_1_74' title='bbox 992 899 1195 961; x_wconf 87' lang='lat' dir='ltr'><strong>Sicque</strong></span> <span class='ocrx_word' id='word_1_75' title='bbox 1207 896 1415 956; x_wconf 86' lang='lat' dir='ltr'><strong>adhuc,</strong></span> <span class='ocrx_word' id='word_1_76' title='bbox 1434 907 1610 957; x_wconf 87' lang='lat' dir='ltr'><strong>regno</strong></span> <span class='ocrx_word' id='word_1_77' title='bbox 1631 894 1784 958; x_wconf 90' lang='lat' dir='ltr'><strong>apud</strong></span> <span class='ocrx_word' id='word_1_78' title='bbox 1799 897 1988 941; x_wconf 84' lang='lat' dir='ltr'><strong>Jeroso—</strong></span> 
     </span>
    </p>
   </div>
   <div class='ocr_carea' id='block_1_13' title="bbox 382 964 1986 1043">
    <p class='ocr_par' dir='ltr' id='par_1_13' title="bbox 382 964 1986 1043">
     <span class='ocr_line' id='line_1_13' title="bbox 382 964 1986 1043; baseline -0.011 -13"><span class='ocrx_word' id='word_1_79' title='bbox 382 979 616 1043; x_wconf 87' lang='lat' dir='ltr'><strong>lymitas</strong></span> <span class='ocrx_word' id='word_1_80' title='bbox 634 977 923 1032; x_wconf 88' lang='lat' dir='ltr'><strong>manente,</strong></span> <span class='ocrx_word' id='word_1_81' title='bbox 952 970 1151 1020; x_wconf 88' lang='lat' dir='ltr'><strong>decem</strong></span> <span class='ocrx_word' id='word_1_82' title='bbox 1172 968 1355 1043; x_wconf 80' lang='lat' dir='ltr'><strong>tribus</strong></span> <span class='ocrx_word' id='word_1_83' title='bbox 1380 964 1624 1043; x_wconf 83' lang='lat' dir='ltr'><strong>abstulit</strong></span> <span class='ocrx_word' id='word_1_84' title='bbox 1640 964 1986 1043; x_wconf 68' lang='lat' dir='ltr'><strong>denunciata</strong></span> 
     </span>
    </p>
   </div>
   <div class='ocr_carea' id='block_1_14' title="bbox 384 1038 1985 1114">
    <p class='ocr_par' dir='ltr' id='par_1_14' title="bbox 384 1038 1985 1114">
     <span class='ocr_line' id='line_1_14' title="bbox 384 1038 1985 1114; baseline -0.013 -12"><span class='ocrx_word' id='word_1_85' title='bbox 384 1038 707 1114; x_wconf 70' lang='lat' dir='ltr'><strong>captivitas.</strong></span> <span class='ocrx_word' id='word_1_86' title='bbox 728 1047 1040 1105; x_wconf 89' lang='lat' dir='ltr'><strong>Postquam</strong></span> <span class='ocrx_word' id='word_1_87' title='bbox 1056 1052 1191 1102; x_wconf 82' lang='lat' dir='ltr'><strong>ergo</strong></span> <span class='ocrx_word' id='word_1_88' title='bbox 1206 1039 1280 1089; x_wconf 88' lang='lat' dir='ltr'><strong>ad</strong></span> <span class='ocrx_word' id='word_1_89' title='bbox 1292 1040 1438 1088; x_wconf 81' lang='lat' dir='ltr'><strong>lines</strong></span> <span class='ocrx_word' id='word_1_90' title='bbox 1454 1039 1687 1114; x_wconf 45' lang='lat' dir='ltr'><strong>Assyrios</strong></span> <span class='ocrx_word' id='word_1_91' title='bbox 1703 1038 1877 1114; x_wconf 37' lang='lat' dir='ltr'><strong>pOpuAli</strong></span> <span class='ocrx_word' id='word_1_92' title='bbox 1903 1038 1985 1114; x_wconf 39' lang='lat' dir='ltr'><strong>Sa?</strong></span> 
     </span>
    </p>
   </div>
   <div class='ocr_carea' id='block_1_15' title="bbox 382 1105 1978 1181">
    <p class='ocr_par' dir='ltr' id='par_1_15' title="bbox 382 1105 1978 1181">
     <span class='ocr_line' id='line_1_15' title="bbox 382 1105 1978 1181; baseline -0.013 -7"><span class='ocrx_word' id='word_1_93' title='bbox 382 1105 581 1173; x_wconf 72' lang='lat' dir='ltr'><strong>marim</strong></span> <span class='ocrx_word' id='word_1_94' title='bbox 598 1118 1009 1181; x_wconf 89' lang='lat' dir='ltr'><strong>migraverunt,</strong></span> <span class='ocrx_word' id='word_1_95' title='bbox 1030 1116 1267 1162; x_wconf 88' lang='lat' dir='ltr'><strong>sanctus</strong></span> <span class='ocrx_word' id='word_1_96' title='bbox 1286 1113 1433 1161; x_wconf 82' lang='lat' dir='ltr'><strong>Osee</strong></span> <span class='ocrx_word' id='word_1_97' title='bbox 1454 1109 1465 1181; x_wconf 59' lang='grc' dir='ltr'>ί</span> <span class='ocrx_word' id='word_1_98' title='bbox 1475 1110 1602 1158; x_wconf 83' lang='lat' dir='ltr'><strong>Ant.</strong></span> <span class='ocrx_word' id='word_1_99' title='bbox 1617 1115 1805 1181; x_wconf 65' lang='lat' dir='ltr'><strong>sancite</strong></span> <span class='ocrx_word' id='word_1_100' title='bbox 1819 1105 1978 1170; x_wconf 60' lang='lat' dir='ltr'><strong>Oscis]</strong></span> 
     </span>
    </p>
   </div>
   <div class='ocr_carea' id='block_1_16' title="bbox 382 1179 1982 1252">
    <p class='ocr_par' dir='ltr' id='par_1_16' title="bbox 382 1179 1982 1252">
     <span class='ocr_line' id='line_1_16' title="bbox 382 1179 1982 1252; baseline -0.014 -7"><span class='ocrx_word' id='word_1_101' title='bbox 382 1194 444 1244; x_wconf 93' lang='lat' dir='ltr'><strong>in</strong></span> <span class='ocrx_word' id='word_1_102' title='bbox 464 1195 492 1244; x_wconf 88' lang='lat' dir='ltr'>J</span> <span class='ocrx_word' id='word_1_103' title='bbox 501 1192 617 1243; x_wconf 90' lang='lat' dir='ltr'><strong>uda</strong></span> <span class='ocrx_word' id='word_1_104' title='bbox 642 1179 875 1252; x_wconf 74' lang='lat' dir='ltr'><strong>regione</strong></span> <span class='ocrx_word' id='word_1_105' title='bbox 899 1186 1245 1242; x_wconf 86' lang='lat' dir='ltr'><strong>consistens,</strong></span> <span class='ocrx_word' id='word_1_106' title='bbox 1263 1180 1520 1232; x_wconf 64' lang='lat' dir='ltr'><strong>Ezechiae</strong></span> <span class='ocrx_word' id='word_1_107' title='bbox 1536 1179 1707 1252; x_wconf 82' lang='lat' dir='ltr'><strong>regis,</strong></span> <span class='ocrx_word' id='word_1_108' title='bbox 1732 1180 1982 1252; x_wconf 80' lang='lat' dir='ltr'><strong>famosum</strong></span> 
     </span>
    </p>
   </div>
   <div class='ocr_carea' id='block_1_17' title="bbox 382 1247 1986 1321">
    <p class='ocr_par' dir='ltr' id='par_1_17' title="bbox 382 1247 1986 1321">
     <span class='ocr_line' id='line_1_17' title="bbox 382 1247 1986 1321; baseline -0.011 -6"><span class='ocrx_word' id='word_1_109' title='bbox 382 1261 675 1315; x_wconf 88' lang='lat' dir='ltr'><strong>miraculis</strong></span> <span class='ocrx_word' id='word_1_110' title='bbox 701 1247 933 1321; x_wconf 68' lang='lat' dir='ltr'><strong>tempus</strong></span> <span class='ocrx_word' id='word_1_111' title='bbox 948 1254 1190 1318; x_wconf 84' lang='lat' dir='ltr'><strong>aspexit,</strong></span> <span class='ocrx_word' id='word_1_112' title='bbox 1214 1259 1271 1303; x_wconf 90' lang='lat' dir='ltr'><strong>et</strong></span> <span class='ocrx_word' id='word_1_113' title='bbox 1297 1252 1406 1302; x_wconf 91' lang='lat' dir='ltr'><strong>sub</strong></span> <span class='ocrx_word' id='word_1_114' title='bbox 1432 1252 1573 1314; x_wconf 89' lang='lat' dir='ltr'><strong>ipso,</strong></span> <span class='ocrx_word' id='word_1_115' title='bbox 1590 1249 1764 1301; x_wconf 90' lang='lat' dir='ltr'><strong>etiam</strong></span> <span class='ocrx_word' id='word_1_116' title='bbox 1784 1247 1986 1321; x_wconf 84' lang='lat' dir='ltr'><strong>vatici-</strong></span> 
     </span>
    </p>
   </div>
   <div class='ocr_carea' id='block_1_18' title="bbox 384 1319 1985 1388">
    <p class='ocr_par' dir='ltr' id='par_1_18' title="bbox 384 1319 1985 1388">
     <span class='ocr_line' id='line_1_18' title="bbox 384 1319 1985 1388; baseline -0.012 -1"><span class='ocrx_word' id='word_1_117' title='bbox 384 1335 560 1387; x_wconf 90' lang='lat' dir='ltr'><strong>nandi</strong></span> <span class='ocrx_word' id='word_1_118' title='bbox 583 1343 799 1383; x_wconf 90' lang='lat' dir='ltr'><strong>munus</strong></span> <span class='ocrx_word' id='word_1_119' title='bbox 816 1319 1089 1380; x_wconf 76' lang='lat' dir='ltr'><strong>exercuit.</strong></span> <span class='ocrx_word' id='word_1_120' title='bbox 1118 1327 1263 1388; x_wconf 86' lang='lat' dir='ltr'><strong>Ergo</strong></span> <span class='ocrx_word' id='word_1_121' title='bbox 1282 1335 1416 1386; x_wconf 69' lang='lat' dir='ltr'><strong>qum</strong></span> <span class='ocrx_word' id='word_1_122' title='bbox 1439 1321 1633 1372; x_wconf 88' lang='lat' dir='ltr'><strong>Israeli</strong></span> <span class='ocrx_word' id='word_1_123' title='bbox 1648 1322 1770 1384; x_wconf 89' lang='lat' dir='ltr'><strong>jam</strong></span> <span class='ocrx_word' id='word_1_124' title='bbox 1793 1319 1985 1383; x_wconf 86' lang='lat' dir='ltr'><strong>perni-</strong></span> 
     </span>
    </p>
   </div>
   <div class='ocr_carea' id='block_1_19' title="bbox 385 1392 1984 1464">
    <p class='ocr_par' dir='ltr' id='par_1_19' title="bbox 385 1392 1984 1464">
     <span class='ocr_line' id='line_1_19' title="bbox 385 1392 1984 1464; baseline -0.011 -6"><span class='ocrx_word' id='word_1_125' title='bbox 385 1406 501 1457; x_wconf 90' lang='lat' dir='ltr'><strong>cies</strong></span> <span class='ocrx_word' id='word_1_126' title='bbox 517 1403 872 1464; x_wconf 89' lang='lat' dir='ltr'><strong>imminebat,</strong></span> <span class='ocrx_word' id='word_1_127' title='bbox 892 1399 1069 1450; x_wconf 88' lang='lat' dir='ltr'><strong>unius</strong></span> <span class='ocrx_word' id='word_1_128' title='bbox 1086 1400 1313 1448; x_wconf 89' lang='lat' dir='ltr'><strong>tantum</strong></span> <span class='ocrx_word' id='word_1_129' title='bbox 1330 1393 1507 1458; x_wconf 78' lang='lat' dir='ltr'><strong>partis</strong></span> <span class='ocrx_word' id='word_1_130' title='bbox 1524 1397 1571 1455; x_wconf 71' lang='lat' dir='ltr'><strong>ej</strong></span> <span class='ocrx_word' id='word_1_131' title='bbox 1584 1406 1652 1443; x_wconf 92' lang='lat' dir='ltr'><strong>us</strong></span> <span class='ocrx_word' id='word_1_132' title='bbox 1671 1392 1984 1456; x_wconf 89' lang='lat' dir='ltr'><strong>principem</strong></span> 
     </span>
    </p>
   </div>
   <div class='ocr_carea' id='block_1_20' title="bbox 384 1465 1691 1534">
    <p class='ocr_par' dir='ltr' id='par_1_20' title="bbox 384 1465 1691 1534">
     <span class='ocr_line' id='line_1_20' title="bbox 384 1465 1691 1534; baseline -0.011 -5"><span class='ocrx_word' id='word_1_133' title='bbox 384 1476 725 1534; x_wconf 88' lang='lat' dir='ltr'><strong>nominavit,</strong></span> <span class='ocrx_word' id='word_1_134' title='bbox 754 1474 864 1524; x_wconf 92' lang='lat' dir='ltr'><strong>sub</strong></span> <span class='ocrx_word' id='word_1_135' title='bbox 897 1483 1012 1533; x_wconf 88' lang='lat' dir='ltr'><strong>quo</strong></span> <span class='ocrx_word' id='word_1_136' title='bbox 1036 1468 1377 1533; x_wconf 88' lang='lat' dir='ltr'><strong>prophetare</strong></span> <span class='ocrx_word' id='word_1_137' title='bbox 1402 1465 1691 1527; x_wconf 75' lang='lat' dir='ltr'><strong>cmpisset.</strong></span> 
     </span>
    </p>
   </div>
   <div class='ocr_carea' id='block_1_21' title="bbox 447 1534 1985 1611">
    <p class='ocr_par' dir='ltr' id='par_1_21' title="bbox 447 1534 1985 1611">
     <span class='ocr_line' id='line_1_21' title="bbox 447 1534 1985 1611; baseline -0.013 -10"><span class='ocrx_word' id='word_1_138' title='bbox 447 1549 608 1611; x_wconf 83' lang='lat' dir='ltr'><strong>Quod</strong></span> <span class='ocrx_word' id='word_1_139' title='bbox 622 1551 816 1598; x_wconf 91' lang='lat' dir='ltr'><strong>autem</strong></span> <span class='ocrx_word' id='word_1_140' title='bbox 834 1541 1044 1608; x_wconf 80' lang='lat' dir='ltr'><strong>posuit,</strong></span> <span class='ocrx_word' id='word_1_141' title='bbox 1056 1538 1405 1602; x_wconf 80' lang='lat' dir='ltr'><strong>Principium</strong></span> <span class='ocrx_word' id='word_1_142' title='bbox 1422 1536 1674 1611; x_wconf 83' lang='lat' dir='ltr'><strong>loquendi</strong></span> <span class='ocrx_word' id='word_1_143' title='bbox 1688 1534 1985 1611; x_wconf 77' lang='lat' dir='ltr'><strong>Dominum</strong></span> 
     </span>
    </p>
   </div>
   <div class='ocr_carea' id='block_1_22' title="bbox 385 1606 1987 1681">
    <p class='ocr_par' dir='ltr' id='par_1_22' title="bbox 385 1606 1987 1681">
     <span class='ocr_line' id='line_1_22' title="bbox 385 1606 1987 1681; baseline -0.011 -10"><span class='ocrx_word' id='word_1_144' title='bbox 385 1621 445 1669; x_wconf 89' lang='lat' dir='ltr'><strong>in</strong></span> <span class='ocrx_word' id='word_1_145' title='bbox 468 1606 613 1681; x_wconf 73' lang='lat' dir='ltr'><strong>bsec,</strong></span> <span class='ocrx_word' id='word_1_146' title='bbox 648 1618 707 1669; x_wconf 91' lang='lat' dir='ltr'><strong>id</strong></span> <span class='ocrx_word' id='word_1_147' title='bbox 733 1606 1007 1667; x_wconf 84' lang='lat' dir='ltr'><strong>nimirum</strong></span> <span class='ocrx_word' id='word_1_148' title='bbox 1042 1611 1271 1663; x_wconf 90' lang='lat' dir='ltr'><strong>videtur</strong></span> <span class='ocrx_word' id='word_1_149' title='bbox 1301 1607 1622 1681; x_wconf 82' lang='lat' dir='ltr'><strong>ostendere,</strong></span> <span class='ocrx_word' id='word_1_150' title='bbox 1656 1606 1791 1669; x_wconf 89' lang='lat' dir='ltr'><strong>quia</strong></span> <span class='ocrx_word' id='word_1_151' title='bbox 1825 1606 1946 1669; x_wconf 88' lang='lat' dir='ltr'><strong>ipse</strong></span> <span class='ocrx_word' id='word_1_152' title='bbox 1960 1615 1987 1681; x_wconf 78' lang='lat'><strong>_-</strong></span> 
     </span>
    </p>
   </div>
   <div class='ocr_carea' id='block_1_23' title="bbox 385 1676 1979 1758">
    <p class='ocr_par' dir='ltr' id='par_1_23' title="bbox 385 1676 1979 1758">
     <span class='ocr_line' id='line_1_23' title="bbox 385 1676 1979 1758; baseline -0.012 -13"><span class='ocrx_word' id='word_1_153' title='bbox 385 1693 543 1758; x_wconf 85' lang='lat' dir='ltr'><strong>prius</strong></span> <span class='ocrx_word' id='word_1_154' title='bbox 569 1676 645 1742; x_wconf 92' lang='lat' dir='ltr'><strong>sit</strong></span> <span class='ocrx_word' id='word_1_155' title='bbox 665 1689 737 1742; x_wconf 89' lang='lat' dir='ltr'><strong>ad</strong></span> <span class='ocrx_word' id='word_1_156' title='bbox 758 1689 866 1739; x_wconf 83' lang='lat' dir='ltr'><strong>hoc</strong></span> <span class='ocrx_word' id='word_1_157' title='bbox 881 1697 1068 1758; x_wconf 84' lang='lat' dir='ltr'><strong>genus</strong></span> <span class='ocrx_word' id='word_1_158' title='bbox 1086 1680 1666 1758; x_wconf 48' lang='lat' dir='ltr'><strong>sermqniggdscitus,</strong></span> <span class='ocrx_word' id='word_1_159' title='bbox 1684 1690 1807 1758; x_wconf 79' lang='lat' dir='ltr'><strong>non</strong></span> <span class='ocrx_word' id='word_1_160' title='bbox 1828 1676 1979 1740; x_wconf 89' lang='lat' dir='ltr'><strong>quod</strong></span> 
     </span>
    </p>
   </div>
   <div class='ocr_carea' id='block_1_24' title="bbox 385 1748 1980 1829">
    <p class='ocr_par' dir='ltr' id='par_1_24' title="bbox 385 1748 1980 1829">
     <span class='ocr_line' id='line_1_24' title="bbox 385 1748 1980 1829; baseline -0.012 -13"><span class='ocrx_word' id='word_1_161' title='bbox 385 1748 679 1829; x_wconf 70' lang='lat' dir='ltr'><strong>prophetae</strong></span> <span class='ocrx_word' id='word_1_162' title='bbox 704 1764 838 1811; x_wconf 90' lang='lat' dir='ltr'><strong>ante</strong></span> <span class='ocrx_word' id='word_1_163' title='bbox 852 1748 972 1808; x_wconf 86' lang='lat' dir='ltr'><strong>non</strong></span> <span class='ocrx_word' id='word_1_164' title='bbox 992 1755 1223 1829; x_wconf 82' lang='lat' dir='ltr'><strong>fuerint,</strong></span> <span class='ocrx_word' id='word_1_165' title='bbox 1453 1763 1587 1802; x_wconf 92' lang='lat' dir='ltr'><strong>cum</strong></span> <span class='ocrx_word' id='word_1_166' title='bbox 1603 1752 1670 1829; x_wconf 37' lang='lat' dir='ltr'><strong>et.</strong></span> <span class='ocrx_word' id='word_1_167' title='bbox 1683 1751 1980 1801; x_wconf 88' lang='lat' dir='ltr'><strong>beatorum</strong></span> 
     </span>
    </p>
   </div>
   <div class='ocr_carea' id='block_1_25' title="bbox 386 1821 1982 1887">
    <p class='ocr_par' dir='ltr' id='par_1_25' title="bbox 386 1821 1982 1887">
     <span class='ocr_line' id='line_1_25' title="bbox 386 1821 1982 1887; baseline -0.012 0"><span class='ocrx_word' id='word_1_168' title='bbox 386 1821 567 1887; x_wconf 64' lang='lat' dir='ltr'><strong>Heliae</strong></span> <span class='ocrx_word' id='word_1_169' title='bbox 590 1838 648 1885; x_wconf 93' lang='lat' dir='ltr'><strong>et</strong></span> <span class='ocrx_word' id='word_1_170' title='bbox 672 1829 906 1884; x_wconf 67' lang='lat' dir='ltr'><strong>Helisaai</strong></span> <span class='ocrx_word' id='word_1_171' title='bbox 929 1833 986 1880; x_wconf 90' lang='lat' dir='ltr'><strong>et</strong></span> <span class='ocrx_word' id='word_1_172' title='bbox 1012 1827 1254 1877; x_wconf 89' lang='lat' dir='ltr'><strong>aliorum</strong></span> <span class='ocrx_word' id='word_1_173' title='bbox 1278 1824 1543 1887; x_wconf 89' lang='lat' dir='ltr'><strong>plurium,</strong></span> <span class='ocrx_word' id='word_1_174' title='bbox 1569 1821 1772 1873; x_wconf 88' lang='lat' dir='ltr'><strong>eadem</strong></span> <span class='ocrx_word' id='word_1_175' title='bbox 1810 1835 1982 1881; x_wconf 85' lang='lat' dir='ltr'><strong>regum</strong></span> 
     </span>
    </p>
   </div>
   <div class='ocr_carea' id='block_1_26' title="bbox 385 1892 1984 1967">
    <p class='ocr_par' dir='ltr' id='par_1_26' title="bbox 385 1892 1984 1967">
     <span class='ocr_line' id='line_1_26' title="bbox 385 1892 1984 1967; baseline -0.011 -8"><span class='ocrx_word' id='word_1_176' title='bbox 385 1907 647 1967; x_wconf 85' lang='lat' dir='ltr'><strong>historia,</strong></span> <span class='ocrx_word' id='word_1_177' title='bbox 661 1908 828 1967; x_wconf 79' lang='lat' dir='ltr'><strong>gesta</strong></span> <span class='ocrx_word' id='word_1_178' title='bbox 841 1901 1110 1961; x_wconf 88' lang='lat' dir='ltr'><strong>dictaque</strong></span> <span class='ocrx_word' id='word_1_179' title='bbox 1125 1898 1562 1967; x_wconf 84' lang='lat' dir='ltr'><strong>commemoret;</strong></span> <span class='ocrx_word' id='word_1_180' title='bbox 1594 1893 1696 1967; x_wconf 84' lang='lat' dir='ltr'><strong>sed</strong></span> <span class='ocrx_word' id='word_1_181' title='bbox 1717 1892 1872 1967; x_wconf 90' lang='lat' dir='ltr'><strong>quod</strong></span> <span class='ocrx_word' id='word_1_182' title='bbox 1897 1904 1984 1942; x_wconf 89' lang='lat' dir='ltr'><strong>eo-</strong></span> 
     </span>
    </p>
   </div>
   <div class='ocr_carea' id='block_1_27' title="bbox 384 1965 1985 2038">
    <p class='ocr_par' dir='ltr' id='par_1_27' title="bbox 384 1965 1985 2038">
     <span class='ocr_line' id='line_1_27' title="bbox 384 1965 1985 2038; baseline -0.012 -8"><span class='ocrx_word' id='word_1_183' title='bbox 384 1990 512 2029; x_wconf 91' lang='lat' dir='ltr'><strong>rum</strong></span> <span class='ocrx_word' id='word_1_184' title='bbox 527 1965 788 2038; x_wconf 83' lang='lat' dir='ltr'><strong>auisque,</strong></span> <span class='ocrx_word' id='word_1_185' title='bbox 810 1974 960 2037; x_wconf 87' lang='lat' dir='ltr'><strong>quod</strong></span> <span class='ocrx_word' id='word_1_186' title='bbox 978 1966 1439 2034; x_wconf 68' lang='lat' dir='ltr'><strong>prmnunciabat,</strong></span> <span class='ocrx_word' id='word_1_187' title='bbox 1459 1965 1633 2016; x_wconf 90' lang='lat' dir='ltr'><strong>etiam</strong></span> <span class='ocrx_word' id='word_1_188' title='bbox 1651 1965 1827 2015; x_wconf 82' lang='lat' dir='ltr'><strong>literis</strong></span> <span class='ocrx_word' id='word_1_189' title='bbox 1844 1979 1985 2010; x_wconf 87' lang='lat' dir='ltr'><strong>man-</strong></span> 
     </span>
    </p>
   </div>
   <div class='ocr_carea' id='block_1_28' title="bbox 385 2037 1983 2109">
    <p class='ocr_par' dir='ltr' id='par_1_28' title="bbox 385 2037 1983 2109">
     <span class='ocr_line' id='line_1_28' title="bbox 385 2037 1983 2109; baseline -0.011 -7"><span class='ocrx_word' id='word_1_190' title='bbox 385 2049 521 2101; x_wconf 90' lang='lat' dir='ltr'><strong>dare</strong></span> <span class='ocrx_word' id='word_1_191' title='bbox 544 2048 618 2099; x_wconf 89' lang='lat' dir='ltr'><strong>ad</strong></span> <span class='ocrx_word' id='word_1_192' title='bbox 642 2037 1053 2109; x_wconf 83' lang='lat' dir='ltr'><strong>sempiternam</strong></span> <span class='ocrx_word' id='word_1_193' title='bbox 1075 2038 1436 2099; x_wconf 89' lang='lat' dir='ltr'><strong>memoriam,</strong></span> <span class='ocrx_word' id='word_1_194' title='bbox 1456 2037 1817 2109; x_wconf 78' lang='lat' dir='ltr'><strong>juberentur,</strong></span> <span class='ocrx_word' id='word_1_195' title='bbox 1843 2047 1983 2091; x_wconf 81' lang='lat' dir='ltr'><strong>ope-</strong></span> 
     </span>
    </p>
   </div>
   <div class='ocr_carea' id='block_1_29' title="bbox 387 2106 1983 2181">
    <p class='ocr_par' dir='ltr' id='par_1_29' title="bbox 387 2106 1983 2181">
     <span class='ocr_line' id='line_1_29' title="bbox 387 2106 1983 2181; baseline -0.011 -8"><span class='ocrx_word' id='word_1_196' title='bbox 387 2133 510 2172; x_wconf 88' lang='lat' dir='ltr'><strong>ram</strong></span> <span class='ocrx_word' id='word_1_197' title='bbox 539 2120 685 2171; x_wconf 89' lang='lat' dir='ltr'><strong>Osee</strong></span> <span class='ocrx_word' id='word_1_198' title='bbox 710 2106 932 2181; x_wconf 78' lang='lat' dir='ltr'><strong>primus</strong></span> <span class='ocrx_word' id='word_1_199' title='bbox 961 2110 1323 2163; x_wconf 89' lang='lat' dir='ltr'><strong>assumserit.</strong></span> <span class='ocrx_word' id='word_1_200' title='bbox 1353 2110 1467 2159; x_wconf 88' lang='lat' dir='ltr'><strong>Nec</strong></span> <span class='ocrx_word' id='word_1_201' title='bbox 1491 2120 1631 2181; x_wconf 89' lang='lat' dir='ltr'><strong>sane</strong></span> <span class='ocrx_word' id='word_1_202' title='bbox 1651 2106 1983 2163; x_wconf 75' lang='lat' dir='ltr'><strong>difﬁtemur,</strong></span> 
     </span>
    </p>
   </div>
   <div class='ocr_carea' id='block_1_30' title="bbox 389 2180 1987 2246">
    <p class='ocr_par' dir='ltr' id='par_1_30' title="bbox 389 2180 1987 2246">
     <span class='ocr_line' id='line_1_30' title="bbox 389 2180 1987 2246; baseline -0.013 -2"><span class='ocrx_word' id='word_1_203' title='bbox 389 2193 622 2243; x_wconf 89' lang='lat' dir='ltr'><strong>beatum</strong></span> <span class='ocrx_word' id='word_1_204' title='bbox 645 2180 831 2240; x_wconf 80' lang='lat' dir='ltr'><strong>David</strong></span> <span class='ocrx_word' id='word_1_205' title='bbox 846 2190 903 2236; x_wconf 93' lang='lat' dir='ltr'><strong>et</strong></span> <span class='ocrx_word' id='word_1_206' title='bbox 920 2181 1409 2246; x_wconf 88' lang='lat' dir='ltr'><strong>sapientissimum</strong></span> <span class='ocrx_word' id='word_1_207' title='bbox 1426 2180 1810 2240; x_wconf 83' lang='lat' dir='ltr'><strong>Salomonem,</strong></span> <span class='ocrx_word' id='word_1_208' title='bbox 1828 2181 1987 2224; x_wconf 77' lang='lat' dir='ltr'><strong>Evan-</strong></span> 
     </span>
    </p>
   </div>
   <div class='ocr_carea' id='block_1_31' title="bbox 386 2248 1987 2325">
    <p class='ocr_par' dir='ltr' id='par_1_31' title="bbox 386 2248 1987 2325">
     <span class='ocr_line' id='line_1_31' title="bbox 386 2248 1987 2325; baseline -0.012 -11"><span class='ocrx_word' id='word_1_209' title='bbox 386 2263 535 2325; x_wconf 91' lang='lat' dir='ltr'><strong>gelio</strong></span> <span class='ocrx_word' id='word_1_210' title='bbox 550 2267 607 2311; x_wconf 89' lang='lat' dir='ltr'><strong>et</strong></span> <span class='ocrx_word' id='word_1_211' title='bbox 622 2255 916 2322; x_wconf 77' lang='lat' dir='ltr'><strong>Apostolis</strong></span> <span class='ocrx_word' id='word_1_212' title='bbox 932 2250 1500 2325; x_wconf 79' lang='lat' dir='ltr'><strong>testibus,_legitimo_s</strong></span> <span class='ocrx_word' id='word_1_213' title='bbox 1516 2248 1842 2325; x_wconf 73' lang='lat' dir='ltr'><strong>praphetas,</strong></span> <span class='ocrx_word' id='word_1_214' title='bbox 1855 2250 1987 2296; x_wconf 84' lang='lat' dir='ltr'><strong>dicta</strong></span> 
     </span>
    </p>
   </div>
   <div class='ocr_carea' id='block_1_32' title="bbox 389 2319 1984 2387">
    <p class='ocr_par' dir='ltr' id='par_1_32' title="bbox 389 2319 1984 2387">
     <span class='ocr_line' id='line_1_32' title="bbox 389 2319 1984 2387; baseline -0.009 -2"><span class='ocrx_word' id='word_1_215' title='bbox 389 2319 498 2384; x_wconf 70' lang='lat' dir='ltr'><strong>sua</strong></span> <span class='ocrx_word' id='word_1_216' title='bbox 528 2319 710 2383; x_wconf 80' lang='lat' dir='ltr'><strong>literis</strong></span> <span class='ocrx_word' id='word_1_217' title='bbox 744 2326 1081 2387; x_wconf 84' lang='lat' dir='ltr'><strong>tradidisse;</strong></span> <span class='ocrx_word' id='word_1_218' title='bbox 1121 2323 1223 2373; x_wconf 89' lang='lat' dir='ltr'><strong>sed</strong></span> <span class='ocrx_word' id='word_1_219' title='bbox 1248 2327 1439 2371; x_wconf 88' lang='lat' dir='ltr'><strong>tamen</strong></span> <span class='ocrx_word' id='word_1_220' title='bbox 1469 2321 1618 2370; x_wconf 88' lang='lat' dir='ltr'><strong>inter</strong></span> <span class='ocrx_word' id='word_1_221' title='bbox 1647 2319 1775 2370; x_wconf 90' lang='lat' dir='ltr'><strong>illos</strong></span> <span class='ocrx_word' id='word_1_222' title='bbox 1812 2326 1984 2382; x_wconf 89' lang='lat' dir='ltr'><strong>atque</strong></span> 
     </span>
    </p>
   </div>
   <div class='ocr_carea' id='block_1_33' title="bbox 387 2390 1981 2462">
    <p class='ocr_par' dir='ltr' id='par_1_33' title="bbox 387 2390 1981 2462">
     <span class='ocr_line' id='line_1_33' title="bbox 387 2390 1981 2462; baseline -0.009 -8"><span class='ocrx_word' id='word_1_223' title='bbox 387 2403 629 2454; x_wconf 82' lang='lat' dir='ltr'><strong>istorum</strong></span> <span class='ocrx_word' id='word_1_224' title='bbox 669 2399 898 2462; x_wconf 90' lang='lat' dir='ltr'><strong>scripta,</strong></span> <span class='ocrx_word' id='word_1_225' title='bbox 933 2408 1079 2459; x_wconf 91' lang='lat' dir='ltr'><strong>quos</strong></span> <span class='ocrx_word' id='word_1_226' title='bbox 1104 2394 1123 2421; x_wconf 75' lang='grc'><em>’³</em></span> <span class='ocrx_word' id='word_1_227' title='bbox 1146 2405 1304 2455; x_wconf 84' lang='lat' dir='ltr'><strong>nunc</strong></span> <span class='ocrx_word' id='word_1_228' title='bbox 1335 2390 1638 2462; x_wconf 84' lang='lat' dir='ltr'><strong>explanare</strong></span> <span class='ocrx_word' id='word_1_229' title='bbox 1672 2395 1981 2453; x_wconf 89' lang='lat' dir='ltr'><strong>tentamus,</strong></span> 
     </span>
    </p>
   </div>
   <div class='ocr_carea' id='block_1_34' title="bbox 387 2460 1983 2538">
    <p class='ocr_par' dir='ltr' id='par_1_34' title="bbox 387 2460 1983 2538">
     <span class='ocr_line' id='line_1_34' title="bbox 387 2460 1983 2538; baseline -0.009 -12"><span class='ocrx_word' id='word_1_230' title='bbox 387 2487 507 2526; x_wconf 92' lang='lat' dir='ltr'><strong>non</strong></span> <span class='ocrx_word' id='word_1_231' title='bbox 528 2484 762 2538; x_wconf 89' lang='lat' dir='ltr'><strong>parvam</strong></span> <span class='ocrx_word' id='word_1_232' title='bbox 783 2460 914 2521; x_wconf 80' lang='lat' dir='ltr'><strong>esse</strong></span> <span class='ocrx_word' id='word_1_233' title='bbox 941 2464 1320 2538; x_wconf 71' lang='lat' dir='ltr'><strong>differentiam</strong></span> <span class='ocrx_word' id='word_1_234' title='bbox 1344 2462 1561 2538; x_wconf 80' lang='lat' dir='ltr'><strong>peritus</strong></span> <span class='ocrx_word' id='word_1_235' title='bbox 1584 2460 1763 2538; x_wconf 77' lang='lat' dir='ltr'><strong>lector</strong></span> <span class='ocrx_word' id='word_1_236' title='bbox 1782 2463 1983 2538; x_wconf 80' lang='lat' dir='ltr'><strong>adver-</strong></span> 
     </span>
    </p>
   </div>
   <div class='ocr_carea' id='block_1_35' title="bbox 387 2532 1987 2601">
    <p class='ocr_par' dir='ltr' id='par_1_35' title="bbox 387 2532 1987 2601">
     <span class='ocr_line' id='line_1_35' title="bbox 387 2532 1987 2601; baseline -0.01 -3"><span class='ocrx_word' id='word_1_237' title='bbox 387 2548 486 2598; x_wconf 89' lang='lat' dir='ltr'><strong>tet.</strong></span> <span class='ocrx_word' id='word_1_238' title='bbox 513 2532 599 2595; x_wconf 70' lang='lat' dir='ltr'><strong>illi</strong></span> <span class='ocrx_word' id='word_1_239' title='bbox 624 2544 779 2595; x_wconf 90' lang='lat' dir='ltr'><strong>enim</strong></span> <span class='ocrx_word' id='word_1_240' title='bbox 794 2541 927 2592; x_wconf 88' lang='lat' dir='ltr'><strong>licet</strong></span> <span class='ocrx_word' id='word_1_241' title='bbox 948 2537 1140 2601; x_wconf 89' lang='lat' dir='ltr'><strong>aliqua</strong></span> <span class='ocrx_word' id='word_1_242' title='bbox 1163 2536 1234 2586; x_wconf 89' lang='lat' dir='ltr'><strong>de</strong></span> <span class='ocrx_word' id='word_1_243' title='bbox 1259 2533 1453 2599; x_wconf 89' lang='lat' dir='ltr'><strong>populi</strong></span> <span class='ocrx_word' id='word_1_244' title='bbox 1478 2533 1808 2596; x_wconf 87' lang='lat' dir='ltr'><strong>captivitate</strong></span> <span class='ocrx_word' id='word_1_245' title='bbox 1833 2532 1987 2584; x_wconf 85' lang='lat' dir='ltr'><strong>dixe-</strong></span> 
     </span>
    </p>
   </div>
   <div class='ocr_carea' id='block_1_36' title="bbox 387 2605 1985 2679">
    <p class='ocr_par' dir='ltr' id='par_1_36' title="bbox 387 2605 1985 2679">
     <span class='ocr_line' id='line_1_36' title="bbox 387 2605 1985 2679; baseline -0.011 -9"><span class='ocrx_word' id='word_1_246' title='bbox 387 2618 522 2679; x_wconf 89' lang='lat' dir='ltr'><strong>rint,</strong></span> <span class='ocrx_word' id='word_1_247' title='bbox 549 2620 738 2667; x_wconf 89' lang='lat' dir='ltr'><strong>tamen</strong></span> <span class='ocrx_word' id='word_1_248' title='bbox 754 2612 920 2676; x_wconf 90' lang='lat' dir='ltr'><strong>quasi</strong></span> <span class='ocrx_word' id='word_1_249' title='bbox 936 2608 1147 2673; x_wconf 88' lang='lat' dir='ltr'><strong>quietis</strong></span> <span class='ocrx_word' id='word_1_250' title='bbox 1161 2605 1556 2679; x_wconf 13' lang='lat' dir='ltr'><strong>mentibus,tid</strong></span> <span class='ocrx_word' id='word_1_251' title='bbox 1578 2609 1687 2679; x_wconf 83' lang='lat' dir='ltr'><strong>est,</strong></span> <span class='ocrx_word' id='word_1_252' title='bbox 1706 2607 1849 2653; x_wconf 84' lang='lat' dir='ltr'><strong>nulla</strong></span> <span class='ocrx_word' id='word_1_253' title='bbox 1863 2606 1985 2653; x_wconf 86' lang='lat' dir='ltr'><strong>mali</strong></span> 
     </span>
    </p>
   </div>
   <div class='ocr_carea' id='block_1_37' title="bbox 390 2675 1987 2747">
    <p class='ocr_par' dir='ltr' id='par_1_37' title="bbox 390 2675 1987 2747">
     <span class='ocr_line' id='line_1_37' title="bbox 390 2675 1987 2747; baseline -0.01 -7"><span class='ocrx_word' id='word_1_254' title='bbox 390 2675 684 2740; x_wconf 87' lang='lat' dir='ltr'><strong>vicinitate</strong></span> <span class='ocrx_word' id='word_1_255' title='bbox 712 2675 1153 2747; x_wconf 79' lang='lat' dir='ltr'><strong>trepidantibus,</strong></span> <span class='ocrx_word' id='word_1_256' title='bbox 1182 2690 1249 2729; x_wconf 91' lang='lat' dir='ltr'>ea</span> <span class='ocrx_word' id='word_1_257' title='bbox 1265 2688 1396 2740; x_wconf 61' lang='lat' dir='ltr'><strong>quae</strong></span> <span class='ocrx_word' id='word_1_258' title='bbox 1419 2675 1557 2726; x_wconf 89' lang='lat' dir='ltr'><strong>olim</strong></span> <span class='ocrx_word' id='word_1_259' title='bbox 1582 2675 1700 2727; x_wconf 86' lang='lat' dir='ltr'><strong>fore</strong></span> <span class='ocrx_word' id='word_1_260' title='bbox 1721 2690 1987 2736; x_wconf 84' lang='lat' dir='ltr'><strong>conspexe-</strong></span> 
     </span>
    </p>
   </div>
   <div class='ocr_carea' id='block_1_38' title="bbox 389 2747 1984 2822">
    <p class='ocr_par' dir='ltr' id='par_1_38' title="bbox 389 2747 1984 2822">
     <span class='ocr_line' id='line_1_38' title="bbox 389 2747 1984 2822; baseline -0.008 -12"><span class='ocrx_word' id='word_1_261' title='bbox 389 2764 536 2821; x_wconf 87' lang='lat' dir='ltr'><strong>rant,</strong></span> <span class='ocrx_word' id='word_1_262' title='bbox 554 2756 963 2822; x_wconf 67' lang='lat' dir='ltr'><strong>praacinebant.</strong></span> <span class='ocrx_word' id='word_1_263' title='bbox 989 2752 1061 2803; x_wconf 73' lang='lat' dir='ltr'><strong>ili</strong></span> <span class='ocrx_word' id='word_1_264' title='bbox 1075 2756 1273 2802; x_wconf 89' lang='lat' dir='ltr'><strong>autem</strong></span> <span class='ocrx_word' id='word_1_265' title='bbox 1287 2752 1436 2822; x_wconf 85' lang='lat' dir='ltr'><strong>inter</strong></span> <span class='ocrx_word' id='word_1_266' title='bbox 1449 2749 1609 2822; x_wconf 88' lang='lat' dir='ltr'><strong>ipsos</strong></span> <span class='ocrx_word' id='word_1_267' title='bbox 1623 2748 1797 2812; x_wconf 88' lang='lat' dir='ltr'><strong>positi</strong></span> <span class='ocrx_word' id='word_1_268' title='bbox 1822 2747 1984 2822; x_wconf 84' lang='lat' dir='ltr'><strong>ultio-</strong></span> 
     </span>
    </p>
   </div>
   <div class='ocr_carea' id='block_1_39' title="bbox 389 2820 1985 2893">
    <p class='ocr_par' dir='ltr' id='par_1_39' title="bbox 389 2820 1985 2893">
     <span class='ocr_line' id='line_1_39' title="bbox 389 2820 1985 2893; baseline -0.01 -10"><span class='ocrx_word' id='word_1_269' title='bbox 389 2820 534 2884; x_wconf 92' lang='lat' dir='ltr'><strong>num</strong></span> <span class='ocrx_word' id='word_1_270' title='bbox 555 2820 828 2893; x_wconf 67' lang='lat' dir='ltr'><strong>fragores,</strong></span> <span class='ocrx_word' id='word_1_271' title='bbox 863 2824 1122 2889; x_wconf 88' lang='lat' dir='ltr'><strong>attonitis</strong></span> <span class='ocrx_word' id='word_1_272' title='bbox 1146 2820 1380 2873; x_wconf 89' lang='lat' dir='ltr'><strong>omnino</strong></span> <span class='ocrx_word' id='word_1_273' title='bbox 1404 2821 1749 2893; x_wconf 83' lang='lat' dir='ltr'><strong>pectoribus,</strong></span> <span class='ocrx_word' id='word_1_274' title='bbox 1777 2820 1871 2882; x_wconf 86' lang='lat' dir='ltr'><strong>qui</strong></span> <span class='ocrx_word' id='word_1_275' title='bbox 1879 2833 1985 2893; x_wconf 71' lang='lat' dir='ltr'><strong>ppe</strong></span> 
     </span>
    </p>
   </div>
   <div class='ocr_carea' id='block_1_40' title="bbox 390 2891 1984 2966">
    <p class='ocr_par' dir='ltr' id='par_1_40' title="bbox 390 2891 1984 2966">
     <span class='ocr_line' id='line_1_40' title="bbox 390 2891 1984 2966; baseline -0.01 -12"><span class='ocrx_word' id='word_1_276' title='bbox 390 2903 489 2966; x_wconf 91' lang='lat' dir='ltr'><strong>qui</strong></span> <span class='ocrx_word' id='word_1_277' title='bbox 513 2891 903 2953; x_wconf 81' lang='lat' dir='ltr'><strong>calamitatum</strong></span> <span class='ocrx_word' id='word_1_278' title='bbox 918 2897 1092 2948; x_wconf 88' lang='lat' dir='ltr'><strong>etiam</strong></span> <span class='ocrx_word' id='word_1_279' title='bbox 1108 2893 1410 2959; x_wconf 87' lang='lat' dir='ltr'><strong>participes</strong></span> <span class='ocrx_word' id='word_1_280' title='bbox 1427 2891 1820 2954; x_wconf 89' lang='lat' dir='ltr'><strong>redderentur,</strong></span> <span class='ocrx_word' id='word_1_281' title='bbox 1837 2892 1984 2951; x_wconf 81' lang='lat' dir='ltr'><strong>quasi</strong></span> 
     </span>
    </p>
   </div>
   <div class='ocr_carea' id='block_1_41' title="bbox 391 2967 1987 3037">
    <p class='ocr_par' dir='ltr' id='par_1_41' title="bbox 391 2967 1987 3037">
     <span class='ocr_line' id='line_1_41' title="bbox 391 2967 1987 3037; baseline -0.011 -11"><span class='ocrx_word' id='word_1_282' title='bbox 391 2972 733 3037; x_wconf 89' lang='lat' dir='ltr'><strong>lacrymosis</strong></span> <span class='ocrx_word' id='word_1_283' title='bbox 754 2969 1053 3035; x_wconf 89' lang='lat' dir='ltr'><strong>questibus</strong></span> <span class='ocrx_word' id='word_1_284' title='bbox 1078 2970 1267 3018; x_wconf 85' lang='lat' dir='ltr'><strong>totum</strong></span> <span class='ocrx_word' id='word_1_285' title='bbox 1293 2972 1653 3037; x_wconf 79' lang='lat' dir='ltr'><strong>exsequuntur,</strong></span> <span class='ocrx_word' id='word_1_286' title='bbox 1683 2969 1731 3011; x_wconf 87' lang='lat' dir='ltr'><strong>et</strong></span> <span class='ocrx_word' id='word_1_287' title='bbox 1758 2967 1987 3011; x_wconf 80' lang='lat' dir='ltr'><strong>allectum</strong></span> 
     </span>
    </p>
   </div>
   <div class='ocr_carea' id='block_1_42' title="bbox 396 3035 1992 3105">
    <p class='ocr_par' dir='ltr' id='par_1_42' title="bbox 396 3035 1992 3105">
     <span class='ocr_line' id='line_1_42' title="bbox 396 3035 1992 3105; baseline -0.009 -8"><span class='ocrx_word' id='word_1_288' title='bbox 396 3035 623 3097; x_wconf 88' lang='lat' dir='ltr'><strong>Domini</strong></span> <span class='ocrx_word' id='word_1_289' title='bbox 646 3043 831 3094; x_wconf 89' lang='lat' dir='ltr'><strong>nostri</strong></span> <span class='ocrx_word' id='word_1_290' title='bbox 856 3041 977 3105; x_wconf 91' lang='lat' dir='ltr'><strong>,qui</strong></span> <span class='ocrx_word' id='word_1_291' title='bbox 997 3038 1070 3089; x_wconf 89' lang='lat' dir='ltr'><strong>ad</strong></span> <span class='ocrx_word' id='word_1_292' title='bbox 1096 3035 1502 3089; x_wconf 89' lang='lat' dir='ltr'><strong>vindicandum</strong></span> <span class='ocrx_word' id='word_1_293' title='bbox 1517 3036 1690 3085; x_wconf 90' lang='lat' dir='ltr'><strong>nimis</strong></span> <span class='ocrx_word' id='word_1_294' title='bbox 1713 3046 1865 3099; x_wconf 72' lang='lat' dir='ltr'><strong>mgre</strong></span> <span class='ocrx_word' id='word_1_295' title='bbox 1896 3047 1992 3085; x_wconf 91' lang='lat' dir='ltr'><strong>co-</strong></span> 
     </span>
    </p>
   </div>
   <div class='ocr_carea' id='block_1_43' title="bbox 2008 1702 2061 1775">
    <p class='ocr_par' dir='ltr' id='par_1_43' title="bbox 2008 1702 2061 1775">
     <span class='ocr_line' id='line_1_43' title="bbox 2008 1702 2061 1775; baseline 0 0"><span class='ocrx_word' id='word_1_296' title='bbox 2008 1702 2061 1775; x_wconf 92' lang='lat' dir='ltr'><strong>B</strong></span> 
     </span>
    </p>
   </div>
   <div class='ocr_carea' id='block_1_44' title="bbox 2086 393 3709 458">
    <p class='ocr_par' dir='ltr' id='par_1_44' title="bbox 2086 393 3709 458">
     <span class='ocr_line' id='line_1_44' title="bbox 2086 393 3709 458; baseline -0.001 -13"><span class='ocrx_word' id='word_1_297' title='bbox 2086 393 2451 445; x_wconf 68' lang='lat' dir='ltr'><strong>contumelias</strong></span> <span class='ocrx_word' id='word_1_298' title='bbox 2476 404 2707 457; x_wconf 91' lang='lat' dir='ltr'><strong>quoque</strong></span> <span class='ocrx_word' id='word_1_299' title='bbox 2727 393 2879 458; x_wconf 90' lang='lat' dir='ltr'><strong>paris</strong></span> <span class='ocrx_word' id='word_1_300' title='bbox 2900 394 2962 445; x_wconf 89' lang='lat' dir='ltr'><strong>in</strong></span> <span class='ocrx_word' id='word_1_301' title='bbox 2987 406 3053 444; x_wconf 90' lang='lat' dir='ltr'><strong>se</strong></span> <span class='ocrx_word' id='word_1_302' title='bbox 3060 395 3203 457; x_wconf 90' lang='lat' dir='ltr'><strong>jure</strong></span> <span class='ocrx_word' id='word_1_303' title='bbox 3233 393 3421 455; x_wconf 85' lang='lat' dir='ltr'><strong>[Forte</strong></span> <span class='ocrx_word' id='word_1_304' title='bbox 3432 393 3589 457; x_wconf 71' lang='lat' dir='ltr'><strong>jura]</strong></span> <span class='ocrx_word' id='word_1_305' title='bbox 3613 399 3709 445; x_wconf 84' lang='lat' dir='ltr'><strong>tur-</strong></span> 
     </span>
    </p>
   </div>
   <div class='ocr_carea' id='block_1_45' title="bbox 2085 464 3709 529">
    <p class='ocr_par' dir='ltr' id='par_1_45' title="bbox 2085 464 3709 529">
     <span class='ocr_line' id='line_1_45' title="bbox 2085 464 3709 529; baseline 0.001 -13"><span class='ocrx_word' id='word_1_306' title='bbox 2085 466 2248 517; x_wconf 88' lang='lat' dir='ltr'><strong>baret</strong></span> <span class='ocrx_word' id='word_1_307' title='bbox 2270 480 2282 515; x_wconf 92' lang='lat'>:</span> <span class='ocrx_word' id='word_1_308' title='bbox 2304 469 2365 515; x_wconf 91' lang='lat' dir='ltr'><strong>ut</strong></span> <span class='ocrx_word' id='word_1_309' title='bbox 2383 464 2619 517; x_wconf 68' lang='lat' dir='ltr'><strong>incertm</strong></span> <span class='ocrx_word' id='word_1_310' title='bbox 2643 465 2858 516; x_wconf 88' lang='lat' dir='ltr'><strong>sobolis</strong></span> <span class='ocrx_word' id='word_1_311' title='bbox 2889 465 3123 529; x_wconf 85' lang='lat' dir='ltr'><strong>genitor</strong></span> <span class='ocrx_word' id='word_1_312' title='bbox 3157 464 3536 527; x_wconf 87' lang='lat' dir='ltr'><strong>crederetur,</strong></span> <span class='ocrx_word' id='word_1_313' title='bbox 3562 468 3709 528; x_wconf 79' lang='lat' dir='ltr'><strong>quasi</strong></span> 
     </span>
    </p>
   </div>
   <div class='ocr_carea' id='block_1_46' title="bbox 2085 536 3325 599">
    <p class='ocr_par' dir='ltr' id='par_1_46' title="bbox 2085 536 3325 599">
     <span class='ocr_line' id='line_1_46' title="bbox 2085 536 3325 599; baseline -0.002 -12"><span class='ocrx_word' id='word_1_314' title='bbox 2085 538 2183 599; x_wconf 90' lang='lat' dir='ltr'><strong>qui</strong></span> <span class='ocrx_word' id='word_1_315' title='bbox 2208 536 2358 587; x_wconf 82' lang='lat' dir='ltr'><strong>ﬁlios</strong></span> <span class='ocrx_word' id='word_1_316' title='bbox 2380 536 2585 587; x_wconf 82' lang='lat' dir='ltr'><strong>alienae</strong></span> <span class='ocrx_word' id='word_1_317' title='bbox 2614 536 3013 587; x_wconf 77' lang='lat' dir='ltr'><strong>obsccenitatis</strong></span> <span class='ocrx_word' id='word_1_318' title='bbox 3038 536 3325 588; x_wconf 88' lang='lat' dir='ltr'><strong>aluisset.</strong></span> 
     </span>
    </p>
   </div>
   <div class='ocr_carea' id='block_1_47' title="bbox 2148 607 3703 672">
    <p class='ocr_par' dir='ltr' id='par_1_47' title="bbox 2148 607 3703 672">
     <span class='ocr_line' id='line_1_47' title="bbox 2148 607 3703 672; baseline 0.001 -13"><span class='ocrx_word' id='word_1_319' title='bbox 2148 610 2276 659; x_wconf 89' lang='lat' dir='ltr'><strong>Non</strong></span> <span class='ocrx_word' id='word_1_320' title='bbox 2299 620 2391 658; x_wconf 93' lang='lat' dir='ltr'><strong>me</strong></span> <span class='ocrx_word' id='word_1_321' title='bbox 2406 612 2603 658; x_wconf 90' lang='lat' dir='ltr'><strong>autem</strong></span> <span class='ocrx_word' id='word_1_322' title='bbox 2632 607 2779 672; x_wconf 81' lang='lat' dir='ltr'>fugit</span> <span class='ocrx_word' id='word_1_323' title='bbox 2803 612 3026 671; x_wconf 89' lang='lat' dir='ltr'><strong>quanta</strong></span> <span class='ocrx_word' id='word_1_324' title='bbox 3053 608 3382 659; x_wconf 84' lang='lat' dir='ltr'><strong>doctorum</strong></span> <span class='ocrx_word' id='word_1_325' title='bbox 3411 607 3703 661; x_wconf 72' lang='lat' dir='ltr'><strong>hominum</strong></span> 
     </span>
    </p>
   </div>
   <div class='ocr_carea' id='block_1_48' title="bbox 2084 677 3707 742">
    <p class='ocr_par' dir='ltr' id='par_1_48' title="bbox 2084 677 3707 742">
     <span class='ocr_line' id='line_1_48' title="bbox 2084 677 3707 742; baseline 0.001 -13"><span class='ocrx_word' id='word_1_326' title='bbox 2084 679 2254 730; x_wconf 86' lang='lat' dir='ltr'><strong>fuerit</strong></span> <span class='ocrx_word' id='word_1_327' title='bbox 2277 679 2337 729; x_wconf 91' lang='lat' dir='ltr'><strong>in</strong></span> <span class='ocrx_word' id='word_1_328' title='bbox 2361 677 2467 729; x_wconf 89' lang='lat' dir='ltr'><strong>loci</strong></span> <span class='ocrx_word' id='word_1_329' title='bbox 2490 678 2662 728; x_wconf 88' lang='lat' dir='ltr'><strong>istius</strong></span> <span class='ocrx_word' id='word_1_330' title='bbox 2695 678 2963 742; x_wconf 89' lang='lat' dir='ltr'><strong>opinione</strong></span> <span class='ocrx_word' id='word_1_331' title='bbox 2988 678 3324 740; x_wconf 84' lang='lat' dir='ltr'><strong>contentio,</strong></span> <span class='ocrx_word' id='word_1_332' title='bbox 3352 680 3441 729; x_wconf 86' lang='lat' dir='ltr'><strong>ita</strong></span> <span class='ocrx_word' id='word_1_333' title='bbox 3469 685 3534 729; x_wconf 92' lang='lat' dir='ltr'><strong>ut</strong></span> <span class='ocrx_word' id='word_1_334' title='bbox 3551 682 3707 742; x_wconf 75' lang='lat' dir='ltr'><strong>regio-</strong></span> 
     </span>
    </p>
   </div>
   <div class='ocr_carea' id='block_1_49' title="bbox 2084 749 3702 815">
    <p class='ocr_par' dir='ltr' id='par_1_49' title="bbox 2084 749 3702 815">
     <span class='ocr_line' id='line_1_49' title="bbox 2084 749 3702 815; baseline -0.001 -13"><span class='ocrx_word' id='word_1_335' title='bbox 2084 764 2189 802; x_wconf 85' lang='lat' dir='ltr'><strong>nes</strong></span> <span class='ocrx_word' id='word_1_336' title='bbox 2214 751 2455 815; x_wconf 67' lang='lat' dir='ltr'><strong>integraa</strong></span> <span class='ocrx_word' id='word_1_337' title='bbox 2474 762 2648 812; x_wconf 90' lang='lat' dir='ltr'><strong>super</strong></span> <span class='ocrx_word' id='word_1_338' title='bbox 2662 750 2787 812; x_wconf 90' lang='lat' dir='ltr'><strong>ejus</strong></span> <span class='ocrx_word' id='word_1_339' title='bbox 2809 751 3141 801; x_wconf 87' lang='lat' dir='ltr'><strong>assertione</strong></span> <span class='ocrx_word' id='word_1_340' title='bbox 3166 749 3539 801; x_wconf 85' lang='lat' dir='ltr'><strong>dissentiant</strong></span> <span class='ocrx_word' id='word_1_341' title='bbox 3578 753 3702 802; x_wconf 63' lang='lat' dir='ltr'><strong>Nam</strong></span> 
     </span>
    </p>
   </div>
   <div class='ocr_carea' id='block_1_50' title="bbox 2085 821 3705 886">
    <p class='ocr_par' dir='ltr' id='par_1_50' title="bbox 2085 821 3705 886">
     <span class='ocr_line' id='line_1_50' title="bbox 2085 821 3705 886; baseline 0.001 -14"><span class='ocrx_word' id='word_1_342' title='bbox 2085 823 2392 874; x_wconf 62' lang='lat' dir='ltr'><strong>Palaestina</strong></span> <span class='ocrx_word' id='word_1_343' title='bbox 2421 825 2480 872; x_wconf 93' lang='lat' dir='ltr'><strong>et</strong></span> <span class='ocrx_word' id='word_1_344' title='bbox 2506 823 2789 885; x_wconf 75' lang='lat' dir='ltr'><strong>Egyptus</strong></span> <span class='ocrx_word' id='word_1_345' title='bbox 2813 821 3027 884; x_wconf 88' lang='lat' dir='ltr'><strong>aliique</strong></span> <span class='ocrx_word' id='word_1_346' title='bbox 3052 834 3290 882; x_wconf 88' lang='lat' dir='ltr'><strong>omnes,</strong></span> <span class='ocrx_word' id='word_1_347' title='bbox 3318 822 3427 885; x_wconf 88' lang='lat' dir='ltr'><strong>qui</strong></span> <span class='ocrx_word' id='word_1_348' title='bbox 3453 822 3705 886; x_wconf 75' lang='lat' dir='ltr'><strong>Origenis</strong></span> 
     </span>
    </p>
   </div>
   <div class='ocr_carea' id='block_1_51' title="bbox 2084 892 3702 957">
    <p class='ocr_par' dir='ltr' id='par_1_51' title="bbox 2084 892 3702 957">
     <span class='ocr_line' id='line_1_51' title="bbox 2084 892 3702 957; baseline 0 -12"><span class='ocrx_word' id='word_1_349' title='bbox 2084 897 2424 946; x_wconf 86' lang='lat' dir='ltr'><strong>auctoritate</strong></span> <span class='ocrx_word' id='word_1_350' title='bbox 2460 892 2768 956; x_wconf 91' lang='lat' dir='ltr'><strong>plurimum</strong></span> <span class='ocrx_word' id='word_1_351' title='bbox 2793 898 3245 945; x_wconf 84' lang='lat' dir='ltr'><strong>commoventur</strong></span> <span class='ocrx_word' id='word_1_352' title='bbox 3270 902 3290 922; x_wconf 68' lang='grc' dir='ltr'><em>τ</em></span> <span class='ocrx_word' id='word_1_353' title='bbox 3318 931 3331 953; x_wconf 87' lang='grc'><em>,</em></span> <span class='ocrx_word' id='word_1_354' title='bbox 3377 894 3702 957; x_wconf 80' lang='lat' dir='ltr'><strong>conjugium</strong></span> 
     </span>
    </p>
   </div>
   <div class='ocr_carea' id='block_1_52' title="bbox 2083 964 3703 1029">
    <p class='ocr_par' dir='ltr' id='par_1_52' title="bbox 2083 964 3703 1029">
     <span class='ocr_line' id='line_1_52' title="bbox 2083 964 3703 1029; baseline 0 -12"><span class='ocrx_word' id='word_1_355' title='bbox 2083 966 2243 1017; x_wconf 84' lang='lat' dir='ltr'><strong>istud</strong></span> <span class='ocrx_word' id='word_1_356' title='bbox 2275 966 2348 1017; x_wconf 88' lang='lat' dir='ltr'><strong>ab</strong></span> <span class='ocrx_word' id='word_1_357' title='bbox 2386 964 2533 1016; x_wconf 89' lang='lat' dir='ltr'><strong>Osee</strong></span> <span class='ocrx_word' id='word_1_358' title='bbox 2560 965 2839 1029; x_wconf 85' lang='lat' dir='ltr'><strong>propheta</strong></span> <span class='ocrx_word' id='word_1_359' title='bbox 2868 969 3090 1029; x_wconf 84' lang='lat' dir='ltr'><strong>negant</strong></span> <span class='ocrx_word' id='word_1_360' title='bbox 3128 964 3522 1029; x_wconf 84' lang='lat' dir='ltr'><strong>corporaliter</strong></span> <span class='ocrx_word' id='word_1_361' title='bbox 3552 966 3703 1017; x_wconf 81' lang='lat' dir='ltr'><strong>insti-</strong></span> 
     </span>
    </p>
   </div>
   <div class='ocr_carea' id='block_1_53' title="bbox 2085 1035 3700 1100">
    <p class='ocr_par' dir='ltr' id='par_1_53' title="bbox 2085 1035 3700 1100">
     <span class='ocr_line' id='line_1_53' title="bbox 2085 1035 3700 1100; baseline -0.001 -12"><span class='ocrx_word' id='word_1_362' title='bbox 2085 1040 2292 1088; x_wconf 91' lang='lat' dir='ltr'><strong>tutum.</strong></span> <span class='ocrx_word' id='word_1_363' title='bbox 2317 1035 2427 1086; x_wconf 91' lang='lat' dir='ltr'><strong>Sed</strong></span> <span class='ocrx_word' id='word_1_364' title='bbox 2455 1035 2745 1098; x_wconf 91' lang='lat' dir='ltr'><strong>quomodo</strong></span> <span class='ocrx_word' id='word_1_365' title='bbox 2766 1037 3042 1099; x_wconf 88' lang='lat' dir='ltr'><strong>pleraque</strong></span> <span class='ocrx_word' id='word_1_366' title='bbox 3074 1036 3390 1100; x_wconf 87' lang='lat' dir='ltr'><strong>prophetis</strong></span> <span class='ocrx_word' id='word_1_367' title='bbox 3423 1037 3484 1086; x_wconf 89' lang='lat' dir='ltr'><strong>in</strong></span> <span class='ocrx_word' id='word_1_368' title='bbox 3510 1039 3700 1100; x_wconf 83' lang='lat' dir='ltr'><strong>spiritu</strong></span> 
     </span>
    </p>
   </div>
   <div class='ocr_carea' id='block_1_54' title="bbox 2083 1107 3703 1175">
    <p class='ocr_par' dir='ltr' id='par_1_54' title="bbox 2083 1107 3703 1175">
     <span class='ocr_line' id='line_1_54' title="bbox 2083 1107 3703 1175; baseline -0.003 -13"><span class='ocrx_word' id='word_1_369' title='bbox 2083 1116 2249 1175; x_wconf 88' lang='lat' dir='ltr'><strong>gesta</strong></span> <span class='ocrx_word' id='word_1_370' title='bbox 2272 1113 2600 1169; x_wconf 89' lang='lat' dir='ltr'><strong>narrantur,</strong></span> <span class='ocrx_word' id='word_1_371' title='bbox 2628 1107 2709 1159; x_wconf 85' lang='lat' dir='ltr'><strong>ita</strong></span> <span class='ocrx_word' id='word_1_372' title='bbox 2730 1108 2836 1158; x_wconf 84' lang='lat' dir='ltr'><strong>has</strong></span> <span class='ocrx_word' id='word_1_373' title='bbox 2864 1108 3032 1159; x_wconf 87' lang='lat' dir='ltr'><strong>aiunt</strong></span> <span class='ocrx_word' id='word_1_374' title='bbox 3062 1120 3204 1158; x_wconf 90' lang='lat' dir='ltr'><strong>cum</strong></span> <span class='ocrx_word' id='word_1_375' title='bbox 3227 1107 3548 1159; x_wconf 86' lang='lat' dir='ltr'><strong>meretrice</strong></span> <span class='ocrx_word' id='word_1_376' title='bbox 3570 1121 3703 1173; x_wconf 85' lang='lat' dir='ltr'><strong>nup-</strong></span> 
     </span>
    </p>
   </div>
   <div class='ocr_carea' id='block_1_55' title="bbox 2084 1178 3697 1245">
    <p class='ocr_par' dir='ltr' id='par_1_55' title="bbox 2084 1178 3697 1245">
     <span class='ocr_line' id='line_1_55' title="bbox 2084 1178 3697 1245; baseline -0.005 -10"><span class='ocrx_word' id='word_1_377' title='bbox 2084 1184 2211 1245; x_wconf 90' lang='lat' dir='ltr'><strong>tias,</strong></span> <span class='ocrx_word' id='word_1_378' title='bbox 2236 1182 2297 1232; x_wconf 90' lang='lat' dir='ltr'><strong>in</strong></span> <span class='ocrx_word' id='word_1_379' title='bbox 2314 1182 2490 1233; x_wconf 87' lang='lat' dir='ltr'><strong>verbo</strong></span> <span class='ocrx_word' id='word_1_380' title='bbox 2510 1183 2737 1230; x_wconf 92' lang='lat' dir='ltr'><strong>tantum</strong></span> <span class='ocrx_word' id='word_1_381' title='bbox 2761 1178 2943 1229; x_wconf 89' lang='lat' dir='ltr'><strong>fuisse</strong></span> <span class='ocrx_word' id='word_1_382' title='bbox 2967 1178 3319 1242; x_wconf 90' lang='lat' dir='ltr'><strong>completas.</strong></span> <span class='ocrx_word' id='word_1_383' title='bbox 3350 1181 3561 1242; x_wconf 86' lang='lat' dir='ltr'><strong>Neque</strong></span> <span class='ocrx_word' id='word_1_384' title='bbox 3577 1186 3697 1228; x_wconf 75' lang='lat' dir='ltr'><strong>enim</strong></span> 
     </span>
    </p>
   </div>
   <div class='ocr_carea' id='block_1_56' title="bbox 2084 1247 3701 1318">
    <p class='ocr_par' dir='ltr' id='par_1_56' title="bbox 2084 1247 3701 1318">
     <span class='ocr_line' id='line_1_56' title="bbox 2084 1247 3701 1318; baseline -0.001 -16"><span class='ocrx_word' id='word_1_385' title='bbox 2084 1252 2359 1318; x_wconf 89' lang='lat' dir='ltr'><strong>temporis</strong></span> <span class='ocrx_word' id='word_1_386' title='bbox 2382 1253 2539 1303; x_wconf 88' lang='lat' dir='ltr'><strong>illius</strong></span> <span class='ocrx_word' id='word_1_387' title='bbox 2570 1247 2746 1317; x_wconf 71' lang='lat'><strong>394</strong></span> <span class='ocrx_word' id='word_1_388' title='bbox 2772 1251 3067 1314; x_wconf 85' lang='lat' dir='ltr'><strong>expetisse</strong></span> <span class='ocrx_word' id='word_1_389' title='bbox 3085 1251 3399 1313; x_wconf 87' lang='lat' dir='ltr'><strong>rationem,</strong></span> <span class='ocrx_word' id='word_1_390' title='bbox 3427 1257 3495 1303; x_wconf 91' lang='lat' dir='ltr'><strong>ut</strong></span> <span class='ocrx_word' id='word_1_391' title='bbox 3517 1258 3701 1302; x_wconf 75' lang='lat' dir='ltr'><strong>contra</strong></span> 
     </span>
    </p>
   </div>
   <div class='ocr_carea' id='block_1_57' title="bbox 2082 1322 3701 1385">
    <p class='ocr_par' dir='ltr' id='par_1_57' title="bbox 2082 1322 3701 1385">
     <span class='ocr_line' id='line_1_57' title="bbox 2082 1322 3701 1385; baseline -0.005 -8"><span class='ocrx_word' id='word_1_392' title='bbox 2082 1327 2351 1377; x_wconf 89' lang='lat' dir='ltr'><strong>instituta</strong></span> <span class='ocrx_word' id='word_1_393' title='bbox 2372 1335 2553 1375; x_wconf 61' lang='lat' dir='ltr'><strong>sacra:</strong></span> <span class='ocrx_word' id='word_1_394' title='bbox 2570 1322 2756 1385; x_wconf 87' lang='lat' dir='ltr'><strong>Legis,</strong></span> <span class='ocrx_word' id='word_1_395' title='bbox 2782 1334 2915 1385; x_wconf 71' lang='lat' dir='ltr'><strong>quae</strong></span> <span class='ocrx_word' id='word_1_396' title='bbox 2938 1322 3435 1380; x_wconf 85' lang='lat' dir='ltr'><strong>denunciaverat,</strong></span> <span class='ocrx_word' id='word_1_397' title='bbox 3463 1325 3701 1371; x_wconf 77' lang='lat' dir='ltr'><strong>nefarium</strong></span> 
     </span>
    </p>
   </div>
   <div class='ocr_carea' id='block_1_58' title="bbox 2082 1393 3701 1455">
    <p class='ocr_par' dir='ltr' id='par_1_58' title="bbox 2082 1393 3701 1455">
     <span class='ocr_line' id='line_1_58' title="bbox 2082 1393 3701 1455; baseline -0.004 -7"><span class='ocrx_word' id='word_1_398' title='bbox 2082 1410 2215 1449; x_wconf 82' lang='lat' dir='ltr'><strong>esse</strong></span> <span class='ocrx_word' id='word_1_399' title='bbox 2230 1409 2365 1447; x_wconf 90' lang='lat' dir='ltr'><strong>cum</strong></span> <span class='ocrx_word' id='word_1_400' title='bbox 2389 1395 2685 1446; x_wconf 89' lang='lat' dir='ltr'><strong>meretrice</strong></span> <span class='ocrx_word' id='word_1_401' title='bbox 2709 1393 3098 1455; x_wconf 90' lang='lat' dir='ltr'><strong>consortium,</strong></span> <span class='ocrx_word' id='word_1_402' title='bbox 3125 1395 3273 1445; x_wconf 90' lang='lat' dir='ltr'><strong>Osee</strong></span> <span class='ocrx_word' id='word_1_403' title='bbox 3296 1393 3373 1443; x_wconf 90' lang='lat' dir='ltr'><strong>ad</strong></span> <span class='ocrx_word' id='word_1_404' title='bbox 3402 1396 3701 1442; x_wconf 72' lang='lat' dir='ltr'><strong>concinnan-</strong></span> 
     </span>
    </p>
   </div>
   <div class='ocr_carea' id='block_1_59' title="bbox 2084 1464 3700 1532">
    <p class='ocr_par' dir='ltr' id='par_1_59' title="bbox 2084 1464 3700 1532">
     <span class='ocr_line' id='line_1_59' title="bbox 2084 1464 3700 1532; baseline -0.002 -13"><span class='ocrx_word' id='word_1_405' title='bbox 2084 1468 2225 1519; x_wconf 91' lang='lat' dir='ltr'><strong>dum</strong></span> <span class='ocrx_word' id='word_1_406' title='bbox 2249 1466 2621 1532; x_wconf 80' lang='lat' dir='ltr'><strong>progrediens</strong></span> <span class='ocrx_word' id='word_1_407' title='bbox 2636 1464 2940 1527; x_wconf 88' lang='lat' dir='ltr'><strong>lasciviret,</strong></span> <span class='ocrx_word' id='word_1_408' title='bbox 2963 1468 3023 1514; x_wconf 89' lang='lat' dir='ltr'><strong>et</strong></span> <span class='ocrx_word' id='word_1_409' title='bbox 3045 1469 3365 1516; x_wconf 87' lang='lat' dir='ltr'><strong>exerturus</strong></span> <span class='ocrx_word' id='word_1_410' title='bbox 3393 1465 3457 1515; x_wconf 87' lang='lat' dir='ltr'><strong>in</strong></span> <span class='ocrx_word' id='word_1_411' title='bbox 3481 1471 3700 1530; x_wconf 76' lang='lat' dir='ltr'><strong>peccata</strong></span> 
     </span>
    </p>
   </div>
   <div class='ocr_carea' id='block_1_60' title="bbox 2084 1536 3699 1602">
    <p class='ocr_par' dir='ltr' id='par_1_60' title="bbox 2084 1536 3699 1602">
     <span class='ocr_line' id='line_1_60' title="bbox 2084 1536 3699 1602; baseline -0.002 -11"><span class='ocrx_word' id='word_1_412' title='bbox 2084 1551 2412 1602; x_wconf 90' lang='lat' dir='ltr'><strong>censuram,</strong></span> <span class='ocrx_word' id='word_1_413' title='bbox 2430 1538 2651 1602; x_wconf 88' lang='lat' dir='ltr'><strong>primus</strong></span> <span class='ocrx_word' id='word_1_414' title='bbox 2671 1536 2795 1600; x_wconf 86' lang='lat' dir='ltr'><strong>ipse</strong></span> <span class='ocrx_word' id='word_1_415' title='bbox 2813 1536 3225 1592; x_wconf 87' lang='lat' dir='ltr'><strong>committeret,</strong></span> <span class='ocrx_word' id='word_1_416' title='bbox 3251 1536 3420 1600; x_wconf 89' lang='lat' dir='ltr'><strong>quod</strong></span> <span class='ocrx_word' id='word_1_417' title='bbox 3446 1542 3610 1588; x_wconf 83' lang='lat' dir='ltr'><strong>totus</strong></span> <span class='ocrx_word' id='word_1_418' title='bbox 3626 1553 3699 1597; x_wconf 75' lang='lat' dir='ltr'><strong>po-</strong></span> 
     </span>
    </p>
   </div>
   <div class='ocr_carea' id='block_1_61' title="bbox 2084 1607 3696 1676">
    <p class='ocr_par' dir='ltr' id='par_1_61' title="bbox 2084 1607 3696 1676">
     <span class='ocr_line' id='line_1_61' title="bbox 2084 1607 3696 1676; baseline -0.005 -14"><span class='ocrx_word' id='word_1_419' title='bbox 2084 1610 2258 1676; x_wconf 91' lang='lat' dir='ltr'><strong>pulus</strong></span> <span class='ocrx_word' id='word_1_420' title='bbox 2274 1612 2692 1672; x_wconf 91' lang='lat' dir='ltr'><strong>consequenter</strong></span> <span class='ocrx_word' id='word_1_421' title='bbox 2712 1607 3022 1671; x_wconf 87' lang='lat' dir='ltr'><strong>arguisset.</strong></span> <span class='ocrx_word' id='word_1_422' title='bbox 3040 1611 3228 1667; x_wconf 82' lang='lat' dir='ltr'><strong>Quam</strong></span> <span class='ocrx_word' id='word_1_423' title='bbox 3250 1611 3461 1659; x_wconf 89' lang='lat' dir='ltr'><strong>autem</strong></span> <span class='ocrx_word' id='word_1_424' title='bbox 3479 1618 3608 1656; x_wconf 78' lang='lat' dir='ltr'><strong>esset</strong></span> <span class='ocrx_word' id='word_1_425' title='bbox 3623 1613 3696 1655; x_wconf 82' lang='lat' dir='ltr'><strong>in-</strong></span> 
     </span>
    </p>
   </div>
   <div class='ocr_carea' id='block_1_62' title="bbox 2086 1678 3696 1746">
    <p class='ocr_par' dir='ltr' id='par_1_62' title="bbox 2086 1678 3696 1746">
     <span class='ocr_line' id='line_1_62' title="bbox 2086 1678 3696 1746; baseline -0.003 -13"><span class='ocrx_word' id='word_1_426' title='bbox 2086 1688 2439 1746; x_wconf 88' lang='lat' dir='ltr'><strong>competens,</strong></span> <span class='ocrx_word' id='word_1_427' title='bbox 2465 1680 2516 1731; x_wconf 88' lang='lat' dir='ltr'><strong>si</strong></span> <span class='ocrx_word' id='word_1_428' title='bbox 2543 1679 2615 1731; x_wconf 90' lang='lat' dir='ltr'><strong>ad</strong></span> <span class='ocrx_word' id='word_1_429' title='bbox 2636 1678 3031 1730; x_wconf 81' lang='lat' dir='ltr'><strong>defensionem</strong></span> <span class='ocrx_word' id='word_1_430' title='bbox 3045 1679 3252 1742; x_wconf 86' lang='lat' dir='ltr'><strong>ﬂagitii</strong></span> <span class='ocrx_word' id='word_1_431' title='bbox 3277 1680 3571 1741; x_wconf 85' lang='lat' dir='ltr'><strong>objiceret</strong></span> <span class='ocrx_word' id='word_1_432' title='bbox 3590 1692 3696 1743; x_wconf 83' lang='lat' dir='ltr'><strong>per-</strong></span> 
     </span>
    </p>
   </div>
   <div class='ocr_carea' id='block_1_63' title="bbox 2088 1750 3695 1816">
    <p class='ocr_par' dir='ltr' id='par_1_63' title="bbox 2088 1750 3695 1816">
     <span class='ocr_line' id='line_1_63' title="bbox 2088 1750 3695 1816; baseline -0.004 -13"><span class='ocrx_word' id='word_1_433' title='bbox 2088 1751 2582 1816; x_wconf 83' lang='lat' dir='ltr'><strong>sonamjubentis,</strong></span> <span class='ocrx_word' id='word_1_434' title='bbox 2598 1762 2865 1802; x_wconf 86' lang='lat' dir='ltr'><strong>asserens</strong></span> <span class='ocrx_word' id='word_1_435' title='bbox 2879 1750 3178 1811; x_wconf 90' lang='lat' dir='ltr'><strong>nimirum,</strong></span> <span class='ocrx_word' id='word_1_436' title='bbox 3194 1762 3257 1800; x_wconf 86' lang='lat' dir='ltr'><strong>se</strong></span> <span class='ocrx_word' id='word_1_437' title='bbox 3271 1750 3540 1815; x_wconf 89' lang='lat' dir='ltr'><strong>quidem,</strong></span> <span class='ocrx_word' id='word_1_438' title='bbox 3555 1765 3695 1810; x_wconf 78' lang='lat' dir='ltr'><strong>quan-</strong></span> 
     </span>
    </p>
   </div>
   <div class='ocr_carea' id='block_1_64' title="bbox 2084 1820 3695 1885">
    <p class='ocr_par' dir='ltr' id='par_1_64' title="bbox 2084 1820 3695 1885">
     <span class='ocr_line' id='line_1_64' title="bbox 2084 1820 3695 1885; baseline -0.005 -9"><span class='ocrx_word' id='word_1_439' title='bbox 2084 1831 2209 1876; x_wconf 88' lang='lat' dir='ltr'><strong>tum</strong></span> <span class='ocrx_word' id='word_1_440' title='bbox 2224 1825 2297 1875; x_wconf 90' lang='lat' dir='ltr'><strong>ad</strong></span> <span class='ocrx_word' id='word_1_441' title='bbox 2321 1835 2513 1875; x_wconf 90' lang='lat' dir='ltr'><strong>mores</strong></span> <span class='ocrx_word' id='word_1_442' title='bbox 2538 1834 2677 1873; x_wconf 90' lang='lat' dir='ltr'><strong>suos</strong></span> <span class='ocrx_word' id='word_1_443' title='bbox 2692 1820 2945 1885; x_wconf 88' lang='lat' dir='ltr'><strong>respicit,</strong></span> <span class='ocrx_word' id='word_1_444' title='bbox 2972 1820 3303 1872; x_wconf 74' lang='lat' dir='ltr'><strong>fmditatem</strong></span> <span class='ocrx_word' id='word_1_445' title='bbox 3318 1820 3491 1872; x_wconf 88' lang='lat' dir='ltr'><strong>illam</strong></span> <span class='ocrx_word' id='word_1_446' title='bbox 3516 1836 3695 1872; x_wconf 76' lang='lat' dir='ltr'><strong>consor-</strong></span> 
     </span>
    </p>
   </div>
   <div class='ocr_carea' id='block_1_65' title="bbox 2083 1892 3693 1957">
    <p class='ocr_par' dir='ltr' id='par_1_65' title="bbox 2083 1892 3693 1957">
     <span class='ocr_line' id='line_1_65' title="bbox 2083 1892 3693 1957; baseline -0.004 -9"><span class='ocrx_word' id='word_1_447' title='bbox 2083 1898 2145 1948; x_wconf 90' lang='lat' dir='ltr'><strong>tii</strong></span> <span class='ocrx_word' id='word_1_448' title='bbox 2164 1896 2394 1948; x_wconf 76' lang='lat' dir='ltr'><strong>fmditer</strong></span> <span class='ocrx_word' id='word_1_449' title='bbox 2426 1895 2734 1957; x_wconf 88' lang='lat' dir='ltr'><strong>horruisse,</strong></span> <span class='ocrx_word' id='word_1_450' title='bbox 2764 1892 2867 1943; x_wconf 82' lang='lat' dir='ltr'><strong>sed</strong></span> <span class='ocrx_word' id='word_1_451' title='bbox 2906 1892 3171 1944; x_wconf 89' lang='lat' dir='ltr'><strong>cessisse</strong></span> <span class='ocrx_word' id='word_1_452' title='bbox 3197 1894 3547 1945; x_wconf 73' lang='lat' dir='ltr'><strong>auctoritati</strong></span> <span class='ocrx_word' id='word_1_453' title='bbox 3582 1895 3693 1955; x_wconf 83' lang='lat' dir='ltr'><strong>ejus</strong></span> 
     </span>
    </p>
   </div>
   <div class='ocr_carea' id='block_1_66' title="bbox 2082 1964 3687 2031">
    <p class='ocr_par' dir='ltr' id='par_1_66' title="bbox 2082 1964 3687 2031">
     <span class='ocr_line' id='line_1_66' title="bbox 2082 1964 3687 2031; baseline -0.003 -13"><span class='ocrx_word' id='word_1_454' title='bbox 2082 1968 2330 2030; x_wconf 88' lang='lat' dir='ltr'><strong>Domini,</strong></span> <span class='ocrx_word' id='word_1_455' title='bbox 2355 1968 2454 2031; x_wconf 89' lang='lat' dir='ltr'><strong>qui</strong></span> <span class='ocrx_word' id='word_1_456' title='bbox 2479 1966 2552 2018; x_wconf 91' lang='lat' dir='ltr'><strong>ad</strong></span> <span class='ocrx_word' id='word_1_457' title='bbox 2572 1964 2901 2030; x_wconf 85' lang='lat' dir='ltr'><strong>arguendos</strong></span> <span class='ocrx_word' id='word_1_458' title='bbox 2927 1964 3179 2029; x_wconf 91' lang='lat' dir='ltr'><strong>populos</strong></span> <span class='ocrx_word' id='word_1_459' title='bbox 3215 1979 3358 2016; x_wconf 90' lang='lat' dir='ltr'><strong>eum</strong></span> <span class='ocrx_word' id='word_1_460' title='bbox 3384 1969 3687 2016; x_wconf 66' lang='lat' dir='ltr'><strong>destinasset</strong></span> 
     </span>
    </p>
   </div>
   <div class='ocr_carea' id='block_1_67' title="bbox 2081 2036 3688 2102">
    <p class='ocr_par' dir='ltr' id='par_1_67' title="bbox 2081 2036 3688 2102">
     <span class='ocr_line' id='line_1_67' title="bbox 2081 2036 3688 2102; baseline -0.004 -11"><span class='ocrx_word' id='word_1_461' title='bbox 2081 2038 2386 2091; x_wconf 87' lang='lat' dir='ltr'><strong>Videretur</strong></span> <span class='ocrx_word' id='word_1_462' title='bbox 2410 2049 2650 2102; x_wconf 89' lang='lat' dir='ltr'><strong>prorsus</strong></span> <span class='ocrx_word' id='word_1_463' title='bbox 2668 2036 2971 2087; x_wconf 89' lang='lat' dir='ltr'><strong>materiam</strong></span> <span class='ocrx_word' id='word_1_464' title='bbox 2991 2036 3281 2087; x_wconf 87' lang='lat' dir='ltr'><strong>irrisionis</strong></span> <span class='ocrx_word' id='word_1_465' title='bbox 3306 2037 3528 2100; x_wconf 89' lang='lat' dir='ltr'><strong>potius,</strong></span> <span class='ocrx_word' id='word_1_466' title='bbox 3550 2052 3688 2097; x_wconf 79' lang='lat' dir='ltr'><strong>quam</strong></span> 
     </span>
    </p>
   </div>
   <div class='ocr_carea' id='block_1_68' title="bbox 2080 2108 3667 2172">
    <p class='ocr_par' dir='ltr' id='par_1_68' title="bbox 2080 2108 3667 2172">
     <span class='ocr_line' id='line_1_68' title="bbox 2080 2108 3667 2172; baseline -0.004 -10"><span class='ocrx_word' id='word_1_467' title='bbox 2080 2110 2400 2163; x_wconf 88' lang='lat' dir='ltr'><strong>formidinis</strong></span> <span class='ocrx_word' id='word_1_468' title='bbox 2416 2108 2688 2161; x_wconf 88' lang='lat' dir='ltr'><strong>attulisse</strong></span> <span class='ocrx_word' id='word_1_469' title='bbox 2709 2111 2779 2170; x_wconf 87' lang='lat' dir='ltr'><strong>ei,</strong></span> <span class='ocrx_word' id='word_1_470' title='bbox 2804 2110 2905 2170; x_wconf 89' lang='lat' dir='ltr'><strong>qui</strong></span> <span class='ocrx_word' id='word_1_471' title='bbox 2921 2120 2996 2159; x_wconf 89' lang='lat' dir='ltr'><strong>ex</strong></span> <span class='ocrx_word' id='word_1_472' title='bbox 3022 2108 3151 2171; x_wconf 90' lang='lat' dir='ltr'><strong>ejus</strong></span> <span class='ocrx_word' id='word_1_473' title='bbox 3176 2120 3438 2172; x_wconf 87' lang='lat' dir='ltr'><strong>persona</strong></span> <span class='ocrx_word' id='word_1_474' title='bbox 3459 2111 3667 2157; x_wconf 69' lang='lat' dir='ltr'><strong>obsceni</strong></span> 
     </span>
    </p>
   </div>
   <div class='ocr_carea' id='block_1_69' title="bbox 2084 2179 3687 2244">
    <p class='ocr_par' dir='ltr' id='par_1_69' title="bbox 2084 2179 3687 2244">
     <span class='ocr_line' id='line_1_69' title="bbox 2084 2179 3687 2244; baseline -0.004 -9"><span class='ocrx_word' id='word_1_475' title='bbox 2084 2187 2233 2235; x_wconf 86' lang='lat' dir='ltr'><strong>tates</strong></span> <span class='ocrx_word' id='word_1_476' title='bbox 2254 2185 2499 2237; x_wconf 88' lang='lat' dir='ltr'><strong>aliorum</strong></span> <span class='ocrx_word' id='word_1_477' title='bbox 2514 2179 2841 2244; x_wconf 85' lang='lat' dir='ltr'><strong>arguendas</strong></span> <span class='ocrx_word' id='word_1_478' title='bbox 2856 2182 3113 2243; x_wconf 89' lang='lat' dir='ltr'><strong>putaret,</strong></span> <span class='ocrx_word' id='word_1_479' title='bbox 3131 2192 3309 2242; x_wconf 87' lang='lat' dir='ltr'><strong>quem</strong></span> <span class='ocrx_word' id='word_1_480' title='bbox 3322 2182 3437 2240; x_wconf 83' lang='lat' dir='ltr'><strong>ipse</strong></span> <span class='ocrx_word' id='word_1_481' title='bbox 3448 2183 3687 2229; x_wconf 73' lang='lat' dir='ltr'><strong>commissi</strong></span> 
     </span>
    </p>
   </div>
   <div class='ocr_carea' id='block_1_70' title="bbox 2082 2251 3686 2322">
    <p class='ocr_par' dir='ltr' id='par_1_70' title="bbox 2082 2251 3686 2322">
     <span class='ocr_line' id='line_1_70' title="bbox 2082 2251 3686 2322; baseline -0.004 -14"><span class='ocrx_word' id='word_1_482' title='bbox 2082 2270 2117 2308; x_wconf 89' lang='lat' dir='ltr'><strong>a</strong></span> <span class='ocrx_word' id='word_1_483' title='bbox 2141 2272 2203 2310; x_wconf 93' lang='lat' dir='ltr'><strong>se</strong></span> <span class='ocrx_word' id='word_1_484' title='bbox 2226 2255 2426 2322; x_wconf 84' lang='lat' dir='ltr'><strong>ﬂagitii</strong></span> <span class='ocrx_word' id='word_1_485' title='bbox 2450 2251 2791 2317; x_wconf 69' lang='lat' dir='ltr'><strong>praedicaret</strong></span> <span class='ocrx_word' id='word_1_486' title='bbox 2811 2253 3130 2302; x_wconf 86' lang='lat' dir='ltr'><strong>auctorem.</strong></span> <span class='ocrx_word' id='word_1_487' title='bbox 3164 2252 3468 2312; x_wconf 66' lang='lat' dir='ltr'><strong>Qumritur</strong></span> <span class='ocrx_word' id='word_1_488' title='bbox 3498 2256 3555 2303; x_wconf 89' lang='lat' dir='ltr'><strong>et</strong></span> <span class='ocrx_word' id='word_1_489' title='bbox 3586 2263 3686 2322; x_wconf 86' lang='lat' dir='ltr'><strong>quo</strong></span> 
     </span>
    </p>
   </div>
   <div class='ocr_carea' id='block_1_71' title="bbox 2081 2320 3689 2394">
    <p class='ocr_par' dir='ltr' id='par_1_71' title="bbox 2081 2320 3689 2394">
     <span class='ocr_line' id='line_1_71' title="bbox 2081 2320 3689 2394; baseline -0.005 -15"><span class='ocrx_word' id='word_1_490' title='bbox 2081 2330 2192 2381; x_wconf 89' lang='lat' dir='ltr'><strong>hoc</strong></span> <span class='ocrx_word' id='word_1_491' title='bbox 2220 2320 2328 2394; x_wconf 74' lang='lat' dir='ltr'><strong>per</strong></span> <span class='ocrx_word' id='word_1_492' title='bbox 2345 2328 2524 2379; x_wconf 88' lang='lat' dir='ltr'><strong>totam</strong></span> <span class='ocrx_word' id='word_1_493' title='bbox 2546 2323 2755 2394; x_wconf 86' lang='lat' dir='ltr'><strong>legem,</strong></span> <span class='ocrx_word' id='word_1_494' title='bbox 2778 2322 3186 2394; x_wconf 63' lang='lat' dir='ltr'><strong>velpriecepti,</strong></span> <span class='ocrx_word' id='word_1_495' title='bbox 3217 2322 3310 2374; x_wconf 91' lang='lat' dir='ltr'><strong>vel</strong></span> <span class='ocrx_word' id='word_1_496' title='bbox 3342 2322 3504 2383; x_wconf 80' lang='lat' dir='ltr'><strong>facti,</strong></span> <span class='ocrx_word' id='word_1_497' title='bbox 3530 2320 3689 2372; x_wconf 88' lang='lat' dir='ltr'><strong>simili</strong></span> 
     </span>
    </p>
   </div>
   <div class='ocr_carea' id='block_1_72' title="bbox 2083 2392 3690 2458">
    <p class='ocr_par' dir='ltr' id='par_1_72' title="bbox 2083 2392 3690 2458">
     <span class='ocr_line' id='line_1_72' title="bbox 2083 2392 3690 2458; baseline -0.004 -9"><span class='ocrx_word' id='word_1_498' title='bbox 2083 2392 2349 2452; x_wconf 79' lang='lat' dir='ltr'><strong>fulciatur</strong></span> <span class='ocrx_word' id='word_1_499' title='bbox 2371 2393 2635 2458; x_wconf 89' lang='lat' dir='ltr'><strong>exemplo</strong></span> <span class='ocrx_word' id='word_1_500' title='bbox 2661 2406 2673 2454; x_wconf 90' lang='lat'><strong>;</strong></span> <span class='ocrx_word' id='word_1_501' title='bbox 2706 2392 2893 2444; x_wconf 89' lang='lat' dir='ltr'><strong>sicubi</strong></span> <span class='ocrx_word' id='word_1_502' title='bbox 2923 2392 3195 2444; x_wconf 87' lang='lat' dir='ltr'><strong>videlicet</strong></span> <span class='ocrx_word' id='word_1_503' title='bbox 3218 2395 3514 2445; x_wconf 90' lang='lat' dir='ltr'><strong>Dominus</strong></span> <span class='ocrx_word' id='word_1_504' title='bbox 3536 2401 3690 2442; x_wconf 79' lang='lat' dir='ltr'><strong>noster</strong></span> 
     </span>
    </p>
   </div>
   <div class='ocr_carea' id='block_1_73' title="bbox 2083 2465 3689 2532">
    <p class='ocr_par' dir='ltr' id='par_1_73' title="bbox 2083 2465 3689 2532">
     <span class='ocr_line' id='line_1_73' title="bbox 2083 2465 3689 2532; baseline -0.007 -9"><span class='ocrx_word' id='word_1_505' title='bbox 2083 2472 2408 2525; x_wconf 85' lang='lat' dir='ltr'><strong>faciendum</strong></span> <span class='ocrx_word' id='word_1_506' title='bbox 2422 2467 2711 2532; x_wconf 90' lang='lat' dir='ltr'><strong>quippiam</strong></span> <span class='ocrx_word' id='word_1_507' title='bbox 2726 2465 3041 2516; x_wconf 90' lang='lat' dir='ltr'><strong>adversum</strong></span> <span class='ocrx_word' id='word_1_508' title='bbox 3056 2469 3351 2530; x_wconf 58' lang='lat' dir='ltr'><strong>praecepta</strong></span> <span class='ocrx_word' id='word_1_509' title='bbox 3366 2467 3689 2526; x_wconf 75' lang='lat' dir='ltr'><strong>mandaverit,</strong></span> 
     </span>
    </p>
   </div>
   <div class='ocr_carea' id='block_1_74' title="bbox 2083 2535 3688 2607">
    <p class='ocr_par' dir='ltr' id='par_1_74' title="bbox 2083 2535 3688 2607">
     <span class='ocr_line' id='line_1_74' title="bbox 2083 2535 3688 2607; baseline -0.006 -12"><span class='ocrx_word' id='word_1_510' title='bbox 2083 2556 2326 2607; x_wconf 88' lang='lat' dir='ltr'><strong>quorum</strong></span> <span class='ocrx_word' id='word_1_511' title='bbox 2350 2543 2551 2603; x_wconf 89' lang='lat' dir='ltr'><strong>utique</strong></span> <span class='ocrx_word' id='word_1_512' title='bbox 2568 2535 3449 2607; x_wconf 10' lang='lat' dir='ltr'><strong>transgressores,tdenunciatis</strong></span> <span class='ocrx_word' id='word_1_513' title='bbox 3469 2548 3571 2607; x_wconf 83' lang='lat' dir='ltr'><strong>per</strong></span> <span class='ocrx_word' id='word_1_514' title='bbox 3584 2550 3688 2596; x_wconf 83' lang='lat' dir='ltr'><strong>pro-</strong></span> 
     </span>
    </p>
   </div>
   <div class='ocr_carea' id='block_1_75' title="bbox 2083 2606 3687 2678">
    <p class='ocr_par' dir='ltr' id='par_1_75' title="bbox 2083 2606 3687 2678">
     <span class='ocr_line' id='line_1_75' title="bbox 2083 2606 3687 2678; baseline -0.008 -12"><span class='ocrx_word' id='word_1_515' title='bbox 2083 2615 2289 2678; x_wconf 88' lang='lat' dir='ltr'><strong>phetas</strong></span> <span class='ocrx_word' id='word_1_516' title='bbox 2312 2611 2592 2670; x_wconf 88' lang='lat' dir='ltr'><strong>cladibus,</strong></span> <span class='ocrx_word' id='word_1_517' title='bbox 2609 2608 2796 2659; x_wconf 90' lang='lat' dir='ltr'><strong>ultum</strong></span> <span class='ocrx_word' id='word_1_518' title='bbox 2815 2607 2954 2678; x_wconf 85' lang='lat' dir='ltr'><strong>ibat.</strong></span> <span class='ocrx_word' id='word_1_519' title='bbox 2980 2606 3257 2678; x_wconf 79' lang='lat' dir='ltr'><strong>Adquod</strong></span> <span class='ocrx_word' id='word_1_520' title='bbox 3283 2606 3687 2678; x_wconf 73' lang='lat' dir='ltr'><strong>docendum,si</strong></span> 
     </span>
    </p>
   </div>
   <div class='ocr_carea' id='block_1_76' title="bbox 2081 2676 3685 2749">
    <p class='ocr_par' dir='ltr' id='par_1_76' title="bbox 2081 2676 3685 2749">
     <span class='ocr_line' id='line_1_76' title="bbox 2081 2676 3685 2749; baseline -0.007 -12"><span class='ocrx_word' id='word_1_521' title='bbox 2081 2676 2429 2749; x_wconf 82' lang='lat' dir='ltr'><strong>imperatum</strong></span> <span class='ocrx_word' id='word_1_522' title='bbox 2458 2683 2624 2732; x_wconf 88' lang='lat' dir='ltr'><strong>beato</strong></span> <span class='ocrx_word' id='word_1_523' title='bbox 2660 2677 2907 2729; x_wconf 69' lang='lat' dir='ltr'><strong>Abrahm</strong></span> <span class='ocrx_word' id='word_1_524' title='bbox 2942 2676 3320 2740; x_wconf 87' lang='lat' dir='ltr'><strong>parricidium</strong></span> <span class='ocrx_word' id='word_1_525' title='bbox 3354 2676 3685 2741; x_wconf 80' lang='lat' dir='ltr'><strong>proferatur,</strong></span> 
     </span>
    </p>
   </div>
   <div class='ocr_carea' id='block_1_77' title="bbox 2079 2749 3684 2821">
    <p class='ocr_par' dir='ltr' id='par_1_77' title="bbox 2079 2749 3684 2821">
     <span class='ocr_line' id='line_1_77' title="bbox 2079 2749 3684 2821; baseline -0.007 -13"><span class='ocrx_word' id='word_1_526' title='bbox 2079 2757 2209 2821; x_wconf 90' lang='lat' dir='ltr'><strong>ipso</strong></span> <span class='ocrx_word' id='word_1_527' title='bbox 2228 2756 2344 2806; x_wconf 85' lang='lat' dir='ltr'><strong>ilne</strong></span> <span class='ocrx_word' id='word_1_528' title='bbox 2366 2752 2572 2818; x_wconf 88' lang='lat' dir='ltr'><strong>operis,</strong></span> <span class='ocrx_word' id='word_1_529' title='bbox 2591 2760 2922 2813; x_wconf 86' lang='lat' dir='ltr'><strong>quanquam</strong></span> <span class='ocrx_word' id='word_1_530' title='bbox 2937 2753 3073 2821; x_wconf 75' lang='lat' dir='ltr'><strong>ante</strong></span> <span class='ocrx_word' id='word_1_531' title='bbox 3092 2754 3353 2821; x_wconf 76' lang='lat' dir='ltr'><strong>tempore</strong></span> <span class='ocrx_word' id='word_1_532' title='bbox 3370 2749 3529 2821; x_wconf 81' lang='lat' dir='ltr'><strong>legis</strong></span> <span class='ocrx_word' id='word_1_533' title='bbox 3554 2750 3684 2809; x_wconf 80' lang='lat' dir='ltr'><strong>editi,</strong></span> 
     </span>
    </p>
   </div>
   <div class='ocr_carea' id='block_1_78' title="bbox 2083 2819 3688 2882">
    <p class='ocr_par' dir='ltr' id='par_1_78' title="bbox 2083 2819 3688 2882">
     <span class='ocr_line' id='line_1_78' title="bbox 2083 2819 3688 2882; baseline -0.007 -3"><span class='ocrx_word' id='word_1_534' title='bbox 2083 2819 2632 2882; x_wconf 63' lang='lat' dir='ltr'><strong>dcommonebimur,</strong></span> <span class='ocrx_word' id='word_1_535' title='bbox 2650 2834 2767 2872; x_wconf 89' lang='lat' dir='ltr'><strong>non</strong></span> <span class='ocrx_word' id='word_1_536' title='bbox 2784 2819 3189 2872; x_wconf 89' lang='lat' dir='ltr'><strong>truculentiam</strong></span> <span class='ocrx_word' id='word_1_537' title='bbox 3204 2819 3411 2877; x_wconf 72' lang='lat' dir='ltr'><strong>cmdis,</strong></span> <span class='ocrx_word' id='word_1_538' title='bbox 3429 2820 3535 2871; x_wconf 84' lang='lat' dir='ltr'><strong>sed</strong></span> <span class='ocrx_word' id='word_1_539' title='bbox 3552 2821 3688 2880; x_wconf 77' lang='lat' dir='ltr'><strong>pieta-</strong></span> 
     </span>
    </p>
   </div>
   <div class='ocr_carea' id='block_1_79' title="bbox 2084 2892 3684 2958">
    <p class='ocr_par' dir='ltr' id='par_1_79' title="bbox 2084 2892 3684 2958">
     <span class='ocr_line' id='line_1_79' title="bbox 2084 2892 3684 2958; baseline -0.006 -8"><span class='ocrx_word' id='word_1_540' title='bbox 2084 2902 2201 2951; x_wconf 89' lang='lat' dir='ltr'><strong>tem</strong></span> <span class='ocrx_word' id='word_1_541' title='bbox 2224 2911 2291 2949; x_wconf 91' lang='lat' dir='ltr'><strong>ac</strong></span> <span class='ocrx_word' id='word_1_542' title='bbox 2314 2898 2490 2948; x_wconf 81' lang='lat' dir='ltr'><strong>tinem</strong></span> <span class='ocrx_word' id='word_1_543' title='bbox 2518 2895 2715 2958; x_wconf 66' lang='lat' dir='ltr'><strong>patrias</strong></span> <span class='ocrx_word' id='word_1_544' title='bbox 2751 2892 2934 2943; x_wconf 89' lang='lat' dir='ltr'><strong>menti</strong></span> <span class='ocrx_word' id='word_1_545' title='bbox 2956 2892 3222 2943; x_wconf 87' lang='lat' dir='ltr'><strong>electam.</strong></span> <span class='ocrx_word' id='word_1_546' title='bbox 3253 2892 3511 2943; x_wconf 87' lang='lat' dir='ltr'><strong>Unicum</strong></span> <span class='ocrx_word' id='word_1_547' title='bbox 3546 2892 3684 2941; x_wconf 89' lang='lat' dir='ltr'><strong>enim</strong></span> 
     </span>
    </p>
   </div>
   <div class='ocr_carea' id='block_1_80' title="bbox 2089 2963 3681 3031">
    <p class='ocr_par' dir='ltr' id='par_1_80' title="bbox 2089 2963 3681 3031">
     <span class='ocr_line' id='line_1_80' title="bbox 2089 2963 3681 3031; baseline -0.004 -12"><span class='ocrx_word' id='word_1_548' title='bbox 2089 2970 2388 3031; x_wconf 83' lang='lat' dir='ltr'><strong>oll‘erebat,</strong></span> <span class='ocrx_word' id='word_1_549' title='bbox 2416 2966 2511 3030; x_wconf 88' lang='lat' dir='ltr'><strong>qui</strong></span> <span class='ocrx_word' id='word_1_550' title='bbox 2542 2965 2791 3016; x_wconf 87' lang='lat' dir='ltr'><strong>habebat</strong></span> <span class='ocrx_word' id='word_1_551' title='bbox 2814 2963 3318 3028; x_wconf 88' lang='lat' dir='ltr'><strong>repromissiones,</strong></span> <span class='ocrx_word' id='word_1_552' title='bbox 3346 2965 3443 3014; x_wconf 93' lang='lat' dir='ltr'><strong>cui</strong></span> <span class='ocrx_word' id='word_1_553' title='bbox 3477 2963 3681 3014; x_wconf 84' lang='lat' dir='ltr'><strong>dictum</strong></span> 
     </span>
    </p>
   </div>
   <div class='ocr_carea' id='block_1_81' title="bbox 2088 3032 3684 3105">
    <p class='ocr_par' dir='ltr' id='par_1_81' title="bbox 2088 3032 3684 3105">
     <span class='ocr_line' id='line_1_81' title="bbox 2088 3032 3684 3105; baseline -0.007 -11"><span class='ocrx_word' id='word_1_554' title='bbox 2088 3044 2226 3105; x_wconf 91' lang='lat' dir='ltr'><strong>erat,</strong></span> <span class='ocrx_word' id='word_1_555' title='bbox 2249 3042 2383 3105; x_wconf 82' lang='lat' dir='ltr'><strong>quia</strong></span> <span class='ocrx_word' id='word_1_556' title='bbox 2418 3040 2481 3087; x_wconf 86' lang='lat' dir='ltr'><strong>in</strong></span> <span class='ocrx_word' id='word_1_557' title='bbox 2510 3038 2665 3086; x_wconf 86' lang='lat' dir='ltr'><strong>Isaac</strong></span> <span class='ocrx_word' id='word_1_558' title='bbox 2691 3034 3042 3084; x_wconf 73' lang='lat' dir='ltr'><strong>suscitabitur</strong></span> <span class='ocrx_word' id='word_1_559' title='bbox 3076 3035 3171 3083; x_wconf 83' lang='lat' dir='ltr'><strong>tibi</strong></span> <span class='ocrx_word' id='word_1_560' title='bbox 3206 3049 3391 3084; x_wconf 76' lang='lat' dir='ltr'><strong>semen</strong></span> <span class='ocrx_word' id='word_1_561' title='bbox 3422 3036 3575 3096; x_wconf 80' lang='lat' dir='ltr'><strong>(Gen.</strong></span> <span class='ocrx_word' id='word_1_562' title='bbox 3606 3032 3684 3088; x_wconf 67' lang='lat'><strong>21.</strong></span> 
     </span>
    </p>
   </div>
   <div class='ocr_carea' id='block_1_82' title="bbox 396 3105 1987 3195">
    <p class='ocr_par' dir='ltr' id='par_1_82' title="bbox 396 3106 1987 3195">
     <span class='ocr_line' id='line_1_82' title="bbox 396 3106 1987 3195; baseline -0.009 -26"><span class='ocrx_word' id='word_1_563' title='bbox 396 3122 567 3195; x_wconf 82' lang='lat' dir='ltr'><strong>gatur</strong></span> <span class='ocrx_word' id='word_1_564' title='bbox 581 3114 868 3195; x_wconf 75' lang='lat' dir='ltr'><strong>effingunt</strong></span> <span class='ocrx_word' id='word_1_565' title='bbox 883 3110 1302 3195; x_wconf 66' lang='lat' dir='ltr'><strong>;_implorantes,</strong></span> <span class='ocrx_word' id='word_1_566' title='bbox 1331 3107 1566 3195; x_wconf 78' lang='lat' dir='ltr'><strong>quidem</strong></span> <span class='ocrx_word' id='word_1_567' title='bbox 1590 3107 1880 3195; x_wconf 77' lang='lat' dir='ltr'><strong>interdum</strong></span> <span class='ocrx_word' id='word_1_568' title='bbox 1900 3106 1987 3195; x_wconf 74' lang='lat' dir='ltr'><strong>di-</strong></span> 
     </span>
    </p>
   </div>
   <div class='ocr_carea' id='block_1_83' title="bbox 2090 3105 3685 3195">
    <p class='ocr_par' dir='ltr' id='par_1_83' title="bbox 2090 3105 3685 3195">
     <span class='ocr_line' id='line_1_83' title="bbox 2090 3105 3685 3195; baseline -0.007 -28"><span class='ocrx_word' id='word_1_569' title='bbox 2090 3114 2232 3194; x_wconf 34' lang='lat'><strong>1‘2.)&#39;:</strong></span> <span class='ocrx_word' id='word_1_570' title='bbox 2261 3107 2754 3195; x_wconf 34' lang='lat' dir='ltr'><strong>ostendensAquod</strong></span> <span class='ocrx_word' id='word_1_571' title='bbox 2778 3107 2972 3195; x_wconf 64' lang='lat' dir='ltr'><strong>possit</strong></span> <span class='ocrx_word' id='word_1_572' title='bbox 2992 3108 3169 3168; x_wconf 91' lang='lat' dir='ltr'><strong>Deus,</strong></span> <span class='ocrx_word' id='word_1_573' title='bbox 3188 3107 3368 3187; x_wconf 81' lang='lat' dir='ltr'><strong>etiam</strong></span> <span class='ocrx_word' id='word_1_574' title='bbox 3393 3118 3430 3157; x_wconf 89' lang='lat' dir='ltr'>a</span> <span class='ocrx_word' id='word_1_575' title='bbox 3452 3105 3685 3195; x_wconf 39' lang='lat' dir='ltr'><strong>morituis</strong></span> 
     </span>
    </p>
   </div>
   <div class='ocr_carea' id='block_1_84' title="bbox 398 3179 1991 3239">
    <p class='ocr_par' dir='ltr' id='par_1_84' title="bbox 398 3179 1991 3239">
     <span class='ocr_line' id='line_1_84' title="bbox 398 3179 1991 3239; baseline -0.009 0"><span class='ocrx_word' id='word_1_576' title='bbox 398 3179 551 3239; x_wconf 63' lang='lat' dir='ltr'><strong>vina:</strong></span> <span class='ocrx_word' id='word_1_577' title='bbox 564 3183 953 3237; x_wconf 88' lang='lat' dir='ltr'><strong>miserationis</strong></span> <span class='ocrx_word' id='word_1_578' title='bbox 967 3179 1246 3233; x_wconf 80' lang='lat' dir='ltr'><strong>auxilium</strong></span> <span class='ocrx_word' id='word_1_579' title='bbox 1265 3194 1277 3229; x_wconf 93' lang='lat'>:</span> <span class='ocrx_word' id='word_1_580' title='bbox 1296 3184 1574 3229; x_wconf 64' lang='lat' dir='ltr'><strong>caeterum</strong></span> <span class='ocrx_word' id='word_1_581' title='bbox 1599 3180 1745 3239; x_wconf 87' lang='lat' dir='ltr'><strong>quasi</strong></span> <span class='ocrx_word' id='word_1_582' title='bbox 1763 3180 1884 3226; x_wconf 84' lang='lat' dir='ltr'><strong>stilo</strong></span> <span class='ocrx_word' id='word_1_583' title='bbox 1899 3184 1991 3225; x_wconf 87' lang='lat' dir='ltr'><strong>tra-</strong></span> 
     </span>
    </p>
   </div>
   <div class='ocr_carea' id='block_1_85' title="bbox 394 3251 1991 3323">
    <p class='ocr_par' dir='ltr' id='par_1_85' title="bbox 394 3251 1991 3323">
     <span class='ocr_line' id='line_1_85' title="bbox 394 3251 1991 3323; baseline -0.009 -13"><span class='ocrx_word' id='word_1_584' title='bbox 394 3259 540 3323; x_wconf 92' lang='lat' dir='ltr'><strong>gico,</strong></span> <span class='ocrx_word' id='word_1_585' title='bbox 554 3257 946 3309; x_wconf 89' lang='lat' dir='ltr'><strong>calamitatum</strong></span> <span class='ocrx_word' id='word_1_586' title='bbox 957 3253 1218 3305; x_wconf 88' lang='lat' dir='ltr'><strong>ordinem</strong></span> <span class='ocrx_word' id='word_1_587' title='bbox 1232 3254 1664 3315; x_wconf 86' lang='lat' dir='ltr'><strong>persequentes.</strong></span> <span class='ocrx_word' id='word_1_588' title='bbox 1682 3251 1991 3323; x_wconf 78' lang='lat' dir='ltr'><strong>Principium</strong></span> 
     </span>
    </p>
   </div>
   <div class='ocr_carea' id='block_1_86' title="bbox 393 3320 1991 3395">
    <p class='ocr_par' dir='ltr' id='par_1_86' title="bbox 393 3320 1991 3395">
     <span class='ocr_line' id='line_1_86' title="bbox 393 3320 1991 3395; baseline -0.008 -13"><span class='ocrx_word' id='word_1_589' title='bbox 393 3320 785 3395; x_wconf 29' lang='lat' dir='ltr'><strong>ergo’istorum</strong></span> <span class='ocrx_word' id='word_1_590' title='bbox 807 3330 1024 3389; x_wconf 88' lang='lat' dir='ltr'><strong>vatum,</strong></span> <span class='ocrx_word' id='word_1_591' title='bbox 1052 3326 1150 3387; x_wconf 92' lang='lat' dir='ltr'><strong>qui</strong></span> <span class='ocrx_word' id='word_1_592' title='bbox 1169 3324 1278 3375; x_wconf 87' lang='lat' dir='ltr'><strong>hac</strong></span> <span class='ocrx_word' id='word_1_593' title='bbox 1307 3323 1592 3395; x_wconf 74' lang='lat' dir='ltr'><strong>prmcipue</strong></span> <span class='ocrx_word' id='word_1_594' title='bbox 1616 3320 1991 3384; x_wconf 89' lang='lat' dir='ltr'><strong>appellatione</strong></span> 
     </span>
    </p>
   </div>
   <div class='ocr_carea' id='block_1_87' title="bbox 393 3393 1988 3465">
    <p class='ocr_par' dir='ltr' id='par_1_87' title="bbox 393 3393 1988 3465">
     <span class='ocr_line' id='line_1_87' title="bbox 393 3393 1988 3465; baseline -0.009 -12"><span class='ocrx_word' id='word_1_595' title='bbox 393 3393 605 3465; x_wconf 80' lang='lat' dir='ltr'><strong>signati</strong></span> <span class='ocrx_word' id='word_1_596' title='bbox 624 3401 879 3460; x_wconf 85' lang='lat' dir='ltr'><strong>fuerunt,</strong></span> <span class='ocrx_word' id='word_1_597' title='bbox 910 3403 976 3449; x_wconf 91' lang='lat' dir='ltr'><strong>ut</strong></span> <span class='ocrx_word' id='word_1_598' title='bbox 999 3396 1295 3460; x_wconf 70' lang='lat' dir='ltr'><strong>propheta:</strong></span> <span class='ocrx_word' id='word_1_599' title='bbox 1310 3393 1767 3455; x_wconf 89' lang='lat' dir='ltr'><strong>nominarentur,</strong></span> <span class='ocrx_word' id='word_1_600' title='bbox 1793 3404 1828 3442; x_wconf 92' lang='lat' dir='ltr'>a</span> <span class='ocrx_word' id='word_1_601' title='bbox 1850 3395 1988 3440; x_wconf 81' lang='lat' dir='ltr'><strong>beato</strong></span> 
     </span>
    </p>
   </div>
   <div class='ocr_carea' id='block_1_88' title="bbox 392 3466 1989 3534">
    <p class='ocr_par' dir='ltr' id='par_1_88' title="bbox 392 3466 1989 3534">
     <span class='ocr_line' id='line_1_88' title="bbox 392 3466 1989 3534; baseline -0.008 -9"><span class='ocrx_word' id='word_1_602' title='bbox 392 3474 536 3525; x_wconf 89' lang='lat' dir='ltr'><strong>Osee</strong></span> <span class='ocrx_word' id='word_1_603' title='bbox 551 3475 887 3534; x_wconf 88' lang='lat' dir='ltr'><strong>susceptum</strong></span> <span class='ocrx_word' id='word_1_604' title='bbox 904 3480 1036 3519; x_wconf 89' lang='lat' dir='ltr'><strong>esse</strong></span> <span class='ocrx_word' id='word_1_605' title='bbox 1050 3478 1382 3527; x_wconf 91' lang='lat' dir='ltr'><strong>noscamus,</strong></span> <span class='ocrx_word' id='word_1_606' title='bbox 1406 3466 1503 3527; x_wconf 89' lang='lat' dir='ltr'><strong>qui</strong></span> <span class='ocrx_word' id='word_1_607' title='bbox 1520 3477 1748 3515; x_wconf 92' lang='lat' dir='ltr'><strong>morum</strong></span> <span class='ocrx_word' id='word_1_608' title='bbox 1770 3468 1827 3514; x_wconf 93' lang='lat' dir='ltr'><strong>et</strong></span> <span class='ocrx_word' id='word_1_609' title='bbox 1844 3478 1989 3523; x_wconf 83' lang='lat' dir='ltr'><strong>gene-</strong></span> 
     </span>
    </p>
   </div>
   <div class='ocr_carea' id='block_1_89' title="bbox 392 3536 1992 3601">
    <p class='ocr_par' dir='ltr' id='par_1_89' title="bbox 392 3536 1992 3601">
     <span class='ocr_line' id='line_1_89' title="bbox 392 3536 1992 3601; baseline -0.007 -6"><span class='ocrx_word' id='word_1_610' title='bbox 392 3545 471 3595; x_wconf 90' lang='lat' dir='ltr'><strong>ris</strong></span> <span class='ocrx_word' id='word_1_611' title='bbox 489 3544 791 3594; x_wconf 86' lang='lat' dir='ltr'><strong>sanctitate</strong></span> <span class='ocrx_word' id='word_1_612' title='bbox 808 3542 1178 3601; x_wconf 90' lang='lat' dir='ltr'><strong>conspicuus,</strong></span> <span class='ocrx_word' id='word_1_613' title='bbox 1199 3538 1368 3587; x_wconf 89' lang='lat' dir='ltr'><strong>talem</strong></span> <span class='ocrx_word' id='word_1_614' title='bbox 1386 3548 1418 3585; x_wconf 91' lang='grc' dir='ltr'>ο</span> <span class='ocrx_word' id='word_1_615' title='bbox 1426 3547 1618 3598; x_wconf 79' lang='lat' dir='ltr'><strong>peram</strong></span> <span class='ocrx_word' id='word_1_616' title='bbox 1635 3536 1992 3586; x_wconf 83' lang='lat' dir='ltr'><strong>concionato-</strong></span> 
     </span>
    </p>
   </div>
   <div class='ocr_carea' id='block_1_90' title="bbox 391 3607 1990 3674">
    <p class='ocr_par' dir='ltr' id='par_1_90' title="bbox 391 3607 1990 3674">
     <span class='ocr_line' id='line_1_90' title="bbox 391 3607 1990 3674; baseline -0.006 -8"><span class='ocrx_word' id='word_1_617' title='bbox 391 3616 470 3667; x_wconf 89' lang='lat' dir='ltr'><strong>ris</strong></span> <span class='ocrx_word' id='word_1_618' title='bbox 486 3613 784 3674; x_wconf 90' lang='lat' dir='ltr'><strong>assumsit,</strong></span> <span class='ocrx_word' id='word_1_619' title='bbox 802 3614 868 3662; x_wconf 92' lang='lat' dir='ltr'><strong>ut</strong></span> <span class='ocrx_word' id='word_1_620' title='bbox 882 3610 1191 3661; x_wconf 89' lang='lat' dir='ltr'><strong>sustineret</strong></span> <span class='ocrx_word' id='word_1_621' title='bbox 1204 3619 1509 3671; x_wconf 87' lang='lat' dir='ltr'><strong>personam</strong></span> <span class='ocrx_word' id='word_1_622' title='bbox 1522 3612 1580 3657; x_wconf 92' lang='lat' dir='ltr'><strong>et</strong></span> <span class='ocrx_word' id='word_1_623' title='bbox 1594 3607 1990 3671; x_wconf 84' lang='lat' dir='ltr'><strong>redemptoris,</strong></span> 
     </span>
    </p>
   </div>
   <div class='ocr_carea' id='block_1_91' title="bbox 393 3676 1987 3748">
    <p class='ocr_par' dir='ltr' id='par_1_91' title="bbox 393 3676 1987 3748">
     <span class='ocr_line' id='line_1_91' title="bbox 393 3676 1987 3748; baseline -0.006 -11"><span class='ocrx_word' id='word_1_624' title='bbox 393 3691 452 3738; x_wconf 91' lang='lat' dir='ltr'><strong>et</strong></span> <span class='ocrx_word' id='word_1_625' title='bbox 468 3684 704 3748; x_wconf 85' lang='lat' dir='ltr'><strong>judicis,</strong></span> <span class='ocrx_word' id='word_1_626' title='bbox 729 3680 885 3745; x_wconf 89' lang='lat' dir='ltr'><strong>quod</strong></span> <span class='ocrx_word' id='word_1_627' title='bbox 911 3693 1011 3744; x_wconf 88' lang='lat' dir='ltr'><strong>per</strong></span> <span class='ocrx_word' id='word_1_628' title='bbox 1040 3684 1225 3730; x_wconf 92' lang='lat' dir='ltr'>totum</span> <span class='ocrx_word' id='word_1_629' title='bbox 1258 3690 1407 3741; x_wconf 89' lang='lat' dir='ltr'><strong>opus</strong></span> <span class='ocrx_word' id='word_1_630' title='bbox 1431 3676 1639 3727; x_wconf 88' lang='lat' dir='ltr'><strong>clarius</strong></span> <span class='ocrx_word' id='word_1_631' title='bbox 1673 3679 1987 3740; x_wconf 87' lang='lat' dir='ltr'><strong>apparebit.</strong></span> 
     </span>
    </p>
   </div>
   <div class='ocr_carea' id='block_1_92' title="bbox 459 3748 1986 3807">
    <p class='ocr_par' dir='ltr' id='par_1_92' title="bbox 459 3748 1986 3807">
     <span class='ocr_line' id='line_1_92' title="bbox 459 3748 1986 3807; baseline -0.006 0"><span class='ocrx_word' id='word_1_632' title='bbox 459 3758 621 3807; x_wconf 83' lang='lat' dir='ltr'><strong>Vers.</strong></span> <span class='ocrx_word' id='word_1_633' title='bbox 666 3753 717 3807; x_wconf 75' lang='lat'><strong>‘2.</strong></span> <span class='ocrx_word' id='word_1_634' title='bbox 765 3752 816 3806; x_wconf 88' lang='lat'><strong>3.</strong></span> <span class='ocrx_word' id='word_1_635' title='bbox 862 3752 913 3805; x_wconf 80' lang='grc'>4.</span> <span class='ocrx_word' id='word_1_636' title='bbox 955 3750 1005 3803; x_wconf 85' lang='grc'><strong>5.</strong></span> <span class='ocrx_word' id='word_1_637' title='bbox 1037 3777 1097 3786; x_wconf 94' lang='lat'><strong>—</strong></span> <span class='ocrx_word' id='word_1_638' title='bbox 1132 3750 1201 3798; x_wconf 89' lang='lat' dir='ltr'><strong>Et</strong></span> <span class='ocrx_word' id='word_1_639' title='bbox 1245 3748 1388 3797; x_wconf 72' lang='lat' dir='ltr'><strong>dixit</strong></span> <span class='ocrx_word' id='word_1_640' title='bbox 1421 3749 1686 3797; x_wconf 76' lang='lat' dir='ltr'><strong>Dominus</strong></span> <span class='ocrx_word' id='word_1_641' title='bbox 1719 3751 1790 3796; x_wconf 87' lang='lat' dir='ltr'><strong>ad</strong></span> <span class='ocrx_word' id='word_1_642' title='bbox 1832 3750 1986 3799; x_wconf 85' lang='lat' dir='ltr'><strong>Osee:</strong></span> 
     </span>
    </p>
   </div>
   <div class='ocr_carea' id='block_1_93' title="bbox 407 3819 1990 3887">
    <p class='ocr_par' dir='ltr' id='par_1_93' title="bbox 407 3819 1990 3887">
     <span class='ocr_line' id='line_1_93' title="bbox 407 3819 1990 3887; baseline -0.007 -9"><span class='ocrx_word' id='word_1_643' title='bbox 407 3828 564 3887; x_wconf 83' lang='lat' dir='ltr'><strong>Vade,</strong></span> <span class='ocrx_word' id='word_1_644' title='bbox 589 3839 739 3875; x_wconf 88' lang='lat' dir='ltr'><strong>sume</strong></span> <span class='ocrx_word' id='word_1_645' title='bbox 762 3822 857 3871; x_wconf 82' lang='lat' dir='ltr'><strong>tibi</strong></span> <span class='ocrx_word' id='word_1_646' title='bbox 879 3836 1105 3871; x_wconf 74' lang='lat' dir='ltr'><strong>uxorem</strong></span> <span class='ocrx_word' id='word_1_647' title='bbox 1128 3820 1561 3884; x_wconf 81' lang='lat' dir='ltr'><strong>fornicationum</strong></span> <span class='ocrx_word' id='word_1_648' title='bbox 1584 3825 1627 3867; x_wconf 83' lang='lat' dir='ltr'><strong>et</strong></span> <span class='ocrx_word' id='word_1_649' title='bbox 1648 3819 1787 3883; x_wconf 79' lang='lat' dir='ltr'><strong>ﬁlios</strong></span> <span class='ocrx_word' id='word_1_650' title='bbox 1808 3819 1990 3881; x_wconf 76' lang='lat' dir='ltr'><strong>forni-</strong></span> 
     </span>
    </p>
   </div>
   <div class='ocr_carea' id='block_1_94' title="bbox 397 3890 1987 3960">
    <p class='ocr_par' dir='ltr' id='par_1_94' title="bbox 397 3890 1987 3960">
     <span class='ocr_line' id='line_1_94' title="bbox 397 3890 1987 3960; baseline -0.004 -11"><span class='ocrx_word' id='word_1_651' title='bbox 397 3900 674 3951; x_wconf 78' lang='lat' dir='ltr'><strong>cationum</strong></span> <span class='ocrx_word' id='word_1_652' title='bbox 687 3912 703 3944; x_wconf 89' lang='lat'><strong><em>:</em></strong></span> <span class='ocrx_word' id='word_1_653' title='bbox 715 3896 850 3960; x_wconf 78' lang='lat' dir='ltr'><strong>quia</strong></span> <span class='ocrx_word' id='word_1_654' title='bbox 857 3894 1144 3959; x_wconf 76' lang='lat' dir='ltr'><strong>fornicans</strong></span> <span class='ocrx_word' id='word_1_655' title='bbox 1153 3890 1518 3955; x_wconf 77' lang='lat' dir='ltr'><strong>fornicabitur</strong></span> <span class='ocrx_word' id='word_1_656' title='bbox 1533 3891 1987 3943; x_wconf 80' lang='lat' dir='ltr'><strong>terraaDomino.</strong></span> 
     </span>
    </p>
   </div>
   <div class='ocr_carea' id='block_1_95' title="bbox 396 3962 1993 4031">
    <p class='ocr_par' dir='ltr' id='par_1_95' title="bbox 396 3962 1993 4031">
     <span class='ocr_line' id='line_1_95' title="bbox 396 3962 1993 4031; baseline -0.006 -10"><span class='ocrx_word' id='word_1_657' title='bbox 396 3971 465 4021; x_wconf 83' lang='lat' dir='ltr'><strong>Et</strong></span> <span class='ocrx_word' id='word_1_658' title='bbox 484 3969 636 4029; x_wconf 83' lang='lat' dir='ltr'><strong>abiit,</strong></span> <span class='ocrx_word' id='word_1_659' title='bbox 659 3974 705 4017; x_wconf 86' lang='lat' dir='ltr'><strong>et</strong></span> <span class='ocrx_word' id='word_1_660' title='bbox 720 3968 936 4031; x_wconf 81' lang='lat' dir='ltr'><strong>accepit,</strong></span> <span class='ocrx_word' id='word_1_661' title='bbox 958 3966 1213 4015; x_wconf 83' lang='lat' dir='ltr'><strong>Gommor</strong></span> <span class='ocrx_word' id='word_1_662' title='bbox 1243 3963 1419 4026; x_wconf 79' lang='lat' dir='ltr'><strong>filiam</strong></span> <span class='ocrx_word' id='word_1_663' title='bbox 1444 3962 1735 4020; x_wconf 83' lang='lat' dir='ltr'><strong>chelaim,</strong></span> <span class='ocrx_word' id='word_1_664' title='bbox 1752 3968 1796 4012; x_wconf 90' lang='lat' dir='ltr'><strong>et</strong></span> <span class='ocrx_word' id='word_1_665' title='bbox 1813 3978 1993 4012; x_wconf 82' lang='lat' dir='ltr'><strong>conce-</strong></span> 
     </span>
    </p>
   </div>
   <div class='ocr_carea' id='block_1_96' title="bbox 397 4035 1992 4108">
    <p class='ocr_par' dir='ltr' id='par_1_96' title="bbox 397 4035 1992 4108">
     <span class='ocr_line' id='line_1_96' title="bbox 397 4035 1992 4108; baseline -0.004 -17"><span class='ocrx_word' id='word_1_666' title='bbox 397 4048 471 4108; x_wconf 79' lang='lat' dir='ltr'><strong>pit</strong></span> <span class='ocrx_word' id='word_1_667' title='bbox 494 4048 539 4091; x_wconf 87' lang='lat' dir='ltr'><strong>et</strong></span> <span class='ocrx_word' id='word_1_668' title='bbox 560 4040 765 4106; x_wconf 81' lang='lat' dir='ltr'><strong>peperit</strong></span> <span class='ocrx_word' id='word_1_669' title='bbox 784 4039 983 4102; x_wconf 84' lang='lat' dir='ltr'><strong>ﬁlium.</strong></span> <span class='ocrx_word' id='word_1_670' title='bbox 1006 4037 1073 4086; x_wconf 88' lang='lat' dir='ltr'><strong>Et</strong></span> <span class='ocrx_word' id='word_1_671' title='bbox 1096 4037 1239 4085; x_wconf 70' lang='lat' dir='ltr'><strong>dixit</strong></span> <span class='ocrx_word' id='word_1_672' title='bbox 1261 4037 1531 4108; x_wconf 82' lang='lat' dir='ltr'><strong>Dominus</strong></span> <span class='ocrx_word' id='word_1_673' title='bbox 1559 4035 1633 4108; x_wconf 85' lang='lat' dir='ltr'><strong>ad</strong></span> <span class='ocrx_word' id='word_1_674' title='bbox 1662 4050 1783 4083; x_wconf 86' lang='lat' dir='ltr'><strong>eum</strong></span> <span class='ocrx_word' id='word_1_675' title='bbox 1811 4050 1823 4087; x_wconf 90' lang='lat'><strong>:</strong></span> <span class='ocrx_word' id='word_1_676' title='bbox 1858 4037 1992 4087; x_wconf 89' lang='lat' dir='ltr'><strong>Voca</strong></span> 
     </span>
    </p>
   </div>
   <div class='ocr_carea' id='block_1_97' title="bbox 395 4106 1993 4177">
    <p class='ocr_par' dir='ltr' id='par_1_97' title="bbox 395 4106 1993 4177">
     <span class='ocr_line' id='line_1_97' title="bbox 395 4106 1993 4177; baseline -0.006 -12"><span class='ocrx_word' id='word_1_677' title='bbox 395 4106 592 4165; x_wconf 74' lang='lat' dir='ltr'><strong>uomen</strong></span> <span class='ocrx_word' id='word_1_678' title='bbox 607 4113 722 4177; x_wconf 84' lang='lat' dir='ltr'><strong>ejus</strong></span> <span class='ocrx_word' id='word_1_679' title='bbox 743 4109 1005 4170; x_wconf 80' lang='lat' dir='ltr'><strong>Jesrahel,</strong></span> <span class='ocrx_word' id='word_1_680' title='bbox 1024 4109 1289 4172; x_wconf 84' lang='lat' dir='ltr'><strong>quoniam</strong></span> <span class='ocrx_word' id='word_1_681' title='bbox 1301 4106 1484 4156; x_wconf 85' lang='lat' dir='ltr'><strong>adhuc</strong></span> <span class='ocrx_word' id='word_1_682' title='bbox 1500 4107 1794 4169; x_wconf 86' lang='lat' dir='ltr'><strong>modicum,</strong></span> <span class='ocrx_word' id='word_1_683' title='bbox 1812 4112 1857 4156; x_wconf 87' lang='lat' dir='ltr'><strong>et</strong></span> <span class='ocrx_word' id='word_1_684' title='bbox 1874 4109 1993 4157; x_wconf 85' lang='lat' dir='ltr'><strong>visi-</strong></span> 
     </span>
    </p>
   </div>
   <div class='ocr_carea' id='block_1_98' title="bbox 397 4178 1991 4248">
    <p class='ocr_par' dir='ltr' id='par_1_98' title="bbox 397 4178 1991 4248">
     <span class='ocr_line' id='line_1_98' title="bbox 397 4178 1991 4248; baseline -0.004 -12"><span class='ocrx_word' id='word_1_685' title='bbox 397 4187 516 4236; x_wconf 87' lang='lat' dir='ltr'><strong>tabo</strong></span> <span class='ocrx_word' id='word_1_686' title='bbox 533 4183 860 4248; x_wconf 80' lang='lat' dir='ltr'><strong>sanguinem</strong></span> <span class='ocrx_word' id='word_1_687' title='bbox 891 4180 1134 4231; x_wconf 80' lang='lat' dir='ltr'><strong>Jesrahel</strong></span> <span class='ocrx_word' id='word_1_688' title='bbox 1155 4195 1317 4244; x_wconf 79' lang='lat' dir='ltr'><strong>super</strong></span> <span class='ocrx_word' id='word_1_689' title='bbox 1339 4179 1560 4228; x_wconf 88' lang='lat' dir='ltr'><strong>domum</strong></span> <span class='ocrx_word' id='word_1_690' title='bbox 1584 4178 1743 4242; x_wconf 87' lang='lat' dir='ltr'><strong>Jehu,</strong></span> <span class='ocrx_word' id='word_1_691' title='bbox 1772 4184 1817 4228; x_wconf 86' lang='lat' dir='ltr'><strong>et</strong></span> <span class='ocrx_word' id='word_1_692' title='bbox 1846 4181 1991 4243; x_wconf 85' lang='lat' dir='ltr'><strong>quis-</strong></span> 
     </span>
    </p>
   </div>
   <div class='ocr_carea' id='block_1_99' title="bbox 391 4250 1993 4321">
    <p class='ocr_par' dir='ltr' id='par_1_99' title="bbox 391 4250 1993 4321">
     <span class='ocr_line' id='line_1_99' title="bbox 391 4250 1993 4321; baseline -0.006 -13"><span class='ocrx_word' id='word_1_693' title='bbox 391 4273 505 4308; x_wconf 85' lang='lat' dir='ltr'><strong>cere</strong></span> <span class='ocrx_word' id='word_1_694' title='bbox 538 4258 751 4321; x_wconf 82' lang='lat' dir='ltr'><strong>faciam</strong></span> <span class='ocrx_word' id='word_1_695' title='bbox 780 4268 1013 4319; x_wconf 79' lang='lat' dir='ltr'><strong>regnum</strong></span> <span class='ocrx_word' id='word_1_696' title='bbox 1050 4254 1244 4303; x_wconf 87' lang='lat' dir='ltr'><strong>domus</strong></span> <span class='ocrx_word' id='word_1_697' title='bbox 1285 4251 1468 4312; x_wconf 81' lang='lat' dir='ltr'><strong>Israel,</strong></span> <span class='ocrx_word' id='word_1_698' title='bbox 1507 4256 1553 4300; x_wconf 83' lang='lat' dir='ltr'><strong>et</strong></span> <span class='ocrx_word' id='word_1_699' title='bbox 1576 4250 1675 4302; x_wconf 83' lang='lat' dir='ltr'><strong>illa</strong></span> <span class='ocrx_word' id='word_1_700' title='bbox 1705 4251 1793 4299; x_wconf 85' lang='lat' dir='ltr'><strong>dic</strong></span> <span class='ocrx_word' id='word_1_701' title='bbox 1818 4258 1993 4300; x_wconf 85' lang='lat' dir='ltr'><strong>conte-</strong></span> 
     </span>
    </p>
   </div>
   <div class='ocr_carea' id='block_1_100' title="bbox 396 4322 1992 4379">
    <p class='ocr_par' dir='ltr' id='par_1_100' title="bbox 396 4322 1992 4379">
     <span class='ocr_line' id='line_1_100' title="bbox 396 4322 1992 4379; baseline -0.003 0"><span class='ocrx_word' id='word_1_702' title='bbox 396 4344 521 4379; x_wconf 82' lang='lat' dir='ltr'><strong>ram</strong></span> <span class='ocrx_word' id='word_1_703' title='bbox 543 4344 735 4379; x_wconf 84' lang='lat' dir='ltr'><strong>arcum</strong></span> <span class='ocrx_word' id='word_1_704' title='bbox 754 4326 920 4377; x_wconf 81' lang='lat' dir='ltr'><strong>Israel</strong></span> <span class='ocrx_word' id='word_1_705' title='bbox 935 4327 995 4375; x_wconf 84' lang='lat' dir='ltr'><strong>in</strong></span> <span class='ocrx_word' id='word_1_706' title='bbox 1019 4324 1153 4375; x_wconf 81' lang='lat' dir='ltr'><strong>valle</strong></span> <span class='ocrx_word' id='word_1_707' title='bbox 1174 4324 1434 4374; x_wconf 80' lang='lat' dir='ltr'><strong>Jesrahel.</strong></span> <span class='ocrx_word' id='word_1_708' title='bbox 1464 4322 1724 4374; x_wconf 83' lang='lat' dir='ltr'><strong>Notanda</strong></span> <span class='ocrx_word' id='word_1_709' title='bbox 1752 4335 1992 4375; x_wconf 87' lang='lat' dir='ltr'><strong>consue-</strong></span> 
     </span>
    </p>
   </div>
   <div class='ocr_carea' id='block_1_101' title="bbox 399 4395 1994 4466">
    <p class='ocr_par' dir='ltr' id='par_1_101' title="bbox 399 4395 1994 4466">
     <span class='ocr_line' id='line_1_101' title="bbox 399 4395 1994 4466; baseline -0.007 -12"><span class='ocrx_word' id='word_1_710' title='bbox 399 4402 559 4466; x_wconf 90' lang='lat' dir='ltr'><strong>tudo,</strong></span> <span class='ocrx_word' id='word_1_711' title='bbox 575 4402 751 4452; x_wconf 91' lang='lat' dir='ltr'><strong>immo</strong></span> <span class='ocrx_word' id='word_1_712' title='bbox 768 4399 1021 4463; x_wconf 80' lang='lat' dir='ltr'><strong>dignitas</strong></span> <span class='ocrx_word' id='word_1_713' title='bbox 1038 4402 1371 4448; x_wconf 88' lang='lat' dir='ltr'><strong>sanctorum</strong></span> <span class='ocrx_word' id='word_1_714' title='bbox 1389 4396 1661 4454; x_wconf 91' lang='lat' dir='ltr'><strong>virorum,</strong></span> <span class='ocrx_word' id='word_1_715' title='bbox 1686 4395 1837 4457; x_wconf 89' lang='lat' dir='ltr'><strong>quod</strong></span> <span class='ocrx_word' id='word_1_716' title='bbox 1864 4403 1994 4455; x_wconf 87' lang='lat' dir='ltr'><strong>post-</strong></span> 
     </span>
    </p>
   </div>
   <div class='ocr_carea' id='block_1_102' title="bbox 398 4466 1987 4538">
    <p class='ocr_par' dir='ltr' id='par_1_102' title="bbox 398 4466 1987 4538">
     <span class='ocr_line' id='line_1_102' title="bbox 398 4466 1987 4538; baseline -0.006 -12"><span class='ocrx_word' id='word_1_717' title='bbox 398 4486 573 4538; x_wconf 89' lang='lat' dir='ltr'><strong>quam</strong></span> <span class='ocrx_word' id='word_1_718' title='bbox 596 4472 670 4525; x_wconf 91' lang='lat' dir='ltr'><strong>ad</strong></span> <span class='ocrx_word' id='word_1_719' title='bbox 699 4471 759 4523; x_wconf 91' lang='lat' dir='ltr'><strong>id</strong></span> <span class='ocrx_word' id='word_1_720' title='bbox 790 4471 1013 4523; x_wconf 90' lang='lat' dir='ltr'><strong>decoris</strong></span> <span class='ocrx_word' id='word_1_721' title='bbox 1035 4468 1417 4527; x_wconf 90' lang='lat' dir='ltr'><strong>ascenderint,</strong></span> <span class='ocrx_word' id='word_1_722' title='bbox 1447 4470 1508 4517; x_wconf 92' lang='lat' dir='ltr'><strong>ut</strong></span> <span class='ocrx_word' id='word_1_723' title='bbox 1542 4466 1740 4530; x_wconf 85' lang='lat' dir='ltr'><strong>lingua</strong></span> <span class='ocrx_word' id='word_1_724' title='bbox 1771 4478 1987 4528; x_wconf 85' lang='lat' dir='ltr'><strong>eorum,</strong></span> 
     </span>
    </p>
   </div>
   <div class='ocr_carea' id='block_1_103' title="bbox 399 4540 1993 4608">
    <p class='ocr_par' dir='ltr' id='par_1_103' title="bbox 399 4540 1993 4608">
     <span class='ocr_line' id='line_1_103' title="bbox 399 4540 1993 4608; baseline -0.004 -13"><span class='ocrx_word' id='word_1_725' title='bbox 399 4544 565 4608; x_wconf 90' lang='lat' dir='ltr'><strong>quasi</strong></span> <span class='ocrx_word' id='word_1_726' title='bbox 598 4542 817 4594; x_wconf 88' lang='lat' dir='ltr'><strong>calamo</strong></span> <span class='ocrx_word' id='word_1_727' title='bbox 841 4543 1065 4603; x_wconf 71' lang='lat' dir='ltr'><strong>scribis,</strong></span> <span class='ocrx_word' id='word_1_728' title='bbox 1094 4541 1376 4591; x_wconf 89' lang='lat' dir='ltr'><strong>Dominus</strong></span> <span class='ocrx_word' id='word_1_729' title='bbox 1406 4541 1605 4608; x_wconf 88' lang='lat' dir='ltr'><strong>noster</strong></span> <span class='ocrx_word' id='word_1_730' title='bbox 1638 4540 1851 4600; x_wconf 88' lang='lat' dir='ltr'><strong>utatur,</strong></span> <span class='ocrx_word' id='word_1_731' title='bbox 1874 4550 1993 4589; x_wconf 88' lang='lat' dir='ltr'><strong>non</strong></span> 
     </span>
    </p>
   </div>
   <div class='ocr_carea' id='block_1_104' title="bbox 399 4607 1993 4675">
    <p class='ocr_par' dir='ltr' id='par_1_104' title="bbox 399 4607 1993 4675">
     <span class='ocr_line' id='line_1_104' title="bbox 399 4607 1993 4675; baseline -0.008 -9"><span class='ocrx_word' id='word_1_732' title='bbox 399 4607 586 4667; x_wconf 79' lang='lat' dir='ltr'><strong>solum</strong></span> <span class='ocrx_word' id='word_1_733' title='bbox 608 4614 761 4665; x_wconf 89' lang='lat' dir='ltr'><strong>dicta</strong></span> <span class='ocrx_word' id='word_1_734' title='bbox 781 4625 1003 4675; x_wconf 90' lang='lat' dir='ltr'><strong>eorum,</strong></span> <span class='ocrx_word' id='word_1_735' title='bbox 1028 4612 1129 4663; x_wconf 89' lang='lat' dir='ltr'><strong>sed</strong></span> <span class='ocrx_word' id='word_1_736' title='bbox 1148 4611 1319 4662; x_wconf 88' lang='lat' dir='ltr'><strong>etiam</strong></span> <span class='ocrx_word' id='word_1_737' title='bbox 1335 4612 1519 4673; x_wconf 86' lang='lat' dir='ltr'><strong>gesta,</strong></span> <span class='ocrx_word' id='word_1_738' title='bbox 1542 4607 1761 4661; x_wconf 91' lang='lat' dir='ltr'><strong>honore</strong></span> <span class='ocrx_word' id='word_1_739' title='bbox 1778 4612 1993 4669; x_wconf 88' lang='lat' dir='ltr'><strong>prophe-</strong></span> 
     </span>
    </p>
   </div>
   <div class='ocr_carea' id='block_1_105' title="bbox 400 4680 1996 4746">
    <p class='ocr_par' dir='ltr' id='par_1_105' title="bbox 400 4680 1996 4746">
     <span class='ocr_line' id='line_1_105' title="bbox 400 4680 1996 4746; baseline -0.004 -8"><span class='ocrx_word' id='word_1_740' title='bbox 400 4687 511 4738; x_wconf 89' lang='lat' dir='ltr'><strong>tico</strong></span> <span class='ocrx_word' id='word_1_741' title='bbox 533 4686 855 4737; x_wconf 87' lang='lat' dir='ltr'><strong>vestiantur</strong></span> <span class='ocrx_word' id='word_1_742' title='bbox 881 4700 892 4730; x_wconf 89' lang='lat'><strong>:</strong></span> <span class='ocrx_word' id='word_1_743' title='bbox 919 4683 1415 4746; x_wconf 87' lang='lat' dir='ltr'><strong>enunciandisque</strong></span> <span class='ocrx_word' id='word_1_744' title='bbox 1439 4682 1745 4746; x_wconf 82' lang='lat' dir='ltr'><strong>mysteriis,</strong></span> <span class='ocrx_word' id='word_1_745' title='bbox 1775 4680 1863 4733; x_wconf 89' lang='lat' dir='ltr'><strong>vel</strong></span> <span class='ocrx_word' id='word_1_746' title='bbox 1892 4683 1996 4732; x_wconf 90' lang='lat' dir='ltr'><strong>do-</strong></span> 
     </span>
    </p>
   </div>
   <div class='ocr_carea' id='block_1_106' title="bbox 398 4753 1995 4820">
    <p class='ocr_par' dir='ltr' id='par_1_106' title="bbox 398 4753 1995 4820">
     <span class='ocr_line' id='line_1_106' title="bbox 398 4753 1995 4820; baseline -0.002 -12"><span class='ocrx_word' id='word_1_747' title='bbox 398 4757 581 4809; x_wconf 89' lang='lat' dir='ltr'><strong>cendo</strong></span> <span class='ocrx_word' id='word_1_748' title='bbox 618 4760 832 4820; x_wconf 87' lang='lat' dir='ltr'><strong>ponant</strong></span> <span class='ocrx_word' id='word_1_749' title='bbox 868 4768 1121 4818; x_wconf 90' lang='lat' dir='ltr'><strong>operam,</strong></span> <span class='ocrx_word' id='word_1_750' title='bbox 1161 4756 1253 4806; x_wconf 90' lang='lat' dir='ltr'><strong>vel</strong></span> <span class='ocrx_word' id='word_1_751' title='bbox 1284 4753 1553 4817; x_wconf 87' lang='lat' dir='ltr'><strong>gerendo.</strong></span> <span class='ocrx_word' id='word_1_752' title='bbox 1597 4755 1662 4803; x_wconf 90' lang='lat' dir='ltr'><strong>In</strong></span> <span class='ocrx_word' id='word_1_753' title='bbox 1696 4753 1823 4817; x_wconf 90' lang='lat' dir='ltr'><strong>ipso</strong></span> <span class='ocrx_word' id='word_1_754' title='bbox 1861 4766 1995 4816; x_wconf 84' lang='lat' dir='ltr'><strong>ergo</strong></span> 
     </span>
    </p>
   </div>
   <div class='ocr_carea' id='block_1_107' title="bbox 398 4826 1993 4891">
    <p class='ocr_par' dir='ltr' id='par_1_107' title="bbox 398 4826 1993 4891">
     <span class='ocr_line' id='line_1_107' title="bbox 398 4826 1993 4891; baseline -0.003 -10"><span class='ocrx_word' id='word_1_755' title='bbox 398 4827 851 4891; x_wconf 88' lang='lat' dir='ltr'><strong>compellationis</strong></span> <span class='ocrx_word' id='word_1_756' title='bbox 868 4826 1130 4877; x_wconf 89' lang='lat' dir='ltr'><strong>exordio:</strong></span> <span class='ocrx_word' id='word_1_757' title='bbox 1147 4826 1287 4890; x_wconf 77' lang='lat' dir='ltr'><strong>Hoc,</strong></span> <span class='ocrx_word' id='word_1_758' title='bbox 1312 4826 1520 4889; x_wconf 89' lang='lat' dir='ltr'><strong>inquit,</strong></span> <span class='ocrx_word' id='word_1_759' title='bbox 1545 4827 1708 4877; x_wconf 89' lang='lat' dir='ltr'><strong>beato</strong></span> <span class='ocrx_word' id='word_1_760' title='bbox 1725 4827 1890 4877; x_wconf 74' lang='lat' dir='ltr'><strong>Useaa</strong></span> <span class='ocrx_word' id='word_1_761' title='bbox 1910 4836 1993 4876; x_wconf 88' lang='lat' dir='ltr'><strong>sa-</strong></span> 
     </span>
    </p>
   </div>
   <div class='ocr_carea' id='block_1_108' title="bbox 399 4896 1994 4960">
    <p class='ocr_par' dir='ltr' id='par_1_108' title="bbox 399 4896 1994 4960">
     <span class='ocr_line' id='line_1_108' title="bbox 399 4896 1994 4960; baseline -0.005 -9"><span class='ocrx_word' id='word_1_762' title='bbox 399 4912 494 4951; x_wconf 89' lang='lat' dir='ltr'><strong>cer</strong></span> <span class='ocrx_word' id='word_1_763' title='bbox 508 4898 770 4949; x_wconf 89' lang='lat' dir='ltr'><strong>conditor</strong></span> <span class='ocrx_word' id='word_1_764' title='bbox 788 4898 1111 4960; x_wconf 87' lang='lat' dir='ltr'><strong>imperavit,</strong></span> <span class='ocrx_word' id='word_1_765' title='bbox 1129 4902 1210 4960; x_wconf 91' lang='lat' dir='ltr'><strong>ut,</strong></span> <span class='ocrx_word' id='word_1_766' title='bbox 1228 4903 1285 4948; x_wconf 90' lang='lat' dir='ltr'>et</span> <span class='ocrx_word' id='word_1_767' title='bbox 1305 4896 1582 4960; x_wconf 85' lang='lat' dir='ltr'><strong>propositi</strong></span> <span class='ocrx_word' id='word_1_768' title='bbox 1608 4896 1698 4948; x_wconf 88' lang='lat' dir='ltr'><strong>sui</strong></span> <span class='ocrx_word' id='word_1_769' title='bbox 1713 4900 1769 4948; x_wconf 89' lang='lat' dir='ltr'><strong>et</strong></span> <span class='ocrx_word' id='word_1_770' title='bbox 1785 4899 1994 4958; x_wconf 86' lang='lat' dir='ltr'><strong>sangui-</strong></span> 
     </span>
    </p>
   </div>
   <div class='ocr_carea' id='block_1_109' title="bbox 399 4968 1993 5034">
    <p class='ocr_par' dir='ltr' id='par_1_109' title="bbox 399 4968 1993 5034">
     <span class='ocr_line' id='line_1_109' title="bbox 399 4968 1993 5034; baseline -0.006 -10"><span class='ocrx_word' id='word_1_771' title='bbox 399 4973 491 5025; x_wconf 89' lang='lat' dir='ltr'><strong>nis</strong></span> <span class='ocrx_word' id='word_1_772' title='bbox 508 4968 809 5034; x_wconf 87' lang='lat' dir='ltr'><strong>splendore</strong></span> <span class='ocrx_word' id='word_1_773' title='bbox 824 4968 1107 5031; x_wconf 88' lang='lat' dir='ltr'><strong>neglecto,</strong></span> <span class='ocrx_word' id='word_1_774' title='bbox 1124 4969 1420 5020; x_wconf 64' lang='lat' dir='ltr'><strong>vilissimas</strong></span> <span class='ocrx_word' id='word_1_775' title='bbox 1442 4968 1714 5030; x_wconf 69' lang='lat' dir='ltr'><strong>fmminm,</strong></span> <span class='ocrx_word' id='word_1_776' title='bbox 1731 4980 1798 5019; x_wconf 90' lang='lat' dir='ltr'><strong>ac</strong></span> <span class='ocrx_word' id='word_1_777' title='bbox 1820 4972 1993 5028; x_wconf 82' lang='lat' dir='ltr'><strong>vulga-</strong></span> 
     </span>
    </p>
   </div>
   <div class='ocr_carea' id='block_1_110' title="bbox 400 5039 1991 5107">
    <p class='ocr_par' dir='ltr' id='par_1_110' title="bbox 400 5039 1991 5107">
     <span class='ocr_line' id='line_1_110' title="bbox 400 5039 1991 5107; baseline -0.004 -10"><span class='ocrx_word' id='word_1_778' title='bbox 400 5045 536 5097; x_wconf 78' lang='lat' dir='ltr'><strong>riter</strong></span> <span class='ocrx_word' id='word_1_779' title='bbox 550 5040 893 5107; x_wconf 79' lang='lat' dir='ltr'><strong>prostitutae,</strong></span> <span class='ocrx_word' id='word_1_780' title='bbox 911 5051 1012 5103; x_wconf 91' lang='lat' dir='ltr'><strong>per</strong></span> <span class='ocrx_word' id='word_1_781' title='bbox 1025 5039 1287 5090; x_wconf 88' lang='lat' dir='ltr'><strong>maritale</strong></span> <span class='ocrx_word' id='word_1_782' title='bbox 1309 5041 1560 5091; x_wconf 89' lang='lat' dir='ltr'><strong>consorti</strong></span> <span class='ocrx_word' id='word_1_783' title='bbox 1568 5053 1663 5091; x_wconf 90' lang='lat' dir='ltr'>um</span> <span class='ocrx_word' id='word_1_784' title='bbox 1674 5043 1768 5100; x_wconf 90' lang='lat' dir='ltr'><strong>jun</strong></span> <span class='ocrx_word' id='word_1_785' title='bbox 1776 5046 1991 5100; x_wconf 84' lang='lat' dir='ltr'><strong>geretur.</strong></span> 
     </span>
    </p>
   </div>
   <div class='ocr_carea' id='block_1_111' title="bbox 462 5181 1993 5248">
    <p class='ocr_par' dir='ltr' id='par_1_111' title="bbox 462 5181 1993 5248">
     <span class='ocr_line' id='line_1_111' title="bbox 462 5181 1993 5248; baseline -0.002 -10"><span class='ocrx_word' id='word_1_786' title='bbox 462 5196 481 5217; x_wconf 88' lang='grc'><strong>·</strong></span> <span class='ocrx_word' id='word_1_787' title='bbox 508 5186 563 5238; x_wconf 93' lang='lat' dir='ltr'><strong>S.</strong></span> <span class='ocrx_word' id='word_1_788' title='bbox 590 5184 976 5248; x_wconf 86' lang='lat' dir='ltr'><strong>Hieronymus</strong></span> <span class='ocrx_word' id='word_1_789' title='bbox 1005 5182 1067 5234; x_wconf 90' lang='lat' dir='ltr'><strong>in</strong></span> <span class='ocrx_word' id='word_1_790' title='bbox 1099 5181 1257 5233; x_wconf 92' lang='lat' dir='ltr'><strong>hunc</strong></span> <span class='ocrx_word' id='word_1_791' title='bbox 1283 5181 1496 5247; x_wconf 88' lang='lat' dir='ltr'><strong>locum,</strong></span> <span class='ocrx_word' id='word_1_792' title='bbox 1525 5182 1639 5232; x_wconf 75' lang='lat' dir='ltr'><strong>Atii</strong></span> <span class='ocrx_word' id='word_1_793' title='bbox 1662 5188 1843 5233; x_wconf 88' lang='lat' dir='ltr'><strong>autem</strong></span> <span class='ocrx_word' id='word_1_794' title='bbox 1878 5199 1993 5235; x_wconf 82' lang='lat' dir='ltr'><strong>non</strong></span> 
     </span>
    </p>
   </div>
   <div class='ocr_carea' id='block_1_112' title="bbox 395 5254 1991 5325">
    <p class='ocr_par' dir='ltr' id='par_1_112' title="bbox 395 5254 1991 5325">
     <span class='ocr_line' id='line_1_112' title="bbox 395 5254 1991 5325; baseline 0.001 -17"><span class='ocrx_word' id='word_1_795' title='bbox 395 5259 644 5325; x_wconf 76' lang='lat' dir='ltr'><strong>primum</strong></span> <span class='ocrx_word' id='word_1_796' title='bbox 666 5256 917 5306; x_wconf 82' lang='lat' dir='ltr'><strong>omnium</strong></span> <span class='ocrx_word' id='word_1_797' title='bbox 933 5254 1332 5319; x_wconf 79' lang='lat' dir='ltr'><strong>Pr0phetarum</strong></span> <span class='ocrx_word' id='word_1_798' title='bbox 1354 5254 1539 5303; x_wconf 81' lang='lat' dir='ltr'><strong>volunt</strong></span> <span class='ocrx_word' id='word_1_799' title='bbox 1566 5254 1731 5317; x_wconf 80' lang='lat' dir='ltr'><strong>fuisse</strong></span> <span class='ocrx_word' id='word_1_800' title='bbox 1749 5256 1991 5309; x_wconf 88' lang='lat' dir='ltr'><strong>Osce......</strong></span> 
     </span>
    </p>
   </div>
   <div class='ocr_carea' id='block_1_113' title="bbox 397 5327 1993 5394">
    <p class='ocr_par' dir='ltr' id='par_1_113' title="bbox 397 5327 1993 5394">
     <span class='ocr_line' id='line_1_113' title="bbox 397 5327 1993 5394; baseline -0.003 -12"><span class='ocrx_word' id='word_1_801' title='bbox 397 5332 486 5382; x_wconf 81' lang='lat' dir='ltr'><strong>sed</strong></span> <span class='ocrx_word' id='word_1_802' title='bbox 527 5330 751 5394; x_wconf 79' lang='lat' dir='ltr'><strong>ostendi,</strong></span> <span class='ocrx_word' id='word_1_803' title='bbox 780 5327 926 5393; x_wconf 88' lang='lat' dir='ltr'><strong>quod</strong></span> <span class='ocrx_word' id='word_1_804' title='bbox 971 5327 1094 5386; x_wconf 76' lang='lat' dir='ltr'><strong>haec,</strong></span> <span class='ocrx_word' id='word_1_805' title='bbox 1120 5341 1236 5390; x_wconf 71' lang='lat' dir='ltr'><strong>qua:</strong></span> <span class='ocrx_word' id='word_1_806' title='bbox 1279 5331 1599 5391; x_wconf 80' lang='lat' dir='ltr'><strong>sequuntur,</strong></span> <span class='ocrx_word' id='word_1_807' title='bbox 1623 5328 1872 5391; x_wconf 79' lang='lat' dir='ltr'><strong>primum</strong></span> <span class='ocrx_word' id='word_1_808' title='bbox 1918 5328 1993 5378; x_wconf 85' lang='lat' dir='ltr'><strong>ad</strong></span> 
     </span>
    </p>
   </div>
   <div class='ocr_carea' id='block_1_114' title="bbox 401 5398 1327 5463">
    <p class='ocr_par' dir='ltr' id='par_1_114' title="bbox 401 5398 1327 5463">
     <span class='ocr_line' id='line_1_114' title="bbox 401 5398 1327 5463; baseline -0.002 -10"><span class='ocrx_word' id='word_1_809' title='bbox 401 5404 521 5454; x_wconf 86' lang='lat' dir='ltr'><strong>Osee</strong></span> <span class='ocrx_word' id='word_1_810' title='bbox 543 5403 813 5452; x_wconf 76' lang='lat' dir='ltr'><strong>Dominus</strong></span> <span class='ocrx_word' id='word_1_811' title='bbox 836 5400 905 5450; x_wconf 86' lang='lat' dir='ltr'><strong>sit</strong></span> <span class='ocrx_word' id='word_1_812' title='bbox 925 5398 1196 5463; x_wconf 87' lang='lat' dir='ltr'><strong>loquutus,</strong></span> <span class='ocrx_word' id='word_1_813' title='bbox 1221 5400 1327 5451; x_wconf 90' lang='lat' dir='ltr'><strong>etc’.</strong></span> 
     </span>
    </p>
   </div>
   <div class='ocr_carea' id='block_1_115' title="bbox 459 5471 1994 5536">
    <p class='ocr_par' dir='ltr' id='par_1_115' title="bbox 459 5471 1994 5536">
     <span class='ocr_line' id='line_1_115' title="bbox 459 5471 1994 5536; baseline 0.001 -14"><span class='ocrx_word' id='word_1_814' title='bbox 459 5474 481 5503; x_wconf 64' lang='grc' dir='ltr'>δ</span> <span class='ocrx_word' id='word_1_815' title='bbox 511 5478 595 5524; x_wconf 89' lang='lat' dir='ltr'><strong>Ita</strong></span> <span class='ocrx_word' id='word_1_816' title='bbox 620 5486 728 5524; x_wconf 91' lang='lat' dir='ltr'><strong>nos</strong></span> <span class='ocrx_word' id='word_1_817' title='bbox 762 5471 1128 5536; x_wconf 90' lang='lat' dir='ltr'><strong>reposuimus</strong></span> <span class='ocrx_word' id='word_1_818' title='bbox 1163 5485 1333 5533; x_wconf 84' lang='lat' dir='ltr'><strong>nunc,</strong></span> <span class='ocrx_word' id='word_1_819' title='bbox 1370 5482 1473 5535; x_wconf 90' lang='lat' dir='ltr'><strong>pro</strong></span> <span class='ocrx_word' id='word_1_820' title='bbox 1511 5483 1625 5535; x_wconf 90' lang='lat' dir='ltr'><strong>quo</strong></span> <span class='ocrx_word' id='word_1_821' title='bbox 1654 5476 1825 5524; x_wconf 87' lang='lat' dir='ltr'><strong>antea</strong></span> <span class='ocrx_word' id='word_1_822' title='bbox 1862 5484 1994 5525; x_wconf 92' lang='lat' dir='ltr'><strong>con-</strong></span> 
     </span>
    </p>
   </div>
   <div class='ocr_carea' id='block_1_116' title="bbox 400 5542 1231 5607">
    <p class='ocr_par' dir='ltr' id='par_1_116' title="bbox 400 5542 1231 5607">
     <span class='ocr_line' id='line_1_116' title="bbox 400 5542 1231 5607; baseline -0.004 -10"><span class='ocrx_word' id='word_1_823' title='bbox 400 5544 570 5597; x_wconf 87' lang='lat' dir='ltr'><strong>trario</strong></span> <span class='ocrx_word' id='word_1_824' title='bbox 597 5557 776 5596; x_wconf 88' lang='lat' dir='ltr'><strong>sensu</strong></span> <span class='ocrx_word' id='word_1_825' title='bbox 799 5558 894 5593; x_wconf 82' lang='lat' dir='ltr'><strong>nec</strong></span> <span class='ocrx_word' id='word_1_826' title='bbox 914 5542 1231 5607; x_wconf 88' lang='lat' dir='ltr'><strong>legebatur.</strong></span> 
     </span>
    </p>
   </div>
   <div class='ocr_carea' id='block_1_117' title="bbox 462 5615 1991 5679">
    <p class='ocr_par' dir='ltr' id='par_1_117' title="bbox 462 5615 1991 5679">
     <span class='ocr_line' id='line_1_117' title="bbox 462 5615 1991 5679; baseline 0.001 -14"><span class='ocrx_word' id='word_1_827' title='bbox 462 5624 481 5645; x_wconf 85' lang='lat'><strong><em>°</em></strong></span> <span class='ocrx_word' id='word_1_828' title='bbox 502 5616 591 5665; x_wconf 87' lang='lat' dir='ltr'><strong>Ab</strong></span> <span class='ocrx_word' id='word_1_829' title='bbox 618 5615 825 5667; x_wconf 88' lang='lat' dir='ltr'><strong>horum</strong></span> <span class='ocrx_word' id='word_1_830' title='bbox 848 5616 1110 5679; x_wconf 88' lang='lat' dir='ltr'><strong>partibus</strong></span> <span class='ocrx_word' id='word_1_831' title='bbox 1143 5620 1260 5667; x_wconf 87' lang='lat' dir='ltr'><strong>stat</strong></span> <span class='ocrx_word' id='word_1_832' title='bbox 1283 5618 1522 5666; x_wconf 89' lang='lat' dir='ltr'><strong>sanctus</strong></span> <span class='ocrx_word' id='word_1_833' title='bbox 1546 5627 1776 5679; x_wconf 88' lang='lat' dir='ltr'><strong>quoque</strong></span> <span class='ocrx_word' id='word_1_834' title='bbox 1798 5615 1991 5667; x_wconf 84' lang='lat' dir='ltr'><strong>Hiero-</strong></span> 
     </span>
    </p>
   </div>
   <div class='ocr_carea' id='block_1_118' title="bbox 397 5687 1989 5751">
    <p class='ocr_par' dir='ltr' id='par_1_118' title="bbox 397 5687 1989 5751">
     <span class='ocr_line' id='line_1_118' title="bbox 397 5687 1989 5751; baseline 0.001 -16"><span class='ocrx_word' id='word_1_835' title='bbox 397 5697 631 5748; x_wconf 87' lang='lat' dir='ltr'><strong>nymus,</strong></span> <span class='ocrx_word' id='word_1_836' title='bbox 648 5688 746 5749; x_wconf 91' lang='lat' dir='ltr'><strong>qui</strong></span> <span class='ocrx_word' id='word_1_837' title='bbox 766 5690 875 5738; x_wconf 89' lang='lat' dir='ltr'><strong>hoc</strong></span> <span class='ocrx_word' id='word_1_838' title='bbox 888 5688 1193 5751; x_wconf 77' lang='lat' dir='ltr'><strong>ﬁguraliter</strong></span> <span class='ocrx_word' id='word_1_839' title='bbox 1216 5689 1426 5739; x_wconf 88' lang='lat' dir='ltr'><strong>dictum</strong></span> <span class='ocrx_word' id='word_1_840' title='bbox 1443 5687 1754 5748; x_wconf 89' lang='lat' dir='ltr'><strong>contendit,</strong></span> <span class='ocrx_word' id='word_1_841' title='bbox 1777 5689 1989 5750; x_wconf 79' lang='lat' dir='ltr'><strong>tametsi,</strong></span> 
     </span>
    </p>
   </div>
   <div class='ocr_carea' id='block_1_119' title="bbox 402 5754 1992 5823">
    <p class='ocr_par' dir='ltr' id='par_1_119' title="bbox 402 5754 1992 5823">
     <span class='ocr_line' id='line_1_119' title="bbox 402 5754 1992 5823; baseline 0.004 -16"><span class='ocrx_word' id='word_1_842' title='bbox 402 5760 468 5807; x_wconf 90' lang='lat' dir='ltr'><strong>ut</strong></span> <span class='ocrx_word' id='word_1_843' title='bbox 493 5754 730 5807; x_wconf 86' lang='lat' dir='ltr'><strong>inferius</strong></span> <span class='ocrx_word' id='word_1_844' title='bbox 758 5758 1214 5821; x_wconf 88' lang='lat' dir='ltr'><strong>observabimus,</strong></span> <span class='ocrx_word' id='word_1_845' title='bbox 1239 5764 1297 5812; x_wconf 91' lang='lat' dir='ltr'><strong>et</strong></span> <span class='ocrx_word' id='word_1_846' title='bbox 1312 5760 1488 5823; x_wconf 88' lang='lat' dir='ltr'><strong>juxta</strong></span> <span class='ocrx_word' id='word_1_847' title='bbox 1500 5758 1803 5812; x_wconf 88' lang='lat' dir='ltr'><strong>historiam</strong></span> <span class='ocrx_word' id='word_1_848' title='bbox 1820 5772 1992 5823; x_wconf 88' lang='lat' dir='ltr'><strong>posse</strong></span> 
     </span>
    </p>
   </div>
   <div class='ocr_carea' id='block_1_120' title="bbox 2086 3176 3685 3241">
    <p class='ocr_par' dir='ltr' id='par_1_120' title="bbox 2086 3176 3685 3241">
     <span class='ocr_line' id='line_1_120' title="bbox 2086 3176 3685 3241; baseline -0.007 -4"><span class='ocrx_word' id='word_1_849' title='bbox 2086 3176 2355 3236; x_wconf 79' lang='lat' dir='ltr'><strong>exeitare.</strong></span> <span class='ocrx_word' id='word_1_850' title='bbox 2385 3184 2797 3241; x_wconf 86' lang='lat' dir='ltr'><strong>Veruntamen,</strong></span> <span class='ocrx_word' id='word_1_851' title='bbox 2824 3182 2889 3229; x_wconf 90' lang='lat' dir='ltr'><strong>ut</strong></span> <span class='ocrx_word' id='word_1_852' title='bbox 2902 3176 3221 3230; x_wconf 88' lang='lat' dir='ltr'><strong>adversum</strong></span> <span class='ocrx_word' id='word_1_853' title='bbox 3248 3178 3523 3229; x_wconf 87' lang='lat' dir='ltr'><strong>timorem</strong></span> <span class='ocrx_word' id='word_1_854' title='bbox 3543 3176 3685 3227; x_wconf 85' lang='lat' dir='ltr'><strong>frus-</strong></span> 
     </span>
    </p>
   </div>
   <div class='ocr_carea' id='block_1_121' title="bbox 2086 3248 3678 3319">
    <p class='ocr_par' dir='ltr' id='par_1_121' title="bbox 2086 3248 3678 3319">
     <span class='ocr_line' id='line_1_121' title="bbox 2086 3248 3678 3319; baseline -0.008 -11"><span class='ocrx_word' id='word_1_855' title='bbox 2086 3255 2310 3308; x_wconf 72' lang='lat' dir='ltr'><strong>trandm</strong></span> <span class='ocrx_word' id='word_1_856' title='bbox 2338 3250 2738 3319; x_wconf 89' lang='lat' dir='ltr'><strong>promissionis</strong></span> <span class='ocrx_word' id='word_1_857' title='bbox 2763 3248 3075 3302; x_wconf 86' lang='lat' dir='ltr'><strong>credulitas</strong></span> <span class='ocrx_word' id='word_1_858' title='bbox 3093 3252 3208 3301; x_wconf 79' lang='lat' dir='ltr'><strong>fixa</strong></span> <span class='ocrx_word' id='word_1_859' title='bbox 3225 3262 3364 3302; x_wconf 90' lang='lat' dir='ltr'>eum</span> <span class='ocrx_word' id='word_1_860' title='bbox 3386 3250 3678 3301; x_wconf 86' lang='lat' dir='ltr'><strong>tuebatur:</strong></span> 
     </span>
    </p>
   </div>
   <div class='ocr_carea' id='block_1_122' title="bbox 2087 3321 3685 3386">
    <p class='ocr_par' dir='ltr' id='par_1_122' title="bbox 2087 3321 3685 3386">
     <span class='ocr_line' id='line_1_122' title="bbox 2087 3321 3685 3386; baseline -0.009 -6"><span class='ocrx_word' id='word_1_861' title='bbox 2087 3328 2168 3380; x_wconf 91' lang='lat' dir='ltr'><strong>ita</strong></span> <span class='ocrx_word' id='word_1_862' title='bbox 2183 3340 2298 3379; x_wconf 92' lang='lat' dir='ltr'><strong>non</strong></span> <span class='ocrx_word' id='word_1_863' title='bbox 2314 3327 2445 3378; x_wconf 87' lang='lat' dir='ltr'><strong>sivit</strong></span> <span class='ocrx_word' id='word_1_864' title='bbox 2465 3326 2620 3376; x_wconf 87' lang='lat' dir='ltr'><strong>Deus</strong></span> <span class='ocrx_word' id='word_1_865' title='bbox 2639 3324 2701 3375; x_wconf 90' lang='lat' dir='ltr'><strong>in</strong></span> <span class='ocrx_word' id='word_1_866' title='bbox 2722 3322 2967 3375; x_wconf 90' lang='lat' dir='ltr'><strong>exitium</strong></span> <span class='ocrx_word' id='word_1_867' title='bbox 2988 3334 3177 3386; x_wconf 90' lang='lat' dir='ltr'><strong>usque</strong></span> <span class='ocrx_word' id='word_1_868' title='bbox 3192 3321 3359 3386; x_wconf 90' lang='lat' dir='ltr'><strong>pueri</strong></span> <span class='ocrx_word' id='word_1_869' title='bbox 3380 3324 3685 3370; x_wconf 83' lang='lat' dir='ltr'><strong>devotionem</strong></span> 
     </span>
    </p>
   </div>
   <div class='ocr_carea' id='block_1_123' title="bbox 2086 3392 3688 3465">
    <p class='ocr_par' dir='ltr' id='par_1_123' title="bbox 2086 3392 3688 3465">
     <span class='ocr_line' id='line_1_123' title="bbox 2086 3392 3688 3465; baseline -0.006 -14"><span class='ocrx_word' id='word_1_870' title='bbox 2086 3403 2343 3465; x_wconf 87' lang='lat' dir='ltr'><strong>parentis</strong></span> <span class='ocrx_word' id='word_1_871' title='bbox 2366 3409 2688 3459; x_wconf 87' lang='lat' dir='ltr'><strong>excurrere,</strong></span> <span class='ocrx_word' id='word_1_872' title='bbox 2711 3395 2814 3447; x_wconf 89' lang='lat' dir='ltr'><strong>sed</strong></span> <span class='ocrx_word' id='word_1_873' title='bbox 2838 3392 3557 3465; x_wconf 83' lang='lat' dir='ltr'><strong>compressitimmOlaturi</strong></span> <span class='ocrx_word' id='word_1_874' title='bbox 3577 3401 3688 3442; x_wconf 84' lang='lat' dir='ltr'><strong>ma-</strong></span> 
     </span>
    </p>
   </div>
   <div class='ocr_carea' id='block_1_124' title="bbox 2087 3464 3680 3536">
    <p class='ocr_par' dir='ltr' id='par_1_124' title="bbox 2087 3464 3680 3536">
     <span class='ocr_line' id='line_1_124' title="bbox 2087 3464 3680 3536; baseline -0.009 -11"><span class='ocrx_word' id='word_1_875' title='bbox 2087 3464 2249 3536; x_wconf 79' lang='lat' dir='ltr'><strong>num,</strong></span> <span class='ocrx_word' id='word_1_876' title='bbox 2279 3470 2592 3536; x_wconf 59' lang='lat' dir='ltr'><strong>explorata</strong></span> <span class='ocrx_word' id='word_1_877' title='bbox 2607 3468 2835 3520; x_wconf 89' lang='lat' dir='ltr'><strong>virtutis</strong></span> <span class='ocrx_word' id='word_1_878' title='bbox 2859 3466 3164 3530; x_wconf 86' lang='lat' dir='ltr'><strong>interjecta</strong></span> <span class='ocrx_word' id='word_1_879' title='bbox 3183 3464 3463 3516; x_wconf 86' lang='lat' dir='ltr'><strong>laudatio.</strong></span> <span class='ocrx_word' id='word_1_880' title='bbox 3482 3465 3680 3523; x_wconf 79' lang='lat' dir='ltr'><strong>Clamit,</strong></span> 
     </span>
    </p>
   </div>
   <div class='ocr_carea' id='block_1_125' title="bbox 2086 3536 3685 3611">
    <p class='ocr_par' dir='ltr' id='par_1_125' title="bbox 2086 3536 3685 3611">
     <span class='ocr_line' id='line_1_125' title="bbox 2086 3536 3685 3611; baseline -0.009 -12"><span class='ocrx_word' id='word_1_881' title='bbox 2086 3546 2294 3611; x_wconf 87' lang='lat' dir='ltr'><strong>inquit,</strong></span> <span class='ocrx_word' id='word_1_882' title='bbox 2320 3545 2473 3608; x_wconf 90' lang='lat' dir='ltr'><strong>quod</strong></span> <span class='ocrx_word' id='word_1_883' title='bbox 2490 3544 2680 3594; x_wconf 90' lang='lat' dir='ltr'><strong>solum</strong></span> <span class='ocrx_word' id='word_1_884' title='bbox 2699 3538 2853 3592; x_wconf 90' lang='lat' dir='ltr'><strong>volui</strong></span> <span class='ocrx_word' id='word_1_885' title='bbox 2870 3539 3179 3602; x_wconf 88' lang='lat' dir='ltr'><strong>publicare,</strong></span> <span class='ocrx_word' id='word_1_886' title='bbox 3205 3537 3352 3589; x_wconf 89' lang='lat' dir='ltr'><strong>nihil</strong></span> <span class='ocrx_word' id='word_1_887' title='bbox 3370 3536 3529 3611; x_wconf 81' lang='lat' dir='ltr'><strong>apud</strong></span> <span class='ocrx_word' id='word_1_888' title='bbox 3547 3542 3603 3611; x_wconf 84' lang='lat' dir='ltr'><strong>te</strong></span> <span class='ocrx_word' id='word_1_889' title='bbox 3615 3537 3685 3582; x_wconf 72' lang='lat' dir='ltr'><strong>vel</strong></span> 
     </span>
    </p>
   </div>
   <div class='ocr_carea' id='block_1_126' title="bbox 2088 3609 3683 3681">
    <p class='ocr_par' dir='ltr' id='par_1_126' title="bbox 2088 3609 3683 3681">
     <span class='ocr_line' id='line_1_126' title="bbox 2088 3609 3683 3681; baseline -0.009 -10"><span class='ocrx_word' id='word_1_890' title='bbox 2088 3609 2297 3681; x_wconf 82' lang='lat' dir='ltr'><strong>amore,</strong></span> <span class='ocrx_word' id='word_1_891' title='bbox 2320 3616 2413 3669; x_wconf 91' lang='lat' dir='ltr'><strong>vel</strong></span> <span class='ocrx_word' id='word_1_892' title='bbox 2432 3616 2647 3667; x_wconf 90' lang='lat' dir='ltr'><strong>honore</strong></span> <span class='ocrx_word' id='word_1_893' title='bbox 2664 3626 2791 3664; x_wconf 93' lang='lat' dir='ltr'><strong>meo</strong></span> <span class='ocrx_word' id='word_1_894' title='bbox 2806 3624 2937 3664; x_wconf 90' lang='lat' dir='ltr'><strong>esse</strong></span> <span class='ocrx_word' id='word_1_895' title='bbox 2952 3610 3383 3663; x_wconf 88' lang='lat' dir='ltr'><strong>vehementius.</strong></span> <span class='ocrx_word' id='word_1_896' title='bbox 3414 3609 3683 3681; x_wconf 65' lang='lat' dir='ltr'><strong>Nuncjsm</strong></span> 
     </span>
    </p>
   </div>
   <div class='ocr_carea' id='block_1_127' title="bbox 2088 3679 3687 3756">
    <p class='ocr_par' dir='ltr' id='par_1_127' title="bbox 2088 3679 3687 3756">
     <span class='ocr_line' id='line_1_127' title="bbox 2088 3679 3687 3756; baseline -0.01 -13"><span class='ocrx_word' id='word_1_897' title='bbox 2088 3704 2256 3756; x_wconf 84' lang='lat' dir='ltr'><strong>parce</strong></span> <span class='ocrx_word' id='word_1_898' title='bbox 2280 3679 2565 3753; x_wconf 86' lang='lat' dir='ltr'><strong>sanguini,</strong></span> <span class='ocrx_word' id='word_1_899' title='bbox 2584 3698 2758 3750; x_wconf 88' lang='lat' dir='ltr'><strong>quem</strong></span> <span class='ocrx_word' id='word_1_900' title='bbox 2774 3697 2882 3736; x_wconf 92' lang='lat' dir='ltr'><strong>nec</strong></span> <span class='ocrx_word' id='word_1_901' title='bbox 2904 3684 2978 3735; x_wconf 89' lang='lat' dir='ltr'><strong>ab</strong></span> <span class='ocrx_word' id='word_1_902' title='bbox 3003 3683 3114 3756; x_wconf 85' lang='lat' dir='ltr'><strong>alio</strong></span> <span class='ocrx_word' id='word_1_903' title='bbox 3139 3681 3355 3756; x_wconf 73' lang='lat' dir='ltr'><strong>licebat</strong></span> <span class='ocrx_word' id='word_1_904' title='bbox 3370 3693 3481 3756; x_wconf 86' lang='lat' dir='ltr'><strong>nec</strong></span> <span class='ocrx_word' id='word_1_905' title='bbox 3506 3687 3599 3731; x_wconf 82' lang='lat' dir='ltr'><strong>ate</strong></span> <span class='ocrx_word' id='word_1_906' title='bbox 3614 3679 3687 3725; x_wconf 81' lang='lat' dir='ltr'><strong>de-</strong></span> 
     </span>
    </p>
   </div>
   <div class='ocr_carea' id='block_1_128' title="bbox 2089 3752 3683 3816">
    <p class='ocr_par' dir='ltr' id='par_1_128' title="bbox 2089 3752 3683 3816">
     <span class='ocr_line' id='line_1_128' title="bbox 2089 3752 3683 3816; baseline -0.011 0"><span class='ocrx_word' id='word_1_907' title='bbox 2089 3752 2255 3816; x_wconf 74' lang='lat' dir='ltr'><strong>cebat</strong></span> <span class='ocrx_word' id='word_1_908' title='bbox 2278 3752 2509 3814; x_wconf 78' lang='lat' dir='ltr'><strong>eﬂ‘undi.</strong></span> <span class='ocrx_word' id='word_1_909' title='bbox 2530 3760 2644 3810; x_wconf 87' lang='lat' dir='ltr'><strong>Nec</strong></span> <span class='ocrx_word' id='word_1_910' title='bbox 2668 3763 2862 3808; x_wconf 85' lang='lat' dir='ltr'><strong>tamen</strong></span> <span class='ocrx_word' id='word_1_911' title='bbox 2877 3755 3193 3806; x_wconf 87' lang='lat' dir='ltr'><strong>sacerdotis</strong></span> <span class='ocrx_word' id='word_1_912' title='bbox 3207 3752 3463 3805; x_wconf 88' lang='lat' dir='ltr'><strong>videaris</strong></span> <span class='ocrx_word' id='word_1_913' title='bbox 3488 3766 3683 3800; x_wconf 82' lang='lat' dir='ltr'><strong>munere</strong></span> 
     </span>
    </p>
   </div>
   <div class='ocr_carea' id='block_1_129' title="bbox 2093 3826 3686 3894">
    <p class='ocr_par' dir='ltr' id='par_1_129' title="bbox 2093 3826 3686 3894">
     <span class='ocr_line' id='line_1_129' title="bbox 2093 3826 3686 3894; baseline -0.011 -6"><span class='ocrx_word' id='word_1_914' title='bbox 2093 3836 2428 3894; x_wconf 90' lang='lat' dir='ltr'><strong>destitutus,</strong></span> <span class='ocrx_word' id='word_1_915' title='bbox 2444 3843 2576 3884; x_wconf 85' lang='lat' dir='ltr'><strong>ecce</strong></span> <span class='ocrx_word' id='word_1_916' title='bbox 2599 3830 2747 3881; x_wconf 91' lang='lat' dir='ltr'><strong>aries</strong></span> <span class='ocrx_word' id='word_1_917' title='bbox 2768 3832 3000 3893; x_wconf 83' lang='lat' dir='ltr'><strong>prepter</strong></span> <span class='ocrx_word' id='word_1_918' title='bbox 3024 3826 3340 3889; x_wconf 79' lang='lat' dir='ltr'><strong>teassistit,</strong></span> <span class='ocrx_word' id='word_1_919' title='bbox 3364 3835 3583 3875; x_wconf 86' lang='lat' dir='ltr'><strong>cornua</strong></span> <span class='ocrx_word' id='word_1_920' title='bbox 3606 3837 3686 3871; x_wconf 73' lang='lat' dir='ltr'><strong>ve-</strong></span> 
     </span>
    </p>
   </div>
   <div class='ocr_carea' id='block_1_130' title="bbox 2089 3895 3682 3975">
    <p class='ocr_par' dir='ltr' id='par_1_130' title="bbox 2089 3895 3682 3975">
     <span class='ocr_line' id='line_1_130' title="bbox 2089 3895 3682 3975; baseline -0.011 -14"><span class='ocrx_word' id='word_1_921' title='bbox 2089 3910 2287 3975; x_wconf 87' lang='lat' dir='ltr'><strong>pribus</strong></span> <span class='ocrx_word' id='word_1_922' title='bbox 2308 3904 2581 3975; x_wconf 87' lang='lat' dir='ltr'><strong>illigatus,</strong></span> <span class='ocrx_word' id='word_1_923' title='bbox 2605 3904 2780 3975; x_wconf 78' lang='lat' dir='ltr'><strong>cujus</strong></span> <span class='ocrx_word' id='word_1_924' title='bbox 2792 3900 2930 3975; x_wconf 76' lang='lat' dir='ltr'><strong>vita,</strong></span> <span class='ocrx_word' id='word_1_925' title='bbox 2956 3901 3022 3949; x_wconf 90' lang='lat' dir='ltr'><strong>ut</strong></span> <span class='ocrx_word' id='word_1_926' title='bbox 3041 3896 3409 3975; x_wconf 78' lang='lat' dir='ltr'><strong>absolvendo</strong></span> <span class='ocrx_word' id='word_1_927' title='bbox 3430 3895 3547 3946; x_wconf 81' lang='lat' dir='ltr'><strong>ﬁlio</strong></span> <span class='ocrx_word' id='word_1_928' title='bbox 3569 3909 3682 3955; x_wconf 67' lang='lat' dir='ltr'><strong>prte-</strong></span> 
     </span>
    </p>
   </div>
   <div class='ocr_carea' id='block_1_131' title="bbox 2091 3969 3686 4033">
    <p class='ocr_par' dir='ltr' id='par_1_131' title="bbox 2091 3969 3686 4033">
     <span class='ocr_line' id='line_1_131' title="bbox 2091 3969 3686 4033; baseline -0.012 0"><span class='ocrx_word' id='word_1_929' title='bbox 2091 3969 2227 4033; x_wconf 76' lang='lat' dir='ltr'><strong>sens</strong></span> <span class='ocrx_word' id='word_1_930' title='bbox 2255 3975 2435 4030; x_wconf 89' lang='lat' dir='ltr'><strong>valuit</strong></span> <span class='ocrx_word' id='word_1_931' title='bbox 2452 3974 2670 4025; x_wconf 88' lang='lat' dir='ltr'><strong>deferre</strong></span> <span class='ocrx_word' id='word_1_932' title='bbox 2693 3971 3049 4023; x_wconf 89' lang='lat' dir='ltr'><strong>subsidium:</strong></span> <span class='ocrx_word' id='word_1_933' title='bbox 3075 3970 3156 4020; x_wconf 85' lang='lat' dir='ltr'><strong>ita</strong></span> <span class='ocrx_word' id='word_1_934' title='bbox 3178 3974 3238 4021; x_wconf 93' lang='lat' dir='ltr'><strong>et</strong></span> <span class='ocrx_word' id='word_1_935' title='bbox 3259 3969 3528 4020; x_wconf 84' lang='lat' dir='ltr'><strong>futurum</strong></span> <span class='ocrx_word' id='word_1_936' title='bbox 3544 3981 3686 4015; x_wconf 78' lang='lat' dir='ltr'><strong>mero-</strong></span> 
     </span>
    </p>
   </div>
   <div class='ocr_carea' id='block_1_132' title="bbox 2090 4039 3683 4112">
    <p class='ocr_par' dir='ltr' id='par_1_132' title="bbox 2090 4039 3683 4112">
     <span class='ocr_line' id='line_1_132' title="bbox 2090 4039 3683 4112; baseline -0.01 -8"><span class='ocrx_word' id='word_1_937' title='bbox 2090 4054 2241 4104; x_wconf 89' lang='lat' dir='ltr'><strong>bitur</strong></span> <span class='ocrx_word' id='word_1_938' title='bbox 2258 4049 2483 4112; x_wconf 87' lang='lat' dir='ltr'><strong>signare</strong></span> <span class='ocrx_word' id='word_1_939' title='bbox 2500 4043 2862 4109; x_wconf 89' lang='lat' dir='ltr'><strong>mysterium.</strong></span> <span class='ocrx_word' id='word_1_940' title='bbox 2880 4044 2948 4093; x_wconf 89' lang='lat' dir='ltr'><strong>1n</strong></span> <span class='ocrx_word' id='word_1_941' title='bbox 2962 4041 3195 4105; x_wconf 87' lang='lat' dir='ltr'><strong>negotio</strong></span> <span class='ocrx_word' id='word_1_942' title='bbox 3219 4052 3360 4112; x_wconf 81' lang='lat' dir='ltr'><strong>vero</strong></span> <span class='ocrx_word' id='word_1_943' title='bbox 3385 4039 3544 4112; x_wconf 83' lang='lat' dir='ltr'><strong>beati</strong></span> <span class='ocrx_word' id='word_1_944' title='bbox 3561 4040 3683 4087; x_wconf 71' lang='lat' dir='ltr'><strong>Osos</strong></span> 
     </span>
    </p>
   </div>
   <div class='ocr_carea' id='block_1_133' title="bbox 2088 4110 3685 4182">
    <p class='ocr_par' dir='ltr' id='par_1_133' title="bbox 2088 4110 3685 4182">
     <span class='ocr_line' id='line_1_133' title="bbox 2088 4110 3685 4182; baseline -0.011 -6"><span class='ocrx_word' id='word_1_945' title='bbox 2088 4135 2207 4176; x_wconf 89' lang='lat' dir='ltr'><strong>non</strong></span> <span class='ocrx_word' id='word_1_946' title='bbox 2232 4110 2417 4173; x_wconf 70' lang='lat' dir='ltr'><strong>solum</strong></span> <span class='ocrx_word' id='word_1_947' title='bbox 2442 4119 2736 4182; x_wconf 84' lang='lat' dir='ltr'><strong>imperata,</strong></span> <span class='ocrx_word' id='word_1_948' title='bbox 2776 4113 2881 4164; x_wconf 91' lang='lat' dir='ltr'><strong>sed</strong></span> <span class='ocrx_word' id='word_1_949' title='bbox 2909 4114 3088 4165; x_wconf 89' lang='lat' dir='ltr'><strong>etiam</strong></span> <span class='ocrx_word' id='word_1_950' title='bbox 3111 4111 3348 4176; x_wconf 88' lang='lat' dir='ltr'><strong>impleta</strong></span> <span class='ocrx_word' id='word_1_951' title='bbox 3381 4110 3685 4173; x_wconf 86' lang='lat' dir='ltr'><strong>multisque</strong></span> 
     </span>
    </p>
   </div>
   <div class='ocr_carea' id='block_1_134' title="bbox 2090 4182 3686 4257">
    <p class='ocr_par' dir='ltr' id='par_1_134' title="bbox 2090 4182 3686 4257">
     <span class='ocr_line' id='line_1_134' title="bbox 2090 4182 3686 4257; baseline -0.01 -12"><span class='ocrx_word' id='word_1_952' title='bbox 2090 4191 2445 4257; x_wconf 88' lang='lat' dir='ltr'><strong>temporibus</strong></span> <span class='ocrx_word' id='word_1_953' title='bbox 2469 4189 2827 4252; x_wconf 82' lang='lat' dir='ltr'><strong>frequentata</strong></span> <span class='ocrx_word' id='word_1_954' title='bbox 2855 4184 3183 4257; x_wconf 73' lang='lat' dir='ltr'><strong>permixtio,</strong></span> <span class='ocrx_word' id='word_1_955' title='bbox 3208 4195 3317 4235; x_wconf 89' lang='lat' dir='ltr'><strong>nec</strong></span> <span class='ocrx_word' id='word_1_956' title='bbox 3336 4182 3533 4257; x_wconf 88' lang='lat' dir='ltr'><strong>operis</strong></span> <span class='ocrx_word' id='word_1_957' title='bbox 3552 4184 3686 4257; x_wconf 68' lang='lat' dir='ltr'><strong>hone-</strong></span> 
     </span>
    </p>
   </div>
   <div class='ocr_carea' id='block_1_135' title="bbox 2090 4254 3683 4325">
    <p class='ocr_par' dir='ltr' id='par_1_135' title="bbox 2090 4254 3683 4325">
     <span class='ocr_line' id='line_1_135' title="bbox 2090 4254 3683 4325; baseline -0.009 -9"><span class='ocrx_word' id='word_1_958' title='bbox 2090 4254 2241 4317; x_wconf 74' lang='lat' dir='ltr'><strong>state</strong></span> <span class='ocrx_word' id='word_1_959' title='bbox 2256 4275 2363 4313; x_wconf 91' lang='lat' dir='ltr'><strong>nec</strong></span> <span class='ocrx_word' id='word_1_960' title='bbox 2382 4259 2651 4325; x_wconf 79' lang='lat' dir='ltr'><strong>praecepti</strong></span> <span class='ocrx_word' id='word_1_961' title='bbox 2674 4256 3016 4309; x_wconf 87' lang='lat' dir='ltr'><strong>auctoritate</strong></span> <span class='ocrx_word' id='word_1_962' title='bbox 3032 4255 3258 4306; x_wconf 90' lang='lat' dir='ltr'><strong>videtur</strong></span> <span class='ocrx_word' id='word_1_963' title='bbox 3278 4267 3457 4325; x_wconf 83' lang='lat' dir='ltr'><strong>posse</strong></span> <span class='ocrx_word' id='word_1_964' title='bbox 3475 4254 3683 4325; x_wconf 76' lang='lat' dir='ltr'><strong>defendi.</strong></span> 
     </span>
    </p>
   </div>
   <div class='ocr_carea' id='block_1_136' title="bbox 2094 4324 3685 4398">
    <p class='ocr_par' dir='ltr' id='par_1_136' title="bbox 2094 4324 3685 4398">
     <span class='ocr_line' id='line_1_136' title="bbox 2094 4324 3685 4398; baseline -0.008 -11"><span class='ocrx_word' id='word_1_965' title='bbox 2094 4339 2214 4388; x_wconf 85' lang='lat' dir='ltr'><strong>Hac</strong></span> <span class='ocrx_word' id='word_1_966' title='bbox 2238 4333 2525 4398; x_wconf 83' lang='lat' dir='ltr'><strong>adjicitur,</strong></span> <span class='ocrx_word' id='word_1_967' title='bbox 2551 4328 2822 4393; x_wconf 88' lang='lat' dir='ltr'><strong>quoniam</strong></span> <span class='ocrx_word' id='word_1_968' title='bbox 2845 4327 2907 4377; x_wconf 90' lang='lat' dir='ltr'><strong>in</strong></span> <span class='ocrx_word' id='word_1_969' title='bbox 2929 4327 3071 4390; x_wconf 87' lang='lat' dir='ltr'><strong>ipsis</strong></span> <span class='ocrx_word' id='word_1_970' title='bbox 3094 4338 3330 4389; x_wconf 90' lang='lat' dir='ltr'><strong>quoque</strong></span> <span class='ocrx_word' id='word_1_971' title='bbox 3353 4324 3563 4389; x_wconf 81' lang='lat' dir='ltr'><strong>ﬁguris</strong></span> <span class='ocrx_word' id='word_1_972' title='bbox 3581 4334 3685 4398; x_wconf 86' lang='lat' dir='ltr'><strong>pro-</strong></span> 
     </span>
    </p>
   </div>
   <div class='ocr_carea' id='block_1_137' title="bbox 2093 4396 3687 4472">
    <p class='ocr_par' dir='ltr' id='par_1_137' title="bbox 2093 4396 3687 4472">
     <span class='ocr_line' id='line_1_137' title="bbox 2093 4396 3687 4472; baseline -0.012 -13"><span class='ocrx_word' id='word_1_973' title='bbox 2093 4396 2339 4472; x_wconf 86' lang='lat' dir='ltr'><strong>phetalis</strong></span> <span class='ocrx_word' id='word_1_974' title='bbox 2356 4415 2474 4454; x_wconf 92' lang='lat' dir='ltr'><strong>non</strong></span> <span class='ocrx_word' id='word_1_975' title='bbox 2496 4410 2515 4430; x_wconf 76' lang='grc' dir='ltr'>ε</span> <span class='ocrx_word' id='word_1_976' title='bbox 2531 4400 2700 4452; x_wconf 84' lang='lat' dir='ltr'><strong>fuerit</strong></span> <span class='ocrx_word' id='word_1_977' title='bbox 2724 4398 2862 4450; x_wconf 91' lang='lat' dir='ltr'><strong>ordo</strong></span> <span class='ocrx_word' id='word_1_978' title='bbox 2880 4401 3170 4472; x_wconf 65' lang='lat' dir='ltr'><strong>servatus.</strong></span> <span class='ocrx_word' id='word_1_979' title='bbox 3189 4398 3339 4472; x_wconf 55' lang='lat' dir='ltr'><strong>Nam</strong></span> <span class='ocrx_word' id='word_1_980' title='bbox 3354 4398 3432 4446; x_wconf 88' lang='lat' dir='ltr'><strong>ad</strong></span> <span class='ocrx_word' id='word_1_981' title='bbox 3442 4396 3687 4472; x_wconf 67' lang='lat' dir='ltr'><strong>signitice-</strong></span> 
     </span>
    </p>
   </div>
   <div class='ocr_carea' id='block_1_138' title="bbox 2094 4466 3683 4534">
    <p class='ocr_par' dir='ltr' id='par_1_138' title="bbox 2094 4466 3683 4534">
     <span class='ocr_line' id='line_1_138' title="bbox 2094 4466 3683 4534; baseline -0.01 -5"><span class='ocrx_word' id='word_1_982' title='bbox 2094 4466 2306 4530; x_wconf 78' lang='lat' dir='ltr'><strong>tionem</strong></span> <span class='ocrx_word' id='word_1_983' title='bbox 2321 4474 2616 4533; x_wconf 90' lang='lat' dir='ltr'><strong>Tribuum,</strong></span> <span class='ocrx_word' id='word_1_984' title='bbox 2643 4482 2774 4534; x_wconf 65' lang='lat' dir='ltr'><strong>quin</strong></span> <span class='ocrx_word' id='word_1_985' title='bbox 2800 4471 2969 4532; x_wconf 89' lang='lat' dir='ltr'><strong>quasi</strong></span> <span class='ocrx_word' id='word_1_986' title='bbox 2996 4469 3105 4519; x_wconf 90' lang='lat' dir='ltr'><strong>sub</strong></span> <span class='ocrx_word' id='word_1_987' title='bbox 3128 4467 3234 4518; x_wconf 89' lang='lat' dir='ltr'><strong>Dei</strong></span> <span class='ocrx_word' id='word_1_988' title='bbox 3254 4466 3633 4518; x_wconf 86' lang='lat' dir='ltr'><strong>contubernio</strong></span> <span class='ocrx_word' id='word_1_989' title='bbox 3646 4472 3683 4511; x_wconf 81' lang='lat' dir='ltr'><strong>el</strong></span> 
     </span>
    </p>
   </div>
   <div class='ocr_carea' id='block_1_139' title="bbox 2095 4536 3686 4608">
    <p class='ocr_par' dir='ltr' id='par_1_139' title="bbox 2095 4536 3686 4608">
     <span class='ocr_line' id='line_1_139' title="bbox 2095 4536 3686 4608; baseline -0.011 -7"><span class='ocrx_word' id='word_1_990' title='bbox 2095 4550 2367 4601; x_wconf 89' lang='lat' dir='ltr'><strong>societate</strong></span> <span class='ocrx_word' id='word_1_991' title='bbox 2413 4545 2707 4608; x_wconf 87' lang='lat' dir='ltr'><strong>degentes,</strong></span> <span class='ocrx_word' id='word_1_992' title='bbox 2752 4540 2813 4592; x_wconf 92' lang='lat' dir='ltr'><strong>in</strong></span> <span class='ocrx_word' id='word_1_993' title='bbox 2845 4539 3148 4600; x_wconf 89' lang='lat' dir='ltr'><strong>adulteria,</strong></span> <span class='ocrx_word' id='word_1_994' title='bbox 3181 4538 3241 4589; x_wconf 89' lang='lat' dir='ltr'><strong>id</strong></span> <span class='ocrx_word' id='word_1_995' title='bbox 3264 4542 3376 4599; x_wconf 90' lang='lat' dir='ltr'><strong>est,</strong></span> <span class='ocrx_word' id='word_1_996' title='bbox 3404 4536 3686 4599; x_wconf 82' lang='lat' dir='ltr'><strong>sacrilegia</strong></span> 
     </span>
    </p>
   </div>
   <div class='ocr_carea' id='block_1_140' title="bbox 2092 4610 3683 4686">
    <p class='ocr_par' dir='ltr' id='par_1_140' title="bbox 2092 4610 3683 4686">
     <span class='ocr_line' id='line_1_140' title="bbox 2092 4610 3683 4686; baseline -0.009 -14"><span class='ocrx_word' id='word_1_997' title='bbox 2092 4621 2484 4686; x_wconf 87' lang='lat' dir='ltr'><strong>proruperant,</strong></span> <span class='ocrx_word' id='word_1_998' title='bbox 2508 4613 2832 4667; x_wconf 87' lang='lat' dir='ltr'><strong>assumitur</strong></span> <span class='ocrx_word' id='word_1_999' title='bbox 2865 4610 3078 4686; x_wconf 81' lang='lat' dir='ltr'><strong>mulier</strong></span> <span class='ocrx_word' id='word_1_1000' title='bbox 3109 4610 3431 4686; x_wconf 64' lang='lat' dir='ltr'><strong>prostituta</strong></span> <span class='ocrx_word' id='word_1_1001' title='bbox 3455 4621 3589 4686; x_wconf 48' lang='lat' dir='ltr'><strong>qua;</strong></span> <span class='ocrx_word' id='word_1_1002' title='bbox 3615 4614 3683 4686; x_wconf 80' lang='lat' dir='ltr'><strong>ta-</strong></span> 
     </span>
    </p>
   </div>
   <div class='ocr_carea' id='block_1_141' title="bbox 2093 4679 3688 4749">
    <p class='ocr_par' dir='ltr' id='par_1_141' title="bbox 2093 4679 3688 4749">
     <span class='ocr_line' id='line_1_141' title="bbox 2093 4679 3688 4749; baseline -0.011 -6"><span class='ocrx_word' id='word_1_1003' title='bbox 2093 4679 2227 4744; x_wconf 77' lang='lat' dir='ltr'><strong>men</strong></span> <span class='ocrx_word' id='word_1_1004' title='bbox 2242 4679 2467 4749; x_wconf 75' lang='lat' dir='ltr'><strong>nobilis,</strong></span> <span class='ocrx_word' id='word_1_1005' title='bbox 2491 4686 2806 4738; x_wconf 78' lang='lat' dir='ltr'><strong>castiﬁcata</strong></span> <span class='ocrx_word' id='word_1_1006' title='bbox 2826 4682 3141 4744; x_wconf 90' lang='lat' dir='ltr'><strong>consortio,</strong></span> <span class='ocrx_word' id='word_1_1007' title='bbox 3162 4680 3315 4732; x_wconf 81' lang='lat' dir='ltr'><strong>filios</strong></span> <span class='ocrx_word' id='word_1_1008' title='bbox 3335 4693 3455 4732; x_wconf 87' lang='lat' dir='ltr'><strong>non</strong></span> <span class='ocrx_word' id='word_1_1009' title='bbox 3470 4679 3542 4731; x_wconf 84' lang='lat' dir='ltr'><strong>de</strong></span> <span class='ocrx_word' id='word_1_1010' title='bbox 3563 4680 3688 4739; x_wconf 78' lang='lat' dir='ltr'><strong>ﬂagi-</strong></span> 
     </span>
    </p>
   </div>
   <div class='ocr_carea' id='block_1_142' title="bbox 2094 4750 3684 4825">
    <p class='ocr_par' dir='ltr' id='par_1_142' title="bbox 2094 4750 3684 4825">
     <span class='ocr_line' id='line_1_142' title="bbox 2094 4750 3684 4825; baseline -0.009 -10"><span class='ocrx_word' id='word_1_1011' title='bbox 2094 4764 2256 4825; x_wconf 88' lang='lat' dir='ltr'><strong>tioso,</strong></span> <span class='ocrx_word' id='word_1_1012' title='bbox 2284 4759 2388 4813; x_wconf 87' lang='lat' dir='ltr'><strong>sed</strong></span> <span class='ocrx_word' id='word_1_1013' title='bbox 2408 4759 2480 4811; x_wconf 89' lang='lat' dir='ltr'><strong>de</strong></span> <span class='ocrx_word' id='word_1_1014' title='bbox 2508 4755 2820 4810; x_wconf 86' lang='lat' dir='ltr'><strong>reverendo</strong></span> <span class='ocrx_word' id='word_1_1015' title='bbox 2849 4755 3124 4818; x_wconf 85' lang='lat' dir='ltr'><strong>conjuge,</strong></span> <span class='ocrx_word' id='word_1_1016' title='bbox 3145 4752 3207 4803; x_wconf 91' lang='lat' dir='ltr'><strong>id</strong></span> <span class='ocrx_word' id='word_1_1017' title='bbox 3221 4756 3334 4815; x_wconf 89' lang='lat' dir='ltr'><strong>est,</strong></span> <span class='ocrx_word' id='word_1_1018' title='bbox 3352 4758 3484 4804; x_wconf 88' lang='lat' dir='ltr'><strong>vate</strong></span> <span class='ocrx_word' id='word_1_1019' title='bbox 3507 4750 3684 4825; x_wconf 77' lang='lat' dir='ltr'><strong>susci-</strong></span> 
     </span>
    </p>
   </div>
   <div class='ocr_carea' id='block_1_143' title="bbox 2092 4823 3685 4899">
    <p class='ocr_par' dir='ltr' id='par_1_143' title="bbox 2092 4823 3685 4899">
     <span class='ocr_line' id='line_1_143' title="bbox 2092 4823 3685 4899; baseline -0.009 -14"><span class='ocrx_word' id='word_1_1020' title='bbox 2092 4834 2231 4899; x_wconf 88' lang='lat' dir='ltr'><strong>piat,</strong></span> <span class='ocrx_word' id='word_1_1021' title='bbox 2245 4823 2314 4884; x_wconf 86' lang='lat' dir='ltr'><strong>et</strong></span> <span class='ocrx_word' id='word_1_1022' title='bbox 2331 4832 2393 4882; x_wconf 91' lang='lat' dir='ltr'><strong>in</strong></span> <span class='ocrx_word' id='word_1_1023' title='bbox 2415 4832 2688 4881; x_wconf 86' lang='lat' dir='ltr'><strong>honorem</strong></span> <span class='ocrx_word' id='word_1_1024' title='bbox 2706 4826 3060 4899; x_wconf 86' lang='lat' dir='ltr'><strong>nuptiarum,</strong></span> <span class='ocrx_word' id='word_1_1025' title='bbox 3086 4825 3519 4899; x_wconf 68' lang='lat' dir='ltr'><strong>praeteritorum</strong></span> <span class='ocrx_word' id='word_1_1026' title='bbox 3543 4823 3685 4899; x_wconf 73' lang='lat' dir='ltr'><strong>oblita</strong></span> 
     </span>
    </p>
   </div>
   <div class='ocr_carea' id='block_1_144' title="bbox 2092 4895 3684 4965">
    <p class='ocr_par' dir='ltr' id='par_1_144' title="bbox 2092 4895 3684 4965">
     <span class='ocr_line' id='line_1_144' title="bbox 2092 4895 3684 4965; baseline -0.01 -7"><span class='ocrx_word' id='word_1_1027' title='bbox 2092 4895 2383 4965; x_wconf 73' lang='lat' dir='ltr'><strong>vitiorum,</strong></span> <span class='ocrx_word' id='word_1_1028' title='bbox 2400 4900 2769 4953; x_wconf 73' lang='lat' dir='ltr'><strong>fmcunditate</strong></span> <span class='ocrx_word' id='word_1_1029' title='bbox 2788 4897 2999 4962; x_wconf 89' lang='lat' dir='ltr'><strong>magis,</strong></span> <span class='ocrx_word' id='word_1_1030' title='bbox 3022 4908 3202 4961; x_wconf 90' lang='lat' dir='ltr'><strong>quam</strong></span> <span class='ocrx_word' id='word_1_1031' title='bbox 3216 4895 3459 4947; x_wconf 88' lang='lat' dir='ltr'><strong>libidine</strong></span> <span class='ocrx_word' id='word_1_1032' title='bbox 3474 4896 3684 4956; x_wconf 81' lang='lat' dir='ltr'><strong>perfrua-</strong></span> 
     </span>
    </p>
   </div>
   <div class='ocr_carea' id='block_1_145' title="bbox 2091 4966 3684 5036">
    <p class='ocr_par' dir='ltr' id='par_1_145' title="bbox 2091 4966 3684 5036">
     <span class='ocr_line' id='line_1_145' title="bbox 2091 4966 3684 5036; baseline -0.01 -9"><span class='ocrx_word' id='word_1_1033' title='bbox 2091 4980 2203 5028; x_wconf 91' lang='lat' dir='ltr'><strong>tur.</strong></span> <span class='ocrx_word' id='word_1_1034' title='bbox 2230 4972 2526 5036; x_wconf 87' lang='lat' dir='ltr'><strong>Quomodo</strong></span> <span class='ocrx_word' id='word_1_1035' title='bbox 2547 4984 2681 5036; x_wconf 88' lang='lat' dir='ltr'><strong>ergo</strong></span> <span class='ocrx_word' id='word_1_1036' title='bbox 2704 4972 2818 5022; x_wconf 90' lang='lat' dir='ltr'><strong>ista</strong></span> <span class='ocrx_word' id='word_1_1037' title='bbox 2839 4969 3066 5031; x_wconf 91' lang='lat' dir='ltr'><strong>mulier,</strong></span> <span class='ocrx_word' id='word_1_1038' title='bbox 3089 4981 3225 5033; x_wconf 70' lang='lat' dir='ltr'><strong>quae</strong></span> <span class='ocrx_word' id='word_1_1039' title='bbox 3248 4968 3612 5017; x_wconf 81' lang='lat' dir='ltr'><strong>matronalibus</strong></span> <span class='ocrx_word' id='word_1_1040' title='bbox 3630 4966 3684 5010; x_wconf 83' lang='lat' dir='ltr'><strong>il-</strong></span> 
     </span>
    </p>
   </div>
   <div class='ocr_carea' id='block_1_146' title="bbox 2090 5040 3684 5109">
    <p class='ocr_par' dir='ltr' id='par_1_146' title="bbox 2090 5040 3684 5109">
     <span class='ocr_line' id='line_1_146' title="bbox 2090 5040 3684 5109; baseline -0.008 -10"><span class='ocrx_word' id='word_1_1041' title='bbox 2090 5047 2370 5099; x_wconf 91' lang='lat' dir='ltr'><strong>lustratur</strong></span> <span class='ocrx_word' id='word_1_1042' title='bbox 2383 5043 2729 5109; x_wconf 88' lang='lat' dir='ltr'><strong>insignibus,</strong></span> <span class='ocrx_word' id='word_1_1043' title='bbox 2745 5042 2939 5107; x_wconf 86' lang='lat' dir='ltr'><strong>gentis</strong></span> <span class='ocrx_word' id='word_1_1044' title='bbox 2954 5041 3111 5092; x_wconf 91' lang='lat' dir='ltr'><strong>illius</strong></span> <span class='ocrx_word' id='word_1_1045' title='bbox 3132 5040 3475 5106; x_wconf 89' lang='lat' dir='ltr'><strong>probabitur</strong></span> <span class='ocrx_word' id='word_1_1046' title='bbox 3486 5041 3684 5100; x_wconf 72' lang='lat' dir='ltr'><strong>ﬁgurare</strong></span> 
     </span>
    </p>
   </div>
   <div class='ocr_carea' id='block_1_147' title="bbox 2092 5180 3684 5249">
    <p class='ocr_par' dir='ltr' id='par_1_147' title="bbox 2092 5180 3684 5249">
     <span class='ocr_line' id='line_1_147' title="bbox 2092 5180 3684 5249; baseline -0.01 -6"><span class='ocrx_word' id='word_1_1047' title='bbox 2092 5188 2322 5243; x_wconf 75' lang='lat' dir='ltr'><strong>defendi</strong></span> <span class='ocrx_word' id='word_1_1048' title='bbox 2341 5187 2481 5240; x_wconf 83' lang='lat' dir='ltr'><strong>velit</strong></span> <span class='ocrx_word' id='word_1_1049' title='bbox 2498 5185 2708 5236; x_wconf 84' lang='lat' dir='ltr'><strong>beatum</strong></span> <span class='ocrx_word' id='word_1_1050' title='bbox 2735 5185 2878 5246; x_wconf 87' lang='lat' dir='ltr'><strong>Osee,</strong></span> <span class='ocrx_word' id='word_1_1051' title='bbox 2912 5184 3013 5249; x_wconf 86' lang='lat' dir='ltr'><strong>qui</strong></span> <span class='ocrx_word' id='word_1_1052' title='bbox 3035 5199 3152 5234; x_wconf 79' lang='lat' dir='ltr'><strong>non</strong></span> <span class='ocrx_word' id='word_1_1053' title='bbox 3174 5183 3240 5233; x_wconf 90' lang='lat' dir='ltr'><strong>ob</strong></span> <span class='ocrx_word' id='word_1_1054' title='bbox 3261 5197 3512 5233; x_wconf 82' lang='lat' dir='ltr'><strong>caussam</strong></span> <span class='ocrx_word' id='word_1_1055' title='bbox 3537 5180 3684 5249; x_wconf 52' lang='lat' dir='ltr'><strong>(mf</strong></span> 
     </span>
    </p>
   </div>
   <div class='ocr_carea' id='block_1_148' title="bbox 2089 5248 3683 5322">
    <p class='ocr_par' dir='ltr' id='par_1_148' title="bbox 2089 5248 3683 5322">
     <span class='ocr_line' id='line_1_148' title="bbox 2089 5248 3683 5322; baseline -0.008 -12"><span class='ocrx_word' id='word_1_1056' title='bbox 2089 5262 2203 5322; x_wconf 73' lang='lat' dir='ltr'><strong>riae,</strong></span> <span class='ocrx_word' id='word_1_1057' title='bbox 2238 5275 2353 5309; x_wconf 81' lang='lat' dir='ltr'><strong>non</strong></span> <span class='ocrx_word' id='word_1_1058' title='bbox 2389 5258 2634 5308; x_wconf 82' lang='lat' dir='ltr'><strong>libidinis</strong></span> <span class='ocrx_word' id='word_1_1059' title='bbox 2665 5272 2775 5307; x_wconf 83' lang='lat' dir='ltr'><strong>non</strong></span> <span class='ocrx_word' id='word_1_1060' title='bbox 2808 5256 3045 5321; x_wconf 79' lang='lat' dir='ltr'><strong>propria</strong></span> <span class='ocrx_word' id='word_1_1061' title='bbox 3077 5256 3264 5319; x_wconf 81' lang='lat' dir='ltr'><strong>fecerit</strong></span> <span class='ocrx_word' id='word_1_1062' title='bbox 3290 5256 3569 5313; x_wconf 79' lang='lat' dir='ltr'><strong>voluntate,</strong></span> <span class='ocrx_word' id='word_1_1063' title='bbox 3603 5248 3683 5298; x_wconf 75' lang='lat' dir='ltr'><strong>sed</strong></span> 
     </span>
    </p>
   </div>
   <div class='ocr_carea' id='block_1_149' title="bbox 2060 5321 3680 5397">
    <p class='ocr_par' dir='ltr' id='par_1_149' title="bbox 2060 5321 3680 5397">
     <span class='ocr_line' id='line_1_149' title="bbox 2060 5321 3680 5397; baseline -0.008 -14"><span class='ocrx_word' id='word_1_1064' title='bbox 2060 5324 2065 5330; x_wconf 68' lang='grc'><strong>’</strong></span> <span class='ocrx_word' id='word_1_1065' title='bbox 2091 5334 2187 5383; x_wconf 83' lang='lat' dir='ltr'><strong>Dei</strong></span> <span class='ocrx_word' id='word_1_1066' title='bbox 2208 5332 2457 5397; x_wconf 82' lang='lat' dir='ltr'><strong>paruerit</strong></span> <span class='ocrx_word' id='word_1_1067' title='bbox 2480 5330 2726 5394; x_wconf 79' lang='lat' dir='ltr'><strong>imperio,</strong></span> <span class='ocrx_word' id='word_1_1068' title='bbox 2764 5335 2821 5376; x_wconf 89' lang='lat' dir='ltr'><strong>ut</strong></span> <span class='ocrx_word' id='word_1_1069' title='bbox 2848 5329 2995 5391; x_wconf 87' lang='lat' dir='ltr'><strong>quod</strong></span> <span class='ocrx_word' id='word_1_1070' title='bbox 3020 5329 3081 5377; x_wconf 82' lang='lat' dir='ltr'><strong>in</strong></span> <span class='ocrx_word' id='word_1_1071' title='bbox 3115 5329 3217 5378; x_wconf 80' lang='lat' dir='ltr'><strong>isto</strong></span> <span class='ocrx_word' id='word_1_1072' title='bbox 3250 5327 3547 5377; x_wconf 70' lang='lat' dir='ltr'><strong>carnaliter</strong></span> <span class='ocrx_word' id='word_1_1073' title='bbox 3560 5321 3680 5397; x_wconf 72' lang='lat' dir='ltr'><strong>legi-</strong></span> 
     </span>
    </p>
   </div>
   <div class='ocr_carea' id='block_1_150' title="bbox 2091 5393 3681 5468">
    <p class='ocr_par' dir='ltr' id='par_1_150' title="bbox 2091 5393 3681 5468">
     <span class='ocr_line' id='line_1_150' title="bbox 2091 5393 3681 5468; baseline -0.006 -14"><span class='ocrx_word' id='word_1_1074' title='bbox 2091 5393 2231 5468; x_wconf 65' lang='lat' dir='ltr'><strong>mus,</strong></span> <span class='ocrx_word' id='word_1_1075' title='bbox 2255 5405 2318 5453; x_wconf 83' lang='lat' dir='ltr'><strong>in</strong></span> <span class='ocrx_word' id='word_1_1076' title='bbox 2333 5402 2438 5451; x_wconf 88' lang='lat' dir='ltr'><strong>Deo</strong></span> <span class='ocrx_word' id='word_1_1077' title='bbox 2452 5393 2677 5465; x_wconf 76' lang='lat' dir='ltr'><strong>factum,</strong></span> <span class='ocrx_word' id='word_1_1078' title='bbox 2697 5399 3062 5465; x_wconf 78' lang='lat' dir='ltr'><strong>spiritualiter</strong></span> <span class='ocrx_word' id='word_1_1079' title='bbox 3074 5399 3452 5463; x_wconf 78' lang='lat' dir='ltr'><strong>probaremus.</strong></span> <span class='ocrx_word' id='word_1_1080' title='bbox 3477 5393 3681 5448; x_wconf 77' lang='lat' dir='ltr'><strong>Videsis</strong></span> 
     </span>
    </p>
   </div>
   <div class='ocr_carea' id='block_1_151' title="bbox 2092 5474 2473 5541">
    <p class='ocr_par' dir='ltr' id='par_1_151' title="bbox 2092 5474 2473 5541">
     <span class='ocr_line' id='line_1_151' title="bbox 2092 5474 2473 5541; baseline -0.013 -12"><span class='ocrx_word' id='word_1_1081' title='bbox 2092 5477 2221 5541; x_wconf 89' lang='lat' dir='ltr'><strong>ejus</strong></span> <span class='ocrx_word' id='word_1_1082' title='bbox 2250 5474 2473 5527; x_wconf 66' lang='lat' dir='ltr'><strong>Prmfat.</strong></span> 
     </span>
    </p>
   </div>
   <div class='ocr_carea' id='block_1_152' title="bbox 2155 5540 3027 5599">
    <p class='ocr_par' dir='ltr' id='par_1_152' title="bbox 2155 5540 3027 5599">
     <span class='ocr_line' id='line_1_152' title="bbox 2155 5540 3027 5599; baseline -0.014 2"><span class='ocrx_word' id='word_1_1083' title='bbox 2155 5548 2176 5577; x_wconf 85' lang='grc'><em>⁴</em></span> <span class='ocrx_word' id='word_1_1084' title='bbox 2199 5551 2385 5599; x_wconf 86' lang='lat' dir='ltr'><strong>Antea</strong></span> <span class='ocrx_word' id='word_1_1085' title='bbox 2407 5550 2531 5597; x_wconf 87' lang='lat' dir='ltr'><strong>erat</strong></span> <span class='ocrx_word' id='word_1_1086' title='bbox 2552 5540 3027 5594; x_wconf 74' lang='lat' dir='ltr'><strong>commovebimur.</strong></span> 
     </span>
    </p>
   </div>
   <div class='ocr_carea' id='block_1_153' title="bbox 2153 5614 3673 5683">
    <p class='ocr_par' dir='ltr' id='par_1_153' title="bbox 2153 5614 3673 5683">
     <span class='ocr_line' id='line_1_153' title="bbox 2153 5614 3673 5683; baseline -0.009 -10"><span class='ocrx_word' id='word_1_1087' title='bbox 2153 5628 2172 5649; x_wconf 82' lang='lat'><strong><em>°</em></strong></span> <span class='ocrx_word' id='word_1_1088' title='bbox 2195 5622 2302 5672; x_wconf 81' lang='lat' dir='ltr'><strong>Hic</strong></span> <span class='ocrx_word' id='word_1_1089' title='bbox 2333 5618 2501 5683; x_wconf 75' lang='lat' dir='ltr'><strong>fuerit</strong></span> <span class='ocrx_word' id='word_1_1090' title='bbox 2524 5628 2622 5681; x_wconf 90' lang='lat' dir='ltr'><strong>pro</strong></span> <span class='ocrx_word' id='word_1_1091' title='bbox 2651 5614 2793 5680; x_wconf 75' lang='lat' dir='ltr'><strong>ﬁerit</strong></span> <span class='ocrx_word' id='word_1_1092' title='bbox 2824 5614 3205 5668; x_wconf 89' lang='lat' dir='ltr'><strong>restituimus</strong></span> <span class='ocrx_word' id='word_1_1093' title='bbox 3230 5635 3245 5676; x_wconf 84' lang='lat'><strong>;</strong></span> <span class='ocrx_word' id='word_1_1094' title='bbox 3279 5616 3509 5682; x_wconf 88' lang='lat' dir='ltr'><strong>aliaque</strong></span> <span class='ocrx_word' id='word_1_1095' title='bbox 3538 5615 3673 5677; x_wconf 79' lang='lat' dir='ltr'><strong>ejus-</strong></span> 
     </span>
    </p>
   </div>
   <div class='ocr_carea' id='block_1_154' title="bbox 2090 5691 2553 5758">
    <p class='ocr_par' dir='ltr' id='par_1_154' title="bbox 2090 5691 2553 5758">
     <span class='ocr_line' id='line_1_154' title="bbox 2090 5691 2553 5758; baseline -0.009 -13"><span class='ocrx_word' id='word_1_1096' title='bbox 2090 5692 2249 5745; x_wconf 90' lang='lat' dir='ltr'><strong>modi</strong></span> <span class='ocrx_word' id='word_1_1097' title='bbox 2266 5691 2553 5758; x_wconf 87' lang='lat' dir='ltr'><strong>superius.</strong></span> 
     </span>
    </p>
   </div>
  </div>
