3880 6222
117 316 253 373 965

1043 317 1117 368 IN
1154 314 1397 368 OSEAM
1431 315 2017 372 COMMENTARIUS.
2055 321 2266 372 LIBER
2297 284 2576 373 palmus.

3362 319 3469 377 966

124 443 495 509 personam,
519 443 653 509 qua
676 434 813 509 ante
827 429 1061 493 nuptias
1085 427 1481 509 obsccgnitatis
1491 428 1760 509 vitianon
1786 436 1843 509 Α
1867 441 1915 479 ει
1935 431 2069 509 abiit
2098 436 2148 509 et
2160 431 2365 509 accepit
2380 430 2578 509 (inviter
2593 433 2781 509 ﬁliam
2808 432 3079 509 Debelain,
3103 444 3150 483 et
3165 434 3403 499 concepit
3424 439 3470 483 et

123 504 481 565 exhorruit,
514 502 619 554 sed
643 514 777 553 cum
799 501 860 552 in
886 513 1047 552 sacro
1071 502 1231 564 prius
1254 499 1485 550 Domini
1508 501 1599 551 sui
1623 514 1761 551 con-

127 576 335 627 sortio
348 574 729 637 constitisset,
743 573 1158 637 turpitudinem
1170 574 1384 622 sectata
1396 570 1763 623 describitur?

132 648 260 698 His
287 652 346 698 et
369 646 498 697 aliis
510 644 769 710 pluribus
782 643 1139 707 argumentis
1160 642 1364 710 docere
1385 642 1741 693 contendunt

134 717 449 769 meretrici
476 708 813 780 prophetam
834 713 1199 779 corporaliter
1233 708 1408 779 395
1435 725 1552 764 non
1582 713 1762 765 fuisse

136 789 571 842 commixtum.
988 790 995 796 '

215 861 315 913 Ad
343 860 501 923 quod
531 871 562 909 e
596 857 830 921 regione
859 855 1004 919 Syri,
1034 859 1094 907 et
1117 855 1225 917 qui
1240 855 1596 906 connubium
1620 854 1763 906 illud

139 934 468 985 carnaliter
490 931 800 995 opinantur
814 928 1131 992 impletum,
1152 927 1453 978 hominum
1475 929 1763 991 pracipue

140 1005 535 1057 attestatione
558 1002 843 1052 nituntur.
861 1000 1082 1061 Quibus
1106 999 1470 1050 evidenteret
1493 998 1765 1050 mulieret

142 1077 200 1140 ej
214 1089 292 1127 us
305 1081 424 1127 tam
439 1076 704 1138 parentes
719 1082 895 1134 quam
906 1070 1063 1133 regio
1074 1067 1418 1133 publicatur,
1432 1074 1621 1131 atque,
1635 1082 1767 1120 con-

132 1150 157 1211 j
172 1147 478 1198 unctionis
490 1144 789 1208 negotium
802 1146 1018 1194 secutis
1031 1141 1268 1193 tatibus
1290 1144 1663 1201 comprobatur.
1690 1143 1762 1189 Ad

144 1217 532 1269 devotionem
547 1220 743 1267 autem
756 1215 943 1277 magis
956 1212 1270 1277 prophetae,
1295 1223 1471 1275 quam
1484 1211 1559 1262 ad
1572 1224 1766 1263 susce-

148 1295 325 1354 ptam
340 1290 413 1338 ab
425 1300 491 1339 eo
513 1287 947 1338 temerationem
958 1283 1102 1347 legis
1117 1284 1325 1334 debere
1338 1295 1397 1334 re
1405 1283 1767 1347 vocariquic-

150 1361 307 1424 quid
318 1364 517 1410 contra
527 1356 1011 1409 consuetudinem
1023 1367 1252 1407 morum
1268 1367 1508 1405 suorum
1524 1367 1625 1419 per
1635 1357 1762 1405 obe-

151 1432 443 1483 dientiam
468 1429 681 1481 curarit
704 1431 794 1491 adj
804 1440 1039 1491 ungere.
1072 1430 1433 1489 Quamquam
1455 1426 1597 1477 illud
1617 1438 1765 1491 opus

154 1502 492 1556 honestatis
514 1511 532 1531 ·
549 1513 779 1565 quoque
792 1500 1041 1564 potuerit
1065 1504 1285 1550 ratione
1300 1498 1549 1561 defendi,
1575 1499 1632 1549 id
1658 1503 1765 1563 est,

153 1575 235 1626 ad
264 1574 490 1639 pudica
512 1573 574 1623 in
596 1573 881 1636 reliquum
904 1572 1138 1634 conjugi
1171 1576 1229 1621 et
1249 1581 1466 1621 munus
1495 1582 1529 1620 a
1558 1570 1769 1633 profes-

159 1647 331 1697 sione
355 1644 677 1696 meretricia
702 1645 1000 1695 faminam
1027 1643 1434 1694 transtulisset.
1468 1642 1767 1705 Ejusmodi

159 1730 304 1781 ergo
327 1718 477 1768 inter
496 1730 559 1768 se
582 1715 973 1779 disputatione
997 1718 1301 1777 certantes,
1321 1718 1627 1777 utramque
1644 1714 1768 1777 opi-

86 1831 109 1837 -
164 1790 404 1841 nionem
425 1788 720 1841 reddidere
744 1791 1091 1851 suspectam,
1120 1799 1255 1837 cum
1282 1797 1479 1837 revera
1517 1792 1572 1837 et
1617 1799 1771 1838 com-

165 1860 507 1924 pendiosius
533 1860 796 1912 videatur
818 1864 876 1909 et
899 1858 1100 1922 tutius,
1119 1861 1176 1908 et
1198 1856 1272 1908 ad
1292 1857 1769 1921 signiﬁcationem

166 1944 362 1982 rerum
372 1930 888 1992 accommodatius,
903 1929 956 1979 si
980 1941 1073 1980 res
1087 1929 1292 1992 spiritu
1302 1932 1468 1992 gesta
1481 1928 1766 1992 credatur,

170 2009 238 2055 ut
249 2003 736 2067 quemadmodum
748 2004 953 2053 beatus
963 2003 995 2052 J
1002 2002 1245 2052 eremias
1256 2000 1543 2052 deJudea
1556 2001 1769 2053 iinibus

171 2088 293 2127 non
301 2075 591 2136 recedens,
612 2074 889 2125 infodisse
904 2072 1170 2125 tamenin
1182 2072 1411 2136 regione
1427 2072 1768 2124 Parthorum

172 2148 593 2200 vestimentum
622 2146 884 2197 lumbare
926 2144 1309 2197 describitur:
1348 2144 1499 2194 sicut
1531 2148 1769 2194 sanctus

171 2217 435 2269 Ezechiel
458 2217 645 2268 medio
662 2216 1014 2281 captivitatis
1036 2214 1401 2278 Babylonica
1417 2214 1769 2265 constitutus

170 2291 233 2340 in
246 2289 455 2354 templo
466 2291 497 2340 J
504 2293 689 2340 erosol
692 2302 727 2353 y
734 2290 811 2339 mi
818 2293 952 2339 tano
965 2290 1253 2351 spectator
1262 2286 1774 2350 inducitur,imagi-

172 2374 277 2412 nes
291 2368 489 2424 utique
515 2363 668 2411 solas
681 2364 937 2412 locorum
954 2363 1276 2423 etactuum,
1290 2357 1460 2421 longe
1471 2356 1608 2407 alibi
1623 2358 1774 2422 posi-

176 2438 294 2492 tus,
318 2432 647 2484 contuendo
674 2449 684 2480 :
725 2433 809 2483 ita
831 2432 1003 2483 etiam
1037 2432 1243 2481 beatus
1278 2431 1424 2481 Osee
1454 2428 1771 2481 multorum

171 2508 336 2568 gesta
351 2509 677 2568 temporum
692 2502 1046 2566 signaturus,
1063 2514 1164 2565 per
1183 2501 1464 2564 imagines
1482 2513 1770 2565 congruas

178 2579 293 2626 tam
306 2575 605 2640 culparum
618 2576 825 2626 seriem
838 2573 1240 2636 viderit,quam
1249 2584 1576 2635 poenarum.
1592 2574 1691 2636 qu
1701 2586 1770 2623 us

178 2659 313 2698 sane
341 2647 599 2699 muneris
624 2646 952 2698 testimonio
978 2648 1087 2696 sub
1112 2646 1318 2708 quavis
1343 2644 1609 2708 opinione
1633 2656 1770 2708 pro-

176 2731 372 2784 penso,
399 2719 715 2770 reverentia
737 2716 1128 2782 prophetantis
1152 2720 1407 2780 apparet,
1421 2727 1594 2779 quem
1610 2716 1773 2767 nimi-

178 2803 304 2841 rum
318 2801 570 2855 persona
594 2802 698 2840 sua
720 2801 911 2841 rerum
924 2787 1185 2839 conditor
1198 2787 1423 2838 videtur
1434 2787 1692 2850 induere,
1707 2792 1774 2839 ut

177 2861 248 2913 de
259 2862 423 2913 factis
438 2862 561 2924 viri,
563 2864 580 2924 j
593 2861 909 2912 udiciorum
922 2871 1153 2923 quoque
1170 2858 1494 2910 divinorum
1511 2863 1653 2910 ratio
1666 2858 1773 2911 col-

173 2934 402 2998 ligatur,
419 2933 1139 2996 tantaqueinteraternum
1154 2931 1464 2981 Dominum
1478 2929 1773 2982 etﬂdelem

178 3018 414 3056 servum
438 3004 806 3055 necessitudo
840 3002 1139 3065 consistat,
1173 3006 1237 3053 ut
1270 3004 1571 3065 utriusque
1604 3004 1773 3066 quasi

173 3076 529 3128 existimatio
544 3077 857 3126 misceatur
874 3087 887 3124 :
900 3079 958 3125 et
971 3074 1019 3125 si
1029 3086 1131 3137 pro
1135 3074 1325 3136 pheta
1342 3073 1492 3124 actio
1503 3073 1771 3125 diluenda

170 3153 280 3209 est,
295 3148 503 3201 divina
527 3159 755 3210 quoque
780 3146 977 3211 pietati
1001 3146 1301 3197 excusatio
1327 3146 1590 3196 videatur
1615 3158 1771 3197 com-

170 3193 498 3270 5.1521355;
510 3193 1104 3282 assignatas-isi
1121 3193 1769 3280 ai'assamaarsa‘t.
1794 3193 1844 3269 C

170 3290 502 3343 testationis
539 3290 886 3353 obsequium
909 3288 1185 3352 quicquid
1228 3300 1421 3340 rerum
1454 3294 1544 3340 est
1567 3302 1770 3353 super-

171 3374 373 3427 gressa
382 3363 680 3426 majestas,
692 3361 848 3412 idem
871 3373 1101 3424 quoque
1115 3363 1160 3411 si
1169 3361 1225 3411 bi
1237 3373 1361 3411 com
1368 3359 1592 3425 placitis
1606 3373 1767 3413 men.

172 3435 327 3485 tibus
350 3433 710 3485 auctoritatis
726 3433 1018 3493 attribuat,
1036 3436 1103 3483 ut
1118 3432 1359 3483 humani
1380 3433 1663 3484 examinis
1677 3445 1772 3484 ne-

169 3505 481 3569 quicquam
492 3516 660 3568 egere
674 3504 1006 3555 doceantur.
1021 3502 1184 3564 Quod
1201 3504 1498 3566 quidemet
1510 3504 1771 3569 Apostoli

174 3575 332 3628 Pauli
347 3588 589 3627 censura
606 3576 919 3627 denunciat
942 3588 1074 3626 cum
1098 3574 1263 3626 dicit:
1292 3576 1436 3624 Mihi
1466 3583 1647 3625 autem
1667 3592 1770 3641 pro

171 3648 405 3696 minimo
428 3653 581 3703 estut
605 3663 640 3695 a
663 3645 807 3695 vobis
848 3645 1117 3710 dijudicer
1149 3651 1246 3695 aut
1277 3647 1525 3697 humano
1549 3648 1650 3708 die,
1681 3649 1773 3699 sed

172 3734 343 3784 neque
357 3718 620 3782 meipsum
637 3717 893 3782 dijudico,
908 3718 1054 3767 nihil
1064 3719 1213 3768 enim
1223 3718 1367 3767 mihi
1378 3720 1620 3769 conscius
1629 3735 1768 3770 sum:

176 3790 280 3850 Qui
295 3794 473 3839 autem
480 3789 693 3854 judical
716 3804 801 3839 me
822 3790 1092 3839 Dominus
1114 3795 1185 3840 est
1205 3790 1278 3852 (1.
1307 3790 1427 3841 Cor.
1454 3791 1510 3845 4.
1542 3791 1632 3856 4.),
1657 3793 1774 3844 Sub

174 3874 293 3914 una
312 3861 507 3925 itaque
517 3861 836 3924 eademque
847 3862 1169 3914 reverentia
1191 3874 1222 3913 e
1231 3866 1249 3913 t
1258 3874 1485 3928 pracep
1493 3864 1569 3915 tio
1585 3864 1776 3915 condi-

176 3934 314 3985 toris
336 3937 396 3984 et
418 3936 713 3997 propheta
735 3933 885 3984 actio
910 3935 1312 3985 constiterunt.

238 4004 503 4056 Notanda
526 4009 723 4057 autem
744 4005 1046 4069 diligenter
1057 4007 1232 4057 series
1258 4011 1317 4058 et
1338 4005 1477 4057 ordo
1488 4006 1776 4058 dictorum

173 4089 308 4141 qua
328 4076 408 4128 illi
425 4078 622 4129 sensui
638 4079 832 4141 potius
854 4076 1078 4141 alludit,
1093 4090 1207 4141 quo
1222 4091 1343 4129 non
1353 4079 1645 4130 videretur
1660 4091 1777 4129 cor-

175 4147 447 4213 poraliter
468 4150 701 4213 impleta
724 4149 1081 4201 commixtio.
1104 4150 1263 4209 Vade,
1280 4150 1491 4213 inquit,
1518 4149 1776 4199 sumetibi

174 4234 409 4270 uxorem
421 4221 855 4283 fornicationum
869 4227 914 4271 et
923 4221 1064 4284 ﬁlios
1072 4220 1660 4285 fornicationum,quia
1670 4221 1779 4283 for-

177 4292 375 4341 nicans
396 4292 761 4354 fornicabitur
777 4299 921 4341 terra
954 4309 989 4341 a
1010 4293 1263 4341 Domino.
1280 4293 1458 4355 Atqui
1472 4291 1617 4343 illud
1633 4297 1781 4343 tem-

173 4376 286 4428 pus
321 4375 438 4415 non
459 4365 695 4416 exordia
726 4364 1068 4428 sacrilegum
1106 4363 1293 4428 [Forte
1325 4362 1543 4427 aliquid
1567 4363 1777 4428 deest],

174 4447 310 4499 qua
323 4436 555 4488 nomine
575 4437 962 4488 fornicationis
978 4440 1233 4499 accusat,
1248 4436 1348 4487 sed
1360 4438 1481 4500 jam
1506 4436 1633 4499 ejus
1650 4449 1778 4500 pos-

174 4514 361 4561 trema
373 4511 658 4573 tangebat.
676 4514 716 4558 Α
734 4509 1093 4573 temporibus
1106 4509 1316 4573 quippe
1326 4510 1355 4560 J
1362 4509 1631 4560 eroboam
1642 4520 1784 4572 pra-

174 4581 345 4645 cipue
372 4580 662 4644 religionis
687 4581 873 4633 fuerat
910 4580 1184 4633 inchoata
1205 4581 1510 4645 corruptio,
1539 4585 1598 4633 et
1618 4594 1782 4632 cum-

174 4651 451 4703 mendata
465 4652 689 4716 populis
704 4651 925 4703 cultura
937 4664 1262 4713 vaccarum,
1277 4665 1409 4716 qua
1420 4652 1619 4704 multis
1631 4657 1773 4706 ata-

178 4724 338 4775 tibus
361 4724 485 4775 sine
512 4724 951 4788 interpolatione
981 4725 1311 4789 permansit.
1352 4725 1454 4775 His
1493 4738 1630 4779 vero
1648 4729 1772 4792 jam

174 4795 401 4859 diebus,
429 4795 645 4859 quibus
670 4796 839 4847 beato
852 4796 1019 4859 Osca
1034 4796 1512 4848 vaticiniimunus
1530 4798 1778 4866 ἱωροηί-

176 4871 292 4944 tur,
318 4878 435 4944 non
447 4868 978 4944 praevaricationes,
994 4869 1095 4944 sed
1119 4867 1574 4944 potiusultiones
1595 4872 1773 4944 396

177 4938 466 5002 incipiunt
487 4940 712 4990 exoriri.
739 4939 903 5001 Quod
932 4939 953 4968 ι’
978 4940 1172 5003 utique
1194 4940 1267 4991 ab
1289 4940 1385 4992 illa
1408 4938 1779 5003 signiﬁcation}

178 5010 471 5074 dissentit,
485 5022 657 5074 quam
684 5017 947 5063 assumta
967 5011 1028 5062 in
1051 5013 1387 5076 conjugium
1417 5018 1692 5070 meretrix
1706 5020 1782 5071 vi-

178 5083 326 5135 deba
333 5089 425 5136 tur
437 5086 761 5156 ostendere,
779 5085 1043 5149 indicans
1055 5100 1183 5139 eam
1194 5091 1779 5156 contumeliam,quam

182 5158 460 5207 Dominus
492 5155 667 5222 longo
711 5162 967 5222 tempore
990 5158 1216 5211 laturus
1244 5166 1414 5212 esset.
1441 5164 1572 5214 Jam
1605 5164 1781 5228 igitur

180 5228 319 5293 quid
347 5228 801 5281 denuntiationis
826 5231 964 5282 ordo
985 5232 1295 5293 contineat,
1322 5233 1641 5287 videamus.

252 5300 414 5362 Vade,
439 5316 591 5351 sume
616 5302 711 5350 tibi
735 5317 962 5352 uxorem
983 5304 1416 5367 fornicationum
1437 5311 1481 5354 et
1501 5306 1644 5368 ﬁlios
1665 5307 1783 5371 for-

180 5372 686 5439 nicationum,quia
695 5375 910 5438 fornica
917 5392 999 5442 ns,
1009 5377 1371 5441 fornicabitur
1382 5384 1525 5428 terra
1537 5388 1784 5431 aDomino:

247 5526 267 5545 ⁸
292 5517 463 5581 Lege,
479 5516 727 5581 conjugis
750 5534 974 5580 munus,
996 5520 1044 5569 si
1068 5536 1104 5570 a
1125 5520 1493 5585 prophetione,
1520 5526 1627 5574 etc.
1651 5522 1785 5574 Hie—

184 5602 484 5653 ronymus,
523 5589 651 5649 Nec,
682 5590 892 5654 inquit,
917 5592 1223 5657 culpandus
1245 5592 1537 5656 Propheta,
1563 5596 1610 5643 si
1626 5609 1790 5644 mere-

185 5662 372 5711 tricem
392 5663 711 5711 converterit
725 5663 799 5711 ad
830 5664 1162 5727 pudicitiam
1196 5680 1205 5711 :
1234 5664 1325 5713 sed
1346 5665 1527 5728 potius
1550 5666 1787 5716 laudan-

184 5735 306 5795 dus,
331 5732 479 5798 quod
502 5747 570 5781 eae
589 5733 741 5782 mala
762 5733 961 5786 bonam
983 5736 1182 5800 fecerit,
1207 5739 1315 5789 etc.
1332 5739 1521 5800 Atque
1550 5738 1660 5790 hoc
1685 5739 1789 5791 ad-

187 5821 395 5862 versus
418 5808 838 5874 contentiosos,
864 5823 1010 5875 quos
1025 5811 1301 5877 Ethnicos,
1323 5816 1424 5864 aut
1442 5811 1691 5863 Ethnicis
1710 5813 1787 5862 si-

187 5880 339 5932 miles
361 5885 550 5935 vocat.
576 5882 861 5934 Caterum
891 5884 952 5936 in
982 5882 1205 5937 Prafat.
1252 5888 1320 5937 ut
1350 5883 1570 5938 factum
1594 5883 1653 5938 id
1687 5897 1790 5951 per

1797 1821 1851 1895 B

1794 4611 1851 4684 D

1862 502 2067 565 peperit
2088 501 2286 563 ﬁlium.
2301 502 2367 550 Et
2378 502 2797 554 dimilDominus
2807 504 2880 554 ad
2902 519 3027 554 eum
3048 518 3061 555 :
3109 505 3245 555 Voca
3266 519 3467 555 nomen

1860 572 1974 637 ejus
2022 573 2283 633 Jcsrahel,
2330 574 2597 636 quoniam
2636 577 2816 625 adhuc
2851 578 3128 627 modicum
3160 583 3205 626 et
3241 576 3467 627 visitabo

1858 646 2186 707 sanguinem
2206 644 2447 694 Jesrahel
2476 659 2637 707 super
2669 647 2892 697 domum
2924 649 3085 709 Jehu,
3111 654 3157 696 et
3204 650 3468 711 quiescere

1859 715 2065 779 faciam
2088 731 2317 779 regnum
2340 716 2531 765 domus
2556 717 2740 777 Israel,
2775 724 2820 766 el
2855 720 2918 767 in
2940 720 3036 768 illa
3072 719 3159 768 die
3191 724 3466 768 conteram.

1863 802 2054 836 arcum
2078 788 2241 836 Israel
2266 788 2326 836 in
2352 788 2486 836 valle
2510 787 2777 837 Jesrahel.
2797 791 3221 853 Frequentatus
3256 791 3349 842 hic
3374 804 3469 855 per

1864 870 2026 910 sacra
2048 859 2344 911 volumina
2364 871 2400 909 a
2422 861 2542 910 Deo
2564 864 2763 910 nostro
2786 872 2981 911 sermo
2999 862 3468 926 deprehenditur,

1863 935 1928 981 ut
1940 930 2237 994 sacrilegia
2247 931 2480 981 nomine
2499 930 2901 981 fornicationis
2914 938 3164 984 accuset.
3183 938 3308 990 Quia
3331 935 3470 982 enim

1865 1006 2040 1053 notus
2063 1003 2123 1053 in
2144 1005 2174 1053 J
2185 1002 2350 1055 udaa
2365 1005 2519 1054 Deus
2536 1014 2712 1052 unam
2723 1007 2955 1065 gentem
2981 1016 3156 1066 quam
3178 1005 3286 1055 sibi
3311 1008 3469 1054 socia-

1865 1078 1969 1137 ret,
1991 1073 2258 1138 elegerat,
2274 1079 2332 1126 et
2357 1074 2525 1138 quasi
2540 1075 2725 1125 instar
2741 1075 3026 1138 conjugis,
3043 1076 3471 1127 intervenienti-

1865 1145 1978 1196 bus
1996 1148 2137 1209 legis
2152 1146 2381 1207 tabulis,
2398 1146 2468 1197 de
2484 1158 2598 1208 qua
2610 1146 2763 1196 ﬁlios
2776 1145 3136 1196 instituendo
3152 1150 3468 1208 generaret,

1864 1222 2242 1280 assumserat,
2268 1229 2369 1267 eos
2392 1216 2642 1281 appellat
2658 1217 2919 1281 pudicos,
2933 1218 3033 1280 qui
3056 1217 3334 1268 inviolata
3349 1217 3471 1268 reli-

1866 1288 2054 1353 gionis
2073 1290 2208 1352 jura
2228 1288 2599 1351 custodiunt;
2626 1288 2754 1339 illos
2773 1302 2908 1341 vero
2921 1301 2953 1339 e
2974 1288 3261 1339 contrario
3276 1292 3473 1352 turpes

1865 1364 2040 1423 atque
2065 1359 2315 1424 pollutos
2339 1360 2436 1423 qui
2460 1359 2652 1411 cultus
2669 1361 2817 1411 sacri
2842 1360 3075 1423 foedera,
3103 1372 3362 1411 errorum
3385 1359 3477 1409 in-

1866 1430 2109 1481 fectione
2131 1436 2189 1482 et
2212 1431 2455 1482 haresis
2483 1432 2932 1493 consectatione,
2956 1431 3390 1491 violaverunt.Q
3401 1441 3473 1481 ua

1866 1501 2116 1565 imagine
2132 1503 2407 1553 nimirum
2419 1502 2947 1566 etmagnitudinem
2960 1502 3216 1553 caritatis
3233 1517 3347 1563 erga
3361 1503 3473 1561 pios

1867 1578 1926 1625 et
1940 1573 2365 1625 vehementiam
2386 1575 2721 1635 severitatis,
2738 1587 2855 1637 qua
2876 1574 3272 1637 hosceimpios
3286 1584 3475 1637 perse-

1868 1646 2420 1710 quatur,expressit:
2450 1646 2713 1709 quianon
2731 1647 2920 1696 solum
2948 1647 3101 1697 sicut
3125 1657 3329 1696 censor
3370 1648 3473 1696 aut

1862 1717 2062 1780 judex,
2090 1717 2192 1768 sed
2215 1718 2381 1782 quasi
2406 1717 2655 1769 fremens
2682 1717 2757 1768 ad
2784 1717 3205 1769 vindicandum
3226 1715 3471 1768 meritus

1877 1788 2161 1853 insurgat.

1940 1860 2050 1911 Sed
2083 1871 2216 1910 cum
2238 1858 2310 1910 ad
2326 1859 2385 1910 id
2399 1858 2838 1923 intelligendum
2850 1870 2956 1909 suo
2972 1863 3169 1911 tenore
3189 1857 3473 1920 decurrat,

1867 1930 2249 1993 quarendum
2273 1935 2382 1994 est,
2407 1930 2547 1994 quid
2572 1932 2752 1994 egerit
2786 1929 2930 1980 tanti
2964 1929 3277 1980 schematis
3293 1939 3473 1993 appa-

1866 2006 2014 2053 ratu.
2042 2001 2187 2063 Quid
2211 2002 2368 2053 enim
2392 2013 2537 2065 opus
2566 2005 2705 2065 erat,
2726 2005 2789 2051 ut
2806 2013 2925 2052 non
2951 1999 3196 2064 simplex
3218 2000 3473 2051 narratio

1864 2073 1990 2124 hac
2015 2073 2211 2124 omnia
2247 2073 2584 2133 contineret,
2613 2072 2716 2124 sed
2739 2072 3120 2136 imperaretur
3152 2074 3469 2135 propheta,

1867 2145 1992 2196 sive
2014 2146 2076 2197 in
2086 2158 2341 2209 corpore,
2369 2145 2491 2197 sive
2509 2143 2699 2195 solum
2723 2145 2785 2195 in
2800 2145 3171 2207 imaginibus,
3191 2154 3327 2193 cum
3349 2153 3476 2193 me-

1865 2217 2069 2267 retrice
2084 2207 2337 2267 ineunda
2359 2217 2484 2279 conj
2493 2217 2799 2266 unctio‘nn
2815 2228 2931 2279 quo
2948 2226 3089 2265 sane
3104 2214 3229 2265 loco
3254 2214 3345 2276 pie
3356 2227 3475 2261 con-

1868 2286 2104 2350 diteque
2116 2288 2523 2350 cogitantibus,
2536 2286 2890 2350 profundum
2902 2293 2959 2336 et
2970 2286 3183 2337 divina
3196 2285 3476 2343 benignita-

1869 2358 1943 2409 tis
1960 2363 2018 2410 et
2031 2358 2382 2423 prophetica
2393 2358 2692 2422 dignitatis
2702 2356 3127 2409 occurritDeus
3153 2358 3291 2405 enim
3305 2359 3476 2402 noster

1867 2430 1967 2494 qui
1986 2432 2408 2494 providentiam
2432 2444 2601 2482 suam
2646 2429 2918 2482 humanis
2953 2430 3129 2480 rebus
3164 2426 3473 2491 interserit,

1869 2501 2122 2554 consulit
2137 2504 2373 2567 quidem
2388 2504 2450 2553 in
2467 2515 2777 2554 commune
2801 2500 3161 2563 mortalibus,
3177 2498 3281 2550 sed
3303 2497 3475 2562 quasi

1869 2586 1969 2625 eos
1996 2578 2223 2626 tantum
2250 2575 2515 2626 homines
2544 2573 2962 2636 existimet,qui
2981 2571 3363 2625 reverentiam
3400 2567 3474 2620 de

1867 2658 2096 2697 morum
2112 2646 2423 2699 virtutibus
2446 2645 2656 2697 fuerint
2680 2643 3275 2708 assequuti,ipsorum
3300 2653 3363 2692 se
3389 2652 3479 2691 os-

1870 2715 2306 2780 tenditjudiciis
2339 2716 2706 2777 commoveri,
2734 2720 2976 2778 tumque
3004 2711 3310 2777 praceptis
3346 2715 3474 2762 tum

1868 2788 2390 2852 imaginibusipsos
2401 2788 2694 2852 pracipue
2716 2787 2950 2838 festinat
2967 2788 3235 2833 instruere.
3266 2785 3355 2831 VeI
3377 2784 3473 2830 hoc

1867 2860 2060 2924 itaque
2075 2861 2273 2913 volens
2284 2861 2589 2912 ostendere
2600 2859 2758 2923 quod
2776 2856 3047 2922 pramisi,
3061 2854 3473 2919 gravissimum

1868 2932 2137 2985 videlicet
2160 2944 2223 2984 se
2247 2937 2583 2984 sanctorum
2604 2932 2862 2984 virorum
2883 2928 3097 2979 habere
3120 2930 3471 2989 respectum,

1868 3017 1977 3056 nec
2007 3004 2069 3055 in
2090 3005 2198 3057 levi
2213 3017 2422 3070 ponere
2445 3017 2644 3056 eorum
2675 3002 2957 3066 querelas,
2999 2998 3094 3050 vel
3131 3003 3285 3050 certe
3312 2995 3471 3060 quod

1870 3080 2201 3133 sanctorum
2212 3077 2391 3129 soleat
2406 3076 2761 3129 orationibus
2786 3071 3055 3136 mitigari,
3075 3084 3209 3123 cum
3239 3074 3471 3133 tempus

1870 3156 1977 3216 est,
2008 3160 2074 3206 ut
2096 3150 2331 3214 incipiat
2346 3149 2591 3212 proferre
2613 3147 2954 3198 vindictam:
2991 3145 3144 3208 apud
3164 3142 3291 3216 illos
3308 3142 3469 3216 prius

1870 3213 2110 3288 negocia
2125 3223 2334 3288 quibus
2348 3220 2423 3271 sit
2445 3232 2729 3271 accensus
2744 3220 2967 3280 allegat,
2985 3222 3051 3267 ut
3066 3213 3471 3288 explanatione

1867 3284 2203 3349 meritorum
2218 3291 2660 3345 interventionis
2671 3288 3085 3354 impedimenta
3104 3284 3470 3347 submoveat,

1868 3374 1926 3423 et
1950 3383 2048 3424 eos
2073 3380 2219 3434 quos
2252 3362 2498 3428 experiri
2532 3366 2747 3424 poterat
2782 3359 3091 3413 sententia
3130 3360 3466 3434 moratores,

1868 3430 2118 3513 primum
2142 3453 2178 3492 a
2193 3450 2300 3491 sua
2316 3440 2477 3513 parte
2503 3435 2844 3513 constituat,
2863 3442 3181 3513 secumque
3206 3430 3471 3513 hortetur

1868 3501 2056 3572 irasci.
2071 3513 2212 3566 inde
2231 3514 2321 3562 est
2341 3507 2481 3559 illud
2500 3505 2655 3570 quod
2678 3518 2812 3557 cum
2831 3507 3039 3556 beatus
3054 3504 3283 3566 Moyses
3301 3501 3475 3572 explo-

1870 3596 2091 3644 ratores
2116 3591 2284 3637 terra
2302 3578 2783 3644 Repromissionis
2810 3577 2881 3628 de
2906 3575 3150 3640 singulis
3165 3571 3470 3624 duodecim

1873 3664 2060 3716 tribus
2082 3657 2433 3710 destinasset
2458 3669 2467 3701 :
2489 3650 2821 3711 reversique
2848 3652 3054 3713 prater
3077 3646 3244 3708 duos,
3263 3655 3471 3697 omnes

1873 3732 2373 3797 reliquiignavum
2396 3723 2674 3797 populum
2698 3721 3045 3797 terruissent
3066 3719 3474 3797 :ipsumquoque

1873 3785 2628 3862 beatuvaoysense—ditio
2671 3796 2872 3845 exorta
2910 3788 3339 3862 conquassavit.
3365 3785 3477 3862 Sed

1873 3857 2007 3929 cum
2018 3874 2093 3927 ad
2110 3857 2546 3925 tabernaculum
2562 3864 2939 3929 confugisset,
2956 3860 3250 3926 Apparuit,
3265 3857 3476 3922 inquit,

1873 3950 2052 4015 gloria
2084 3942 2420 4015 Domini,__et
2456 3935 3049 4015 ostendenanuanti
3072 3946 3206 4015 eum
3242 3932 3474 4015 iaceret,

1874 3999 2169 4084 quamque
2193 3999 2466 4084 omnibus
2490 4006 2868 4084 ἱριξιὲψυὶὶεξ
2889 4005 3216 4084 anteferret,
3233 3999 3477 4084 iginiitte

1873 4074 1973 4152 «iw,
2000 4074 2277 4151 inquit,ut
2301 4074 2685 4152 deleam397
2700 4076 2967 4141 populum
2983 4078 3167 4152 istum,
3196 4080 3242 4123 et
3263 4075 3475 4152 faciane

1875 4169 1920 4213 te
1942 4145 2103 4225 super
2124 4145 2331 4222 gentem
2360 4151 2527 4199 multo
2544 4148 2828 4225 majorem,
2848 4162 3024 4225 .q‘uam
3049 4148 3156 4225 haec
3178 4152 3253 4194 est
3279 4145 3473 4225 (Exod.

1876 4217 2108 4297 32.).'Ex
2126 4217 2344 4292 quibus
2359 4219 2749 4297 sermonibus,
2762 4218 2903 4297 quid
2921 4219 3072 4297 apud
3096 4217 3325 4297 cumvir
3340 4228 3480 4297 san-

1876 4289 2005 4357 ctus
2016 4289 2214 4367 posset
2224 4289 3063 4367 intelligens,indignatiouemj
3072 4290 3236 4367 urticis
3246 4289 3480 4367 protinus

1874 4359 2180 4439 mitigavit.
2196 4370 2284 4422 Sic
2307 4372 2365 4420 et
2388 4377 2521 4439 cum
2543 4363 2755 4439 templo
2771 4359 3478 4439 Jerosolymitarum'Baby.

1879 4427 2084 4499 Ionica
2106 4437 2450 4506 captivitatis
2470 4434 2811 4506 immineret
2831 4433 3077 4494 eversio,
3116 4427 3477 4506 Ezechielem

1880 4501 2236 4587 prophetam,
2268 4506 2749 4587 contemplatione
2782 4504 3067 4587 duntaxat
3101 4501 3356 4587 spiritus,
3380 4514 3483 4587 per

1883 4573 2059 4658 ady‘ta
2095 4573 2234 4652 (μιαί
2248 4584 2386 4636 olim
2414 4582 2651 4658 fuerant
2671 4576 2997 4657 veneranda
3021 4573 3376 4658 circuniagit3
3404 4578 3481 4658 ut

1891 4644 2135 4733 qualiter
2146 4658 2389 4733 populus
2404 4655 2678 4733 peccaret,
2694 4648 3001 4733 aspiciens,
3013 4645 3305 4733 desineret1
3308 4644 3486 4733 adn—1i:

1873 4720 2002 4805 rari.
2042 4735 2093 4788 si
2115 4720 2279 4785 ﬂérét
2298 4729 2359 4779 in
2382 4723 2737 4805 οοηινδιῗὲυω
2764 4724 2927 4805 ta???
2954 4720 3480 4805 PWE‘PLEEEEBS

1874 4789 2153 4881 singulari
2172 4815 2357 4868 nuper
2377 4796 2748 4852 veneratione
2761 4789 3336 4855 sublimis,vilissime
3360 4790 3482 4841 dis-

1875 4899 2176 5018 Ρθῖίὲἰῖεο
2189 4954 2246 5002 et
2261 4949 2427 5018 beato
2439 4942 2625 5004 Osea,
2639 4951 2739 5004 per
2754 4947 2929 5018 quem
2940 4934 3257 5018 imminens
3267 4932 3479 5018 populo

1876 5005 2261 5086 nunciabatur
2284 5016 2546 5075 exitium,
2569 5025 2670 5086 pro
2695 5023 2810 5086 quo
2834 5008 3108 5086 videlicet
3129 5005 3285 5086 nihil
3317 5008 3481 5086 erant

1878 5076 2183 5170 ἓέῐὲὲὶῐίίὼ
2214 5090 2459 5170 valitura
2481 5085 2706 5170 misria
2722 5081 2878 5170 ,εξίιιξι
2902 5076 3480 5170 ρξειῖέειέξξιξηηϊέιέῖ

1878 5149 2320 5231 {lira—suifragia,
2353 5157 2570 5223 negotii
2608 5154 2812 5207 similis
2838 5153 3109 5231 indicitur
3139 5149 3477 5231 apparatus:

1882 5227 2172 5312 quatenus
2186 5227 2248 5291 in
2265 5250 2369 5312 suo
2393 5234 2671 5287 sentiatet
2684 5230 3002 5312 perpendat
3016 5227 3480 5312 exemplomtrufn

1882 5299 2046 5370 illum
2060 5309 2535 5367 contumeliarum
2559 5317 2829 5370 aggerem
2843 5302 2934 5354 vel
2947 5300 3134 5376 possit
3142 5301 3295 5349 Deus
3314 5299 3493 5376 sueti:

1882 5369 2038 5448 nere,
2072 5383 2165 5439 vel
2184 5383 2409 5435 debeat.
2446 5369 2755 5430 Personam
2780 5385 2932 5437 ergo.
2956 5370 3163 5434 inquit,
3191 5369 3477 5420 assumito

1884 5530 2147 5595 figuram,
2165 5522 2573 5595 evincat,idem_
2583 5524 2756 5584 atque
2771 5518 2977 5595 Noster
2986 5510 3319 5595 exemplum
3330 5515 3479 5595 urget

1885 5582 2171 5664 Jeremia,
2196 5598 2295 5663 qui
2324 5582 2403 5648 ad
2434 5582 2787 5660 Euphratem
2820 5584 3190 5642 absconderit
3215 5582 3487 5635 lumbare

1889 5676 2280 5807 εὶξυυὲἓί-ἱῗξάω
2305 5737 2508 5792 vitiose
2530 5740 2651 5788 erat
2672 5735 2889 5799 utrique
2910 5746 2929 5792 ;
2953 5729 3122 5796 paulo
3148 5726 3323 5781 etiam
3351 5730 3491 5791 post

1887 5815 1952 5866 de
1976 5814 2169 5866 Belain
2201 5811 2430 5865 duobus
2455 5808 2667 5863 verbis.
