3880 6222
489 351 589 407 971

489 524 643 600 pore,
654 537 714 586 et
736 533 941 584 beatus
963 528 1149 582 David
1190 527 1287 590 ait,
1321 528 1365 576 Α
1403 526 1603 600 finibus
1634 531 1785 575 terrae
1808 526 1883 575 ad
1907 524 2084 600 tecta-

491 595 639 656 mari
683 604 817 653 dum
847 612 865 631 ⁸
910 605 1200 665 angeretur
1236 613 1328 647 cor
1354 612 1553 660 meum,
1578 598 1639 645 in
1662 602 1816 662 petra
1841 595 2090 646 exaltasti

493 692 593 726 me.
634 673 918 726 Deduxisti
956 686 1038 721 me
1062 671 1199 736 quia
1219 670 1395 733 factus
1417 685 1467 718 es
1489 683 1604 733 spes
1627 683 1745 717 mea
1774 667 1935 732 (Psal.
1959 665 2089 728 60.).

493 748 821 801 Notandum
846 755 1076 807 quoque
1096 746 1188 794 est
1202 742 1339 805 quia
1353 740 1799 805 promissionem
1816 738 1925 789 loci
1944 740 2092 786 istius

493 832 665 884 super
680 814 1047 868 multitudine
1064 813 1343 875 fidelium,
1359 811 1431 863 ad
1439 810 1916 884 praedicationem
1927 810 2094 859 Evan-

492 880 625 954 gelii
647 886 1079 948 conﬂuentium,
1093 885 1297 936 beatus
1318 881 1529 933 Paulus
1539 880 1841 954 acceperit,
1866 894 2094 954 asserens

497 951 757 1013 videlicet
804 956 955 1021 quod
987 956 1162 1007 unius
1185 955 1375 1020 gentis
1406 952 1704 1016 angustias
1724 951 2091 1003 annunciatio

495 1030 846 1095 evangelicae
863 1027 1090 1093 pietatis
1106 1025 1435 1078 excesserit.
1462 1026 1532 1075 Et
1552 1035 1669 1074 non
1693 1023 1881 1095 solum
1903 1022 1975 1095 de
1988 1024 2092 1074 Ju-

494 1094 673 1164 daeis,
684 1100 783 1164 qui
806 1099 940 1151 olim
955 1100 1203 1162 p0pu1us
1228 1097 1327 1148 Dei
1340 1096 1711 1159 vocabantur,
1727 1094 1829 1146 sed
1841 1094 2017 1145 etiam
2031 1095 2092 1141 de

494 1174 793 1235 Gentibus,
844 1181 978 1234 quae
1018 1170 1081 1219 in
1128 1167 1427 1231 multiplici
1468 1179 1654 1219 errore
1694 1166 1988 1230 degerant,
2018 1164 2092 1216 ad

495 1242 913 1311 capessendam
951 1240 1131 1291 divini
1177 1239 1465 1311 stigmatis
1497 1237 1838 1311 dignitatem
1861 1236 2095 1311 agmina

496 1307 886 1371 convenirent,
913 1312 1063 1362 sicut
1086 1312 1147 1361 in
1171 1311 1332 1371 Osee,
1358 1310 1566 1371 inquit,
1584 1308 1747 1360 dicit:
1769 1307 1959 1358 vocabo
1979 1320 2095 1356 non

491 1386 697 1451 plebem
740 1397 938 1439 meam,
980 1382 1181 1446 plebem
1224 1396 1421 1440 meam,
1445 1385 1624 1428 etnon
1650 1379 1915 1451 dilectam,
1938 1377 2096 1427 dilec-

497 1450 629 1506 tam.
674 1456 740 1506 Et
763 1456 861 1504 erit
896 1454 957 1501 in
981 1453 1091 1502 loco
1114 1452 1207 1501 ubi
1230 1451 1521 1515 vocabitur,
1545 1464 1659 1501 non
1681 1450 1821 1516 plebs
1842 1464 1964 1499 mea
1986 1462 2094 1511 vos,

497 1529 573 1578 ibi
614 1526 945 1577 vocabuntur
974 1525 1087 1587 filii
1132 1524 1231 1573 Dei
1255 1523 1362 1572 vivi
1396 1524 1562 1587 (Rom.
1590 1521 1641 1575 9.
1669 1521 1795 1577 25.).
1823 1520 2094 1573 Gentium

498 1613 635 1664 ergo
646 1598 920 1662 magister
942 1594 1194 1647 ostendit
1218 1593 1373 1657 quod
1386 1592 1674 1657 evangelii
1691 1596 1949 1664 tempore
1961 1592 2098 1639 ἰωιί-

501 1662 691 1722 citatis
714 1670 893 1733 hujus
918 1668 1222 1733 promissio
1248 1665 1627 1728 compleretur
1645 1677 1658 1713 :
1675 1676 1794 1715 non
1810 1662 2011 1726 utique
2035 1666 2098 1713 ut

501 1745 740 1805 negaret
761 1740 903 1791 illud
920 1738 1075 1803 quod
1098 1738 1277 1789 totius
1301 1736 1617 1801 prophetia:
1637 1739 1833 1786 textus
1851 1736 2099 1784 inculcat:

1548 342 1816 396 RUFINO
1846 310 2307 395 PRESBYTERO
2336 330 2719 388 ASCRIPTUS

487 467 651 531 caput
688 475 887 523 unum,
910 457 1262 531 etasceypnden‘t
1284 456 1357 531 de
1389 461 1549 531 terra.
1589 457 1772 519 Super
1792 466 1922 531 quo
1936 458 2084 531 tem-
2110 456 2173 527 Α
2189 447 2474 531 prosperis
2497 445 2673 498 fidem
2695 444 3093 528 denunciandi
3109 442 3497 531 conﬁdentia
3513 444 3827 531 8111311)qu

2189 533 2263 573 ne
2297 531 2398 584 per
2429 519 2537 570 hoc
2576 530 2787 582 ipsum,
2823 517 3089 581 inquam,
3115 521 3180 568 et
3201 518 3529 575 meritum,
3558 517 3618 565 et
3640 521 3825 567 votum

2190 591 2399 656 pariter
2416 589 2706 641 videretur
2726 588 3088 652 extinguere,
3101 587 3356 651 quando
3375 586 3625 650 quidem
3636 597 3707 637 ne
3718 599 3827 637 ea.

2190 660 2458 713 rectionis
2471 659 2730 710 studium
2744 659 3045 723 prodesset
3060 657 3327 721 assumi,
3345 656 3671 707 insistente
3686 662 3825 706 εεπέί

2191 730 2610 797 ρι’ωωιηοὶωιιὶ
2636 728 2790 794 [forte
2809 728 3225 794 prtenunciari]
3238 727 3621 779 necessitate
3639 728 3825 792 suppii

2191 802 2263 855 cii
2295 820 2306 852 :
2338 814 2443 854 nec
2478 812 2889 866 prosperorum
2923 800 3118 851 denuo
3157 798 3524 851 necessaria
3556 797 3823 850 videretur
3860 797 3861 841 l

3726 328 3829 383 97'}

2191 874 2426 939 optatio,
2439 885 2572 924 cum
2595 871 2946 924 omnimodis
2961 875 3123 923 esset
3132 883 3242 936 pro
3260 869 3692 922 denuntiantis
3702 872 3830 921 veri-

2191 950 2309 997 tate
2331 944 2639 996 reddenda.
2664 942 2797 994 Ideo
2818 942 2891 994 ad
2907 942 3154 1007 populos
3173 954 3384 993 sermo
3411 940 3703 1005 dirigitur,
3718 950 3766 989 ei
3780 946 3823 989 is

2192 1016 2656 1069 communionem
2686 1013 2891 1078 judicii
2928 1016 3322 1076 convocatur,
3351 1016 3427 1063 ut
3452 1012 3570 1077 ipsi
3594 1018 3823 1063 matrem

2192 1100 2357 1141 suam
2384 1085 2833 1151 (multitudinem
2856 1083 3129 1136 videlicet
3149 1088 3515 1150 parentum,
3541 1084 3709 1147 cujus
3726 1086 3823 1134 cri-

2191 1159 2447 1210 minibus
2461 1158 2611 1208 Deus
2625 1156 2811 1208 fuerat
2831 1159 3157 1220 asperatus,
3176 1154 3443 1207 intentis
3468 1159 3823 1219 pergamen-

2191 1229 2412 1281 minare
2440 1227 2779 1289 luminibus,
2816 1230 2990 1290 atque
3019 1238 3149 1278 eam
3174 1225 3417 1277 divina
3442 1225 3823 1276 admonitione

2192 1301 2273 1365 [F.
2298 1300 2626 1365 admonere]
2648 1297 2995 1361 clementia,
3009 1310 3143 1360 quae
3167 1296 3350 1359 solet,
3372 1295 3476 1348 vel
3500 1295 3821 1348 denuntiata

2193 1383 2489 1423 removere
2536 1373 2840 1431 tormenta,
2881 1368 2933 1419 si
2980 1380 3117 1419 reus
3145 1367 3224 1419 ad
3264 1367 3713 1419 correctionem
3749 1368 3823 1417 τίς

2192 1442 2325 1494 deat
2348 1440 2697 1505 confugisse.
2724 1440 2851 1491 Non
2872 1451 3007 1502 ergo
3030 1437 3159 1489 illos
3184 1439 3461 1491 salutem
3478 1440 3740 1499 desperare
3756 1441 3824 1485 de-

2196 1515 2329 1565 bere
2344 1512 2392 1563 si
2413 1511 2728 1564 reddantur
2745 1510 2947 1561 timore
2962 1509 3248 1570 meliores,
3264 1523 3416 1562 cum
3437 1510 3720 1574 magister
3732 1525 3823 1557 me

2195 1585 2439 1636 ritorum
2456 1582 2765 1647 prtesideat
2775 1584 3222 1645 expunctorum,
3235 1594 3434 1644 quem
3448 1582 3648 1633 multo
3661 1581 3822 1644 magis

2194 1654 2555 1718 indulgentia
2569 1652 2859 1715 renidens,
2880 1664 3057 1715 quam
3071 1653 3368 1704 severitas
3390 1664 3607 1703 amara
3620 1655 3822 1700 delecta

2836 1742 3070 1793 CAPUT
3105 1743 3173 1792 II.

504 1813 912 1895 resolutionem
937 1809 1201 1862 videlicet
1222 1808 1817 1895 captivitatisjquoque
1832 1806 2096 1895 Babyloni-

2268 1817 2430 1895 Vers.
2474 1814 2533 1895 2..
2572 1841 2631 1852 -
2688 1813 2937 1863 Judicate
2984 1817 3221 1861 matrem
3268 1818 3541 1893 vestram,
3580 1812 3821 1891 judicate.

503 1898 588 1936 cae
617 1884 798 1935 fuisse
810 1894 1181 1948 promissam;
1206 1880 1308 1931 sed
1322 1883 1386 1930 ut
1397 1880 1745 1942 ostenderet,
1763 1890 1940 1948 quam
1952 1877 2099 1948 intel-

503 1955 754 2019 ligentiae
780 1946 1039 2018 regulam
1063 1950 1353 2003 custodire
1376 1950 1438 2001 in
1456 1948 1806 2014 propheticis
1828 1947 1986 1999 libris
2009 1946 2104 1998 de-

506 2029 749 2078 beamus
774 2042 787 2076 :
810 2026 976 2087 idest,
1004 2029 1071 2076 ut
1093 2035 1227 2074 cum
1251 2023 1360 2073 sub
1382 2022 1711 2072 narratione
1733 2019 2105 2071 Judaicarum

507 2110 701 2149 rerum
724 2096 1039 2161 ingentius,
1054 2106 1229 2158 quam
1240 2093 1417 2144 unius
1429 2104 1541 2155 gen
1548 2092 1619 2141 tis
1630 2090 1995 2161 mediocritas
2011 2102 2107 2141 ca-

507 2172 681 2233 peret,
708 2168 923 2230 aliquid
945 2166 966 2194 δ
1008 2168 1383 2230 promeretur,
1409 2168 1467 2213 et
1490 2174 1565 2213 ex
1587 2166 1747 2225 parte
1783 2161 1843 2211 in
1876 2160 1989 2233 illo
2005 2173 2107 2224 po-

506 2231 643 2303 pulo
658 2231 1033 2290 nosceremus
1047 2235 1227 2286 fuisse
1249 2234 1615 2296 completum,
1632 2234 1807 2303 etiam
1831 2244 1929 2295 per
1953 2231 2107 2282 theo-

509 2302 671 2372 riam,
684 2309 809 2360 aliis
834 2320 1081 2371 quoque,
1096 2306 1249 2356 idest
1260 2303 1485 2354 cunctis
1506 2302 1797 2366 gentibus,
1814 2305 2105 2353 convenire.

573 2380 815 2431 Theoria
836 2383 928 2430 est
948 2381 1141 2428 autem
1170 2376 1252 2437 (ut
1276 2373 1514 2425 eruditis
1529 2372 1761 2437 placuit)
1785 2375 1844 2423 in
1870 2374 2108 2422 brevibus

508 2451 847 2516 plerumque
863 2452 962 2499 aut
974 2447 1170 2497 formis
1192 2449 1293 2497 aut
1307 2445 1551 2506 caussis,
1564 2456 1760 2516 earum
1776 2455 1967 2516 rerum
1991 2458 2108 2504 quae

508 2514 760 2587 potiores
779 2523 935 2581 sunt,
954 2517 1316 2569 considerata
1327 2514 1634 2587 perceptio.
1654 2514 2109 2579 Haudigiturilla

509 2586 539 2644 J
549 2594 845 2644 udteorum
861 2590 931 2641 de
944 2588 1232 2653 Babylone
1244 2599 1304 2637 re
1313 2586 1833 2648 vocatio,secundum
1845 2588 2107 2635 historiam

509 2668 621 2717 ista
637 2676 771 2716 vero
787 2675 918 2726 quae
934 2674 1034 2727 per
1055 2660 1229 2711 fidem
1251 2658 1460 2709 Christi
1476 2662 1565 2709 est
1586 2657 1790 2709 collata
1804 2660 2006 2707 libertas
2029 2673 2109 2708 so-

511 2735 769 2788 cundum
779 2734 1109 2797 allegoriam
1124 2729 1463 2795 signiﬁcata,
1476 2728 1699 2793 proprie
1714 2731 1979 2793 diceretur,
1992 2744 2106 2779 cum

514 2819 702 2859 sermo
750 2804 1119 2869 propheticus
1139 2802 1319 2853 solide
1345 2804 1657 2864 utrumque
1680 2801 2021 2864 promiserit,
2047 2803 2112 2852 ut
2160 2839 2166 2847 .

512 2877 848 2946 praecedens
861 2875 1227 2927 mediocritas
1241 2876 1549 2946 sequentes
1561 2873 1826 2946 cumulos
1836 2875 2107 2939 intimaret.

519 2942 662 3004 Nam
685 2949 839 3013 quod
867 2948 1051 3013 primo
1084 2958 1184 3011 per
1207 2942 1709 3008 exaggerationem
1734 2943 1951 2995 dictum
1972 2947 2112 3006 erat,

515 3024 575 3075 id
585 3022 856 3086 deinceps
871 3032 1062 3071 rerum
1071 3016 1471 3082 magnitudine
1484 3017 1583 3066 vix
1599 3017 2114 3079 exaaquavit.Atque

520 3097 619 3160 ita,
641 3105 773 3158 quae
792 3098 932 3145 tunc
957 3089 1233 3155 populum
1248 3087 1587 3160 Judaaorum
1604 3087 1802 3160 terruit
1814 3090 2117 3160 denunciata

514 3159 839 3232 captivitas,
885 3170 944 3215 et
975 3174 1107 3226 qum
1136 3164 1336 3232 postea
1354 3159 1538 3211 erexit
1552 3159 1827 3232 restituta
1860 3159 2112 3224 libertas,

518 3230 762 3295 aliarum
788 3247 1018 3300 quoque
1042 3236 1193 3296 (quae
1209 3230 1391 3283 multo
1404 3230 1699 3294 graviores
1717 3234 1874 3293 sunt)
1887 3234 1945 3282 et
1954 3234 2116 3292 capti-

518 3313 717 3367 vitatis
729 3314 784 3361 et
806 3307 1090 3359 libertatis
1112 3304 1322 3355 indicia
1343 3303 1753 3368 praeferebant:
1780 3300 1934 3353 illius
1956 3302 2116 3354 nimi-

521 3397 668 3447 rum,
693 3378 765 3433 de
791 3391 906 3444 qua
930 3379 1011 3429 ait
1030 3376 1365 3442 Apostolus,
1392 3374 1633 3447 Eramas
1654 3379 1863 3447 natura
1883 3375 1999 3447 filii
2023 3375 2120 3423 ire

520 3446 663 3506 sicut
681 3460 729 3502 et
750 3452 939 3501 caeteri.
959 3451 1097 3499 Deus
1123 3454 1307 3497 autem
1330 3461 1453 3497 cum
1475 3446 1543 3494 sit
1565 3446 1708 3495 dives
1731 3446 1794 3494 in
1818 3446 2122 3495 misericor-

522 3528 636 3581 dia,
686 3528 909 3588 propter
929 3520 1168 3568 nimiam
1191 3518 1488 3576 caritatem,
1508 3531 1626 3588 Aqua
1649 3516 1836 3565 dilexit
1859 3532 1974 3580 nos,
1997 3531 2122 3567 cum

524 3586 752 3648 essemus
776 3592 979 3641 mortui
998 3590 1243 3653 peccatis,
1278 3586 1677 3649 convivificavit
1706 3603 1805 3637 nos
1828 3589 1891 3637 in
1909 3589 2122 3639 Christo

525 3666 742 3733 (Ephes.
768 3662 822 3717 2.
846 3663 939 3723 4.).
956 3661 1123 3733 Illum
1141 3659 1430 3733 siquidem
1444 3659 2122 3733 hostemgenerishuma-

524 3730 605 3798 ni,
637 3730 737 3800 qui
760 3734 932 3797 longa
951 3731 1343 3782 dominatione
1366 3742 1496 3781 reos
1524 3731 1903 3794 depresserat,
1927 3730 2125 3783 fortior

525 3809 762 3863 veniens
783 3803 1059 3868 alligavit,
1077 3814 1219 3855 vasa
1242 3802 1368 3865 ejus
1384 3806 1595 3852 cuncta
1604 3802 1859 3866 diripuit:
1878 3806 1935 3854 et
1946 3802 2126 3867 capti-

528 3882 769 3933 vitatem
785 3876 1049 3941 gentium
1064 3873 1286 3924 reddita
1296 3872 1558 3924 libertate
1573 3872 1855 3937 dissolvit,
1879 3876 2128 3935 donisque

533 3952 733 4018 gratia)
779 3946 1102 3999 nobitalivit
1136 3945 1447 4018 redemtos,
1472 3946 1651 4018 utqui
1674 3943 1980 4007 aliquando
2006 3958 2130 4018 era-

532 4015 666 4076 mus
689 4020 859 4073 alieni
878 4024 938 4071 et
958 4018 1238 4082 hospites,
1253 4017 1445 4068 subito
1468 4015 1630 4081 plebs
1653 4018 1780 4081 ejus
1804 4021 1861 4067 et
1882 4017 2131 4082 populus

532 4092 981 4147 misericordiam
997 4091 1409 4152 consequutus,
1426 4089 1603 4140 immo
1614 4086 1670 4154 4
1680 4086 1729 4156 0
1739 4085 1792 4154 3
1811 4101 1998 4155 genus
2012 4092 2135 4139 elec-

536 4175 680 4227 tum,
698 4171 756 4217 et
772 4162 1121 4216 sacerdotale
1130 4172 1197 4212 ac
1212 4160 1439 4225 regium
1450 4160 1767 4212 diceremur
1785 4160 1852 4225 (1.
1871 4162 2013 4214 Petr.
2038 4158 2131 4224 2.).

540 4240 629 4292 Sic
653 4250 789 4302 ergo
807 4234 962 4300 quod
975 4234 1122 4286 Osee
1138 4234 1209 4283 de
1220 4231 1578 4296 temporibus
1594 4232 1904 4297 Babylonis
1914 4235 2136 4282 edixerat

538 4310 749 4364 Paulus
771 4309 845 4360 ad
869 4304 1110 4371 negocia
1133 4303 1425 4355 transtulit
1446 4303 1776 4370 Salvatoris,
1801 4317 1921 4356 non
1940 4308 2137 4369 utique

541 4382 834 4450 propheta,
882 4378 1052 4442 quasi
1085 4378 1398 4435 abnuente,
1418 4381 1522 4428 aut
1552 4388 1737 4450 aegre,
1759 4376 2138 4450 quoducitur

542 4447 932 4517 subsequente
946 4465 959 4514 ;
978 4450 1080 4502 sed
1090 4450 1419 4515 Apostolico
1431 4447 1743 4500 intellectui
1757 4449 1930 4501 nimis
1942 4451 2139 4498 favente

543 4540 643 4592 per
655 4531 911 4578 tenorem
922 4521 1195 4585 vaticinii,
1211 4533 1326 4585 quo
1337 4520 1712 4574 docuitaucta
1730 4533 1859 4573 esse
1871 4521 1968 4592 hic
1987 4534 2139 4584 prope

547 4591 733 4661 usque
774 4596 847 4646 ad
890 4593 1451 4645 consummationem
1479 4592 1573 4645 vel
1592 4593 1761 4655 dona,
1792 4591 1885 4649 vel
1907 4592 2135 4658 gaudia,

548 4681 678 4734 quae
720 4668 816 4719 illo
841 4666 965 4729 jam
989 4666 1182 4716 seculo
1206 4663 1432 4716 fuerant
1453 4664 1737 4717 inchoata.
1764 4663 1874 4716 Sed
1900 4664 2015 4716 huc
2040 4678 2141 4716 us-

546 4754 659 4806 que
683 4751 870 4792 sermo
894 4737 1191 4802 prophetae
1216 4750 1283 4789 eo
1300 4743 1495 4789 tenore
1517 4737 1812 4802 processit,
1832 4741 1898 4788 ut
1920 4737 1993 4789 de
2018 4738 2144 4801 qui-

548 4817 911 4874 buscumque
934 4816 1057 4862 erat
1079 4812 1326 4877 negotiis
1350 4812 1822 4876 temporibusque
1840 4809 2144 4864 locuturus

550 4885 699 4949 [Ant.
724 4882 973 4947 locutus]
999 4884 1242 4935 breviter
1268 4882 1561 4949 indicaret.

616 4957 779 5005 Nunc
803 4957 998 5005 autem
1031 4954 1105 5005 ad
1128 4955 1387 5007 ordinem
1410 4954 1699 5008 institutas
1727 4956 2033 5009 revertitur
2055 4952 2148 5007 vel

549 5039 830 5090 censurae,
855 5027 947 5079 vel
961 5028 1226 5090 querelae,
1244 5028 1397 5090 quod
1415 5028 1677 5081 consulte
1689 5029 2036 5094 provideque
2050 5044 2148 5083 cu-

553 5100 716 5166 ravit,
763 5111 839 5151 ne
881 5098 1036 5162 quod
1073 5098 1145 5150 ad
1174 5111 1447 5164 pompam
1482 5100 1875 5163 praedictionis
1903 5102 2143 5166 valebat,

554 5174 844 5239 inciperet.
860 5170 1095 5222 salutari
1115 5170 1541 5223 incommodare
1558 5171 1852 5225 doctrinm.
1866 5175 2012 5225 Nam
2028 5190 2151 5236 quo-

554 5253 710 5307 niam
731 5242 1099 5299 vaticinantis
1119 5242 1339 5307 impetu
1357 5255 1426 5295 ea
1435 5242 1723 5306 attiherat,
1737 5256 1871 5307 quin
1886 5253 2150 5307 posterant

552 5326 740 5391 longis
762 5324 1032 5377 secutura
1052 5319 1427 5386 temporibus,
1451 5322 1510 5371 et
1533 5322 1651 5371 tam
1672 5318 2148 5386 adversis,quam

618 5508 635 5528 ·
670 5500 906 5550 Lectum
940 5495 1146 5549 vitiose
1163 5496 1334 5546 antea
1353 5496 1657 5558 augeretur.
1686 5489 1936 5557 Vulgat.,
1954 5492 2151 5542 anxia-

440 5584 445 5591 ‘
549 5576 719 5620 retur.

616 5641 637 5669 ι’
669 5639 776 5701 Qui
818 5638 1040 5705 primus
1087 5635 1591 5690 Commentariumo
1619 5634 1776 5687 hunc
1802 5633 1950 5699 typis
1972 5632 2153 5686 edidit

556 5712 812 5761 Renatus
828 5704 1176 5762 Laurentius
1198 5708 1270 5761 de
1293 5709 1350 5760 1a
1377 5710 1549 5761 Barre
1572 5707 1886 5759 arbitratus
1915 5710 2024 5769 est,
2036 5704 2151 5770 legi

554 5779 684 5830 heic
706 5781 920 5832 rectius
935 5793 1105 5845 posse
1124 5785 1536 5845 promereretur.
1551 5779 1723 5843 Fugit
1746 5790 1881 5831 vero
1897 5789 2033 5829 eum
2061 5789 2149 5829 ra-

556 5851 655 5900 tio.
682 5849 896 5900 Sensus
910 5852 1065 5903 enim
1079 5858 1253 5915 atque
1267 5850 1407 5903 ordo
1434 5855 1544 5915 est,
1558 5855 1618 5900 ut
1640 5850 1856 5914 aliquid
1880 5849 2089 5914 ingenti
2095 5863 2154 5899 us

561 5923 917 5983 promeretur,
951 5935 1116 5983 quam
1149 5921 1490 5972 mediocritas
1529 5921 1699 5971 unius
1728 5921 1901 5985 gentis
1927 5925 2169 5987 caperet,

2162 4624 2219 4698 D

2207 1886 2474 1951 quoniam
2512 1886 2635 1949 ipsa
2667 1898 2781 1933 non
2804 1897 2949 1932 umor
2970 1897 3113 1946 mea,
3138 1889 3187 1931 et
3210 1898 3310 1947 ego
3334 1898 3459 1932 non
3484 1884 3577 1931 vir
3595 1884 3721 1946 ejus.
3743 1886 3821 1933 ln-

2204 1971 2349 2022 gens
2366 1958 2596 2021 (inquit)
2614 1954 2987 2021 benignitatis
3012 1966 3163 2006 mea:
3188 1954 3641 2006 monimentum
3652 1960 3821 2006 exstat

2204 2028 2463 2079 liberatio
2488 2032 2708 2078 vestra:
2726 2029 2785 2077 et
2798 2024 2928 2077 ideo
2948 2023 3124 2075 taedae
3138 2025 3410 2088 parentis
3430 2032 3654 2077 vestra:
3666 2029 3821 2072 merits

2206 2099 2576 2163 deteguntur,
2588 2098 2800 2161 quibus
2815 2109 2851 2148 a
2868 2108 2999 2147 meo
3017 2094 3271 2159 depulsa
3281 2101 3382 2148 est
3405 2096 3820 2157 consortio,sed

2205 2172 2274 2221 ad
2282 2162 2363 2221 eoi
2371 2169 2558 2234 fmdae,
2576 2172 2761 2219 utnec
2771 2162 2936 2220 vobis
2948 2166 3367 2230 judicantibus
3380 2169 3583 2231 possit
3598 2168 3826 2218 absolvi.

2208 2244 2422 2293 Verum
2445 2241 2585 2305 quia
2593 2252 2714 2291 non
2724 2252 2901 2290 unam
2914 2251 3248 2303 personam,
3265 2239 3372 2289 sed
3404 2244 3595 2290 totam
3611 2243 3825 2303 gentem

2207 2316 2484 2377 praesenti
2531 2310 2915 2364 mstimatione
2943 2315 3241 2374 taxamus,
3271 2323 3599 2373 speramus
3622 2310 3829 2373 aliquos

2207 2384 2343 2445 fore,
2392 2396 2541 2447 quos
2582 2383 2653 2434 ad
2688 2381 2926 2433 meliora
2949 2381 3146 2434 studia
3169 2383 3472 2433 severitas
3496 2382 3829 2433 denunciata

2206 2458 2590 2515 commoveat,
2619 2456 2677 2505 et
2698 2453 2827 2506 ideo
2843 2458 3202 2519 exspectate,
3229 2452 3372 2516 quid
3399 2453 3817 2517 prmstoler.Aa

2204 2529 2373 2589 fereat
2397 2525 2790 2589 fornicationes
2830 2538 2963 2574 suas
2984 2539 3022 2575 a
3042 2524 3189 2587 facie
3208 2538 3336 2584 sua,
3362 2530 3411 2572 et
3447 2523 3728 2574 adulteria
3749 2538 3831 2572 me

2208 2598 2270 2647 de
2290 2599 2467 2647 medio
2499 2595 2724 2646 uberum
2745 2609 2995 2647 suorum.
3096 2654 3099 2657 λ

2271 2671 2433 2721 Vers.
2484 2666 2536 2722 3.
2582 2695 2641 2704 —
2674 2666 2757 2717 Ne
2797 2666 2938 2728 forte
2987 2665 3286 2731 exspoliem
3334 2680 3463 2714 eam
3516 2665 3751 2723 nudam,
3795 2672 3833 2713 ἀ

2204 2745 2447 2798 statuam
2472 2753 2593 2788 eam
2616 2738 2915 2788 secundum
2941 2737 3089 2788 diem
3113 2737 3435 2787 nativitatis
3453 2752 3587 2786 sum.
3619 2737 3685 2788 Id
3706 2742 3833 2799 est;

2213 2813 2381 2865 vultu
2403 2823 2512 2863 suo
2539 2809 2948 2863 verecundiam
2967 2820 3105 2873 qum
3125 2808 3275 2861 solet
3288 2809 3826 2869 obscanitatiimp-

2210 2884 2538 2936 dimentum
2568 2894 2715 2940 esse,
2761 2881 3079 2945 depulerat,
3123 2885 3182 2932 et
3217 2879 3430 2932 faciem
3462 2879 3823 2945 turpitudinis

2210 2953 2562 3021 professione
2586 2953 2913 3005 duraverat.
2944 2953 3116 3004 Nunc
3128 2964 3265 3016 ergo
3287 2951 3390 3003 his
3411 2952 3739 3004 contrarios
3752 2962 3823 3001 ca-

2212 3030 2410 3091 pessat
2431 3024 2693 3087 affectus,
2708 3024 3076 3087 frontemque
3087 3022 3455 3088 impudentia
3463 3036 3583 3075 exu
3590 3029 3727 3080 tam,
3741 3035 3818 3087 pu-

2223 3097 2358 3149 dore
2382 3096 2721 3158 convestiat,
2740 3103 2757 3123 '
2777 3094 2925 3146 sciat
2942 3097 3135 3158 neque
3150 3095 3261 3146 hoc
3272 3095 3475 3146 solum
3488 3094 3817 3157 labiisquasi

2221 3167 2283 3218 in
2327 3166 2628 3231 superficie
2672 3164 2879 3217 fecisse
2922 3166 3217 3229 contenta,
3257 3164 3334 3216 de
3356 3165 3619 3216 uberum
3656 3163 3819 3215 medio

2144 3253 2194 3328 ρ
2220 3236 3817 3328 serraeserrae_“}_t<3e_er°9225993<1993

2218 3314 2401 3375 getur.
2450 3308 2613 3371 Quod
2656 3308 2706 3360 si
2740 3308 2926 3359 facere
2948 3307 3287 3373 neglexerit,
3312 3306 3389 3359 ad
3413 3320 3601 3372 opera
3630 3306 3820 3360 severi.

2219 3382 2354 3434 tatis
2376 3382 2661 3445 accingar,
2683 3383 2740 3431 et
2761 3380 2956 3444 qualia
2983 3385 3245 3445 tempore
3266 3377 3370 3430 illo
3399 3392 3524 3444 quo
3546 3381 3685 3433 hac
3703 3378 3821 3431 mihi

2218 3453 2281 3504 in
2293 3452 2571 3517 populum
2585 3450 3448 3514 nascebatur,exercui.lndicat
3459 3455 3669 3504 autem
3678 3464 3821 3514 egres-

2221 3524 2445 3576 sionem
2477 3525 2798 3588 Synagogm
2832 3522 2905 3574 de
2944 3526 3099 3574 terra
3126 3522 3380 3586 Egyptl.
3424 3535 3549 3586 quo
3579 3523 3820 3577 videlicet

2221 3598 2479 3659 tempore
2502 3593 2662 3646 nulla
2672 3592 3104 3645 institutionum
3120 3590 3301 3660 Δ,οά
3321 3593 3627 3659 legalium,
3644 3594 3731 3646 vel
3751 3606 3822 3645 or-

2224 3669 2513 3729 namenta,
2526 3664 2616 3717 vel
2626 3664 2965 3716 indumenta
2979 3670 3340 3729 susceperat,
3358 3678 3473 3717 nec
3488 3664 3820 3730 quibusdam

2225 3738 2707 3791 vestimentorum
2721 3736 3340 3800 pollebatinsignibus,
3360 3737 3466 3789 sed
3480 3743 3765 3801 quantum
3775 3737 3820 3783 ad

2225 3809 2413 3875 precia
2456 3820 2705 3871 morum,
2737 3807 2799 3859 in
2841 3806 3045 3859 eadem
3076 3819 3194 3870 qua
3214 3808 3475 3873 Egyptii
3502 3808 3682 3861 vitale
3708 3819 3822 3859 oon-

2228 3883 2464 3944 sistens,
2491 3879 2718 3944 magnis
2742 3884 2936 3931 tamen
2959 3882 3193 3942 propter
3219 3883 3417 3930 solum
3435 3879 3723 3932 honorem
3744 3891 3821 3943 pa-

2228 3959 2475 4017 rentum,
2488 3952 2782 4005 miraculis
2796 3953 3155 4005 servabatur.
3170 3954 3441 4018 Denique
3450 3957 3699 4016 quoniam
3716 3969 3822 4016 prae-

2230 4027 2407 4092 ceptis
2436 4026 2555 4088 Dei,
2595 4032 2723 4078 tum
2745 4024 3048 4090 protervia,
3076 4029 3199 4076 tum
3222 4025 3466 4089 ignavia
3489 4026 3820 4078 restiterunt.

2236 4112 2440 4152 omnes
2453 4099 2627 4150 etiam
2642 4099 2704 4149 in
2717 4096 2934 4149 heremi
2949 4095 3265 4148 solitudine
3276 4097 3562 4162 leguntur
3574 4098 3820 4159 absumpti.

2230 4183 2337 4223 nec
2385 4174 2594 4234 printer
2630 4169 2775 4219 duos
2798 4168 2954 4220 viros
2975 4169 3121 4219 Jesu
3150 4173 3207 4219 et
3237 4168 3434 4231 Caleb,
3458 4169 3538 4221 de
3560 4167 3823 4222 sexcentis

2232 4241 2488 4294 millibus
2513 4240 2766 4293 virorum
2794 4238 3029 4291 militari
3051 4240 3225 4291 mtate
3248 4239 3674 4304 gradientium,
3688 4239 3822 4303 quis-

2234 4325 2409 4377 quam
2430 4312 2491 4364 in
2515 4316 2726 4364 terram
2754 4310 3246 4375 Repromissionis
3269 4311 3540 4364 intravit.

2297 4386 2419 4436 Hoc
2469 4388 2560 4436 est
2602 4395 2757 4448 ergo,
2803 4382 2959 4447 quod
2987 4395 3145 4435 nunc
3165 4394 3271 4447 per
3296 4383 3819 4448 prophetamrerum

2234 4456 2522 4509 Dominus
2533 4454 3220 4518 comminatur,quoniam
3228 4466 3380 4519 gens
3394 4454 3497 4506 illa
3505 4455 3623 4506 nisi

2241 4527 2332 4580 sui
2357 4538 2565 4579 arcana
2582 4525 2971 4588 mundaverit,
2989 4529 3048 4577 et
3071 4524 3221 4576 facta
3237 4525 3302 4577 in
3313 4526 3536 4578 melius
3559 4527 3817 4581 mutatione,

2241 4599 2562 4666 profecerit,
2585 4598 2811 4651 nullum
2839 4598 2893 4649 ei
2914 4596 3122 4662 possit,
3138 4596 3297 4661 quod
3322 4610 3428 4661 per
3450 4601 3545 4650 tot
3567 4596 3751 4649 secula
3768 4593 3821 4644 ab

2240 4672 2367 4725 aliis
2404 4671 2523 4737 egit
2544 4670 2566 4700 ⁴
2602 4670 2849 4722 discreta
2877 4669 3231 4730 nationibus,
3266 4672 3327 4721 et
3347 4669 3645 4721 institutis
3665 4666 3822 4731 Lqis.

2241 4751 2416 4809 atque
2449 4742 2800 4808 spiritalibus
2844 4740 3015 4792 donis
3059 4740 3275 4805 floruit,
3300 4752 3647 4805 comparare
3666 4737 3824 4791 subsi-

2243 4817 2420 4868 dium.
2447 4817 2570 4877 Quo
2601 4813 2868 4867 videlicet
2887 4812 3169 4864 insistens
3190 4811 3541 4864 criminibus
3569 4810 3827 4865 sententia

2243 4887 2531 4949 moliatur,
2554 4887 2706 4937 sicut
2725 4896 2914 4948 neque
2937 4883 3053 4945 illa,
3071 4882 3283 4948 inquit,
3307 4888 3510 4948 atate,
3527 4893 3827 4948 quaogressa

2245 4962 2334 5012 est
2352 4958 2423 5011 de
2445 4959 2708 5023 Egypto,
2739 4958 2797 5008 et
2816 4955 3029 5008 recenti
3052 4955 3224 5019 quasi
3249 4954 3571 5019 adoptione
3593 4955 3828 5017 gaudebat.

2245 5031 2555 5096 quicquam
2600 5028 2830 5081 miseris
2875 5026 3106 5092 profuit,
3137 5027 3459 5091 quominus
3493 5039 3566 5078 ac
3589 5026 3641 5078 si
3661 5023 3831 5077 essent

2246 5104 2515 5155 omnibus
2538 5101 2679 5153 nudi
2693 5098 3028 5165 privilegiis,
3052 5099 3426 5163 disperirent.
3441 5100 3629 5159 Quem
3651 5106 3827 5146 sensum

2246 5180 2306 5227 et
2320 5174 2633 5240 Apostolus
2648 5170 2860 5224 Paulus
2873 5171 3141 5223 scribens
3150 5170 3225 5222 ad
3241 5169 3577 5223 Corinthios
3589 5170 3831 5240 diligenter

2247 5236 2517 5300 excoluit.
2547 5245 2780 5307 Omnes,
2806 5243 2995 5307 inquit
3017 5242 3088 5307 (1.
3117 5243 3240 5295 Cor.
3259 5240 3549 5308 10.),unis
3568 5236 3829 5294 miraculi!

2249 5419 2501 5473 Placeret
2522 5416 2722 5481 utique
2749 5413 3136 5478 subsequenti
3148 5425 3328 5467 versu
3350 5413 3603 5467 verbum
3621 5410 3773 5463 etiam
3789 5406 3827 5458 in

2249 5491 2366 5544 duo
2394 5488 2770 5551 distinguere,
2793 5491 2840 5536 et
2855 5485 3001 5550 jam.

2313 5571 2333 5591 °
2365 5559 2670 5613 Redundat
2690 5558 2821 5609 sciat
2845 5558 3113 5622 verbum,
3128 5556 3286 5621 quod
3304 5561 3365 5609 et
3385 5560 3629 5622 praestat
3644 5564 3827 5618 expun-

2249 5645 2400 5699 gere.

2314 5704 2335 5734 ⁶¹
2356 5707 2543 5756 Antea
2583 5704 2703 5754 erat
2743 5700 2971 5751 discrca.
2997 5699 3362 5764 Hujusmodi
3389 5698 3521 5764 alia,
3546 5710 3674 5764 quia
3692 5702 3822 5761 typo-

2250 5776 2546 5829 thetarum
2570 5773 2842 5827 videntur
2866 5771 3221 5837 sphalmata,
3243 5787 3381 5835 saepe
3394 5774 3531 5821 taciti
3543 5772 3818 5831 castigamus

2252 5875 2312 5885 -—
2326 5849 2644 5911 Supersunt
2657 5842 2842 5897 multa
2855 5844 2960 5897 vix
2975 5844 3444 5908 medicabilia,ut
3455 5841 3664 5910 legenti
3675 5838 3820 5903 patebit

2254 5917 2519 5983 quamvis
2535 5921 2594 5971 et
2613 5928 2722 5970 nos
2731 5915 3039 5969 innumera
3053 5915 3237 5970 etiam
3253 5912 3817 5980 castigaverimus.EDiT-
