3910 6238
200 448 289 503 Μ

1626 440 1975 503 ιιιιιιοαυει
2002 443 2070 502 ll.

2262 156 2432 281 0

3398 446 3510 515 ἰαῦ

202 563 434 636 apostolis
464 571 763 636 comparat
785 576 842 619 et
874 561 1185 635 prophetis,
1204 526 1369 633 quem
1400 572 1495 631 per
1522 559 1706 618 omnia
1733 561 1803 617 ιιι
1824 566 1874 625 Α
1905 570 2161 631 umquam
2179 562 2378 619 lumina
2395 564 2904 636 contigisset,istius
2923 566 3323 639 assiduitatem,
3344 570 3512 629 immo

201 659 259 715 lis
284 675 393 716 esse
430 658 966 727 consimilem,tidei
1000 657 1173 713 virtus
1221 670 1286 713 ae
1316 656 1579 711 virtutum
1630 669 1799 727 opera

202 762 462 811 testantur.
498 754 609 813 Sed
646 766 843 825 perge,
870 766 1080 823 qumso,
1115 764 1450 823 quamquam
1498 749 1634 806 nihil
1679 764 1796 816 mtt-

199 845 519 918 guillcentius
563 845 766 902 audire
811 844 1115 917 possimus,
1152 858 1316 914 perge
1365 853 1581 912 tamen,
1617 842 1794 913 Galle,

197 940 318 1013 quod
366 940 535 997 etiam
598 954 751 996 nunc
790 939 883 996 de
924 938 1161 1013 Martan
1217 948 1471 1011 superest
1523 936 1797 1017 sermonis

197 1012 465 1089 evolvere:
505 1047 639 1087 nam
689 1033 863 1089 etiam
913 1012 1143 1089 minima
1186 1032 1337 1089 illius
1374 1043 1432 1090 et
1475 1012 1793 1106 quotidiana

194 1128 381 1182 animus
410 1124 643 1181 festinat
668 1136 1006 1197 agnoscere;
1035 1126 1164 1197 quia
1198 1126 1421 1182 miniata
1466 1125 1614 1182 illius
1657 1126 1795 1182 alio-

196 1240 296 1279 rum
320 1222 576 1277 maximis
612 1224 827 1290 majora
854 1236 978 1278 esse
1009 1220 1150 1278 nulli
1188 1219 1420 1277 dubium
1455 1228 1560 1278 est.
1604 1220 1682 1278 Ita
1709 1220 1790 1277 fa-

191 1320 332 1386 ciant,
359 1317 554 1375 Gallus
581 1317 787 1390 inquit.
825 1317 1023 1375 Verum
1067 1318 1125 1375 id
1163 1318 1314 1391 quod
1351 1318 1600 1375 dicturus
1643 1331 1789 1385 sum,

190 1416 293 1486 Ipse
317 1423 420 1468 non
456 1411 577 1468 vidi
610 1430 624 1466 :
662 1413 819 1484 prius
851 1412 997 1487 enim
1036 1422 1188 1485 gesta
1213 1426 1332 1497 ’res
1364 1424 1460 1468 'est
1510 1429 1672 1485 quam
1705 1428 1793 1481 me

188 1506 257 1575 illi
283 1505 389 1562 viro
418 1505 719 1579 junget‘em
758 1524 771 1561 :
804 1505 901 1563 sed
930 1505 1133 1581 factum
1162 1505 1385 1563 celebre
1412 1514 1517 1573 est,
1549 1504 1787 1562 ﬁdelium

188 1599 392 1655 fratrum
416 1600 516 1670 qui
542 1599 919 1656 interfuerant
943 1613 1202 1656 sermone
1233 1599 1531 1671 vulgatum.
1567 1598 1647 1655 Eo
1676 1599 1789 1656 fere

189 1702 407 1764 tempore
428 1708 541 1764 quo
569 1695 823 1766 primum
847 1681 1145 1766 episcopus
1177 1682 1341 1749 datus
1365 1702 1471 1760 est,
1500 1693 1600 1749 fuit
1619 1694 1668 1749 ei
1694 1707 1789 1749 ue-

186 1790 389 1845 cesst'tas
416 1788 575 1844 adire
615 1786 982 1845 Comitatnm.
1018 1785 1443 1861 Valentinianus
1471 1796 1582 1842 tum
1614 1785 1788 1856 major

186 1896 341 1939 rerum
368 1882 714 1952 patiebatur.
741 1880 791 1936 ls
819 1882 947 1936 cum
969 1880 1265 1935 Martia-nm
1285 1892 1347 1933 ea
1376 1889 1562 1949 petere
1584 1892 1789 1949 cogno-

1884 655 2081 726 ‘potius
2100 655 2419 713 servitutem
2444 674 2555 715 non
2582 667 2796 729 poterat
2819 662 3077 719 evadere.
3107 663 3224 721 Non
3256 665 3345 721 illa
3374 681 3510 736 opes

1902 750 2081 822 regni,
2121 765 2227 806 non
2282 751 2493 822 imperii
2532 753 2877 825 dtgnitatem,
2918 772 3025 811 non
3079 756 3354 829 diadema,
3402 772 3509 813 non

1901 857 2196 916 purpuram
2227 844 2545 918 cogitabat:
2576 846 2767 903 divelli
2811 864 2840 903 a
2869 848 3092 905 Martini
3120 834 3351 921 pedibus
3390 852 3513 908 solo

1896 944 2067 996 strata
2114 954 2227 996 non
2271 949 2503 1011 poterat.
2537 941 2826 999 Postrento
2852 958 2884 998 a
2913 944 3032 1000 viro
3078 958 3180 1001 suo
3233 946 3510 1017 poposcit,

1895 1032 2095 1112 deinde
2122 1036 2429 1103 Martinam
2461 1044 2692 1108 uterque
2721 1024 3087 1109 compellunt,
3120 1045 3179 1093 ut
3202 1022 3262 1095 ci
3282 1040 3509 1097 remotis

1895 1131 2150 1187 omnibus
2184 1131 2451 1188 ministris
2474 1133 2760 1203 przeberet'
2777 1135 2890 1190 sola
2914 1136 3221 1191 convivium
3248 1157 3262 1191 ;
3290 1122 3506 1209 ποθ’ρὸ-

1895 1223 2004 1279 tuit
2052 1223 2155 1303 vir.
2185 1222 2383 1280 beatus
2427 1224 2758 1281 obstinatius
2812 1224 3096 1281 reluctari.
3149 1223 3514 1299 Componitur

1895 1326 2082 1370 castus
2135 1316 2339 1387 reginae
2388 1317 2640 1373 manibus
2694 1328 3038 1390 apparatus:
3084 1317 3333 1374 sellularii
3393 1318 3543 1395 ipsa,

1893 1411 2219 1477 cortSternit,
2252 1426 2495 1467 mensam
2547 1404 2823 1480 admovet,
2854 1428 3048 1486 aquam
3092 1415 3344 1472 manibus
3379 1416 3511 1474 sub-

1895 1504 2211 1560 ministrat:
2237 1504 2415 1562 cibum
2448 1521 2610 1576 quem
2641 1507 2755 1577 ipsa
2788 1516 3043 1573 coxerat,
3074 1510 3334 1577 apponit;
3368 1509 3508 1578 ipsa,

1890 1597 1988 1653 illo
2017 1598 2262 1667 sedente,
2299 1601 2514 1655 eminus
2540 1600 2863 1673 secundum
2917 1602 3294 1660 fatnulautium
3336 1596 3512 1663 disci--

1894 1689 2102 1760 pliuam
2146 1691 2266 1746 solo
2292 1692 2399 1747 ﬁxa
2432 1693 2686 1750 consistit
2710 1694 3029 1759 immobilis,
3058 1712 3159 1767 per
3188 1699 3373 1754 omnia
3404 1699 3507 1755 mi—
3568 1747 3577 1759 .

1893 1782 2177 1840 niStrantis
2206 1783 2533 1839 modestiam
2564 1792 2621 1841 et
2667 1770 3031 1842 humilitatem
3080 1771 3351 1846 exitibetts
3392 1802 3509 1847 ser-

1892 1875 2093 1931 vientis
2136 1893 2152 1929 :
2203 1876 2429 1932 miscuit
2479 1876 2597 1949 ipsa
2642 1877 2905 1947 bibituro,
2954 1885 3015 1935 et
3063 1878 3180 1951 ipsa
3240 1884 3503 1952 porrexit.

184 1978 331 2035 visaet
354 1992 475 2049 qua:
508 1986 787 2048 praestare
819 1975 1062 2042 uolebat,
1088 1976 1254 2045 jussit
1283 1989 1408 2031 eum
1436 1974 1622 2047 palatii
1654 1972 1787 2027 fori-
1814 1962 1863 2024 Β
1892 1963 2071 2023 Finita
2101 1970 2319 2025 cmnnl‘a
2352 1964 2657 2041 fragmenta
2717 1975 2874 2041 panis
2914 1970 3193 2044 absumpti
3228 1973 3509 2045 mica'sque

184 2069 269 2139 bus
304 2071 516 2126 arceri:
549 2070 765 2127 etenim
813 2068 889 2125 ad
937 2070 1181 2125 animum
1230 2067 1382 2123 illius
1423 2067 1690 2123 immitem
1722 2080 1785 2122 ac
1889 2062 2130 2137 collegit.
2164 2065 2300 2121 satis
2347 2062 2585 2122 ﬁdeliter
2622 2065 2764 2122 illas
2818 2067 3080 2139 reliquias
3133 2064 3507 2139 imperialibus

182 2162 448 2231 superbum
483 2178 633 2218 uxor
663 2171 983 2221 accesserat
1008 2162 1236 2229 Ariana,
1264 2172 1388 2232 qua:
1427 2168 1601 2215 totum
1628 2159 1780 2215 illum
1888 2156 2066 2227 epulis
2093 2166 2459 2227 anteponens.
2490 2155 2655 2213 Beata
2702 2151 2900 2213 mulier
2921 2160 2943 2213 !'
2962 2162 3126 2213 tanta:
3178 2157 3395 2231 pietatis
3429 2158 3510 2215 af-

92 2312 95 2319 ,
181 2266 404 2311 asancto
433 2256 580 2319 viro,
618 2271 691 2311 ne
714 2256 767 2311 ei
798 2254 1040 2313 debitam
1072 2254 1443 2310 reverentiam
1464 2254 1780 2323 praestaret,
1852 2290 1855 2295 ν
1885 2242 2035 2305 fectu
2088 2248 2164 2304 illi
2206 2251 2405 2306 merito
2446 2249 2853 2321 comparanda,
2885 2256 3006 2320 qna:
3047 2253 3199 2307 venit
3236 2266 3264 2305 a
3310 2250 3506 2310 finibus

180 2358 446 2405 averterat.
494 2347 704 2418 Itaque
728 2346 1014 2418 llartinus,
1051 2347 1143 2405 ubi
1176 2345 1355 2403 semel
1389 2357 1555 2417 atque
1580 2344 1779 2401 iterum
1888 2342 2053 2398 arra!
2082 2342 2275 2399 audire
2327 2339 2721 2414 Salomouem;
2757 2343 3030 2415 siquidem
3076 2344 3391 2415 simplicem
3420 2353 3509 2402 se-

177 2441 445 2516 superbum
472 2440 797 2513 principem
827 2439 1035 2496 frustra
1066 2438 1216 2495 adire
1242 2436 1511 2506 tentavit,
1546 2437 1787 2494 recurrit
1884 2435 2425 2515 quamurbismriam
2455 2452 2468 2492 :
2501 2431 2602 2492 sed
2622 2439 2664 2490 si
2692 2436 2830 2493 ﬁdes
2859 2438 3175 2508 reginarum
3205 2444 3295 2495 est
3313 2439 3504 2501 confe-

174 2535 230 2590 ad
251 2544 365 2591 nota
400 2534 675 2606 prasidia
694 2553 708 2590 :
728 2534 915 2591 cilicio
943 2533 1277 2599 obvolvitur,
1294 2532 1497 2590 ‘cinere
1520 2538 1783 2603 comper-

171 2626 315 2698 gitur,
337 2628 459 2683 cibo
502 2639 769 2698 potaque
791 2627 1053 2693 abstinet,
1088 2641 1181 2681 ora
1192 2627 1397 2681 tionem
1420 2616 1621 2681 diebus
1651 2634 1781 2681 troc-

171 2720 393 2793 tibusque
422 2728 752 2793 perpetuat.
788 2718 1039 2790 Septimo
1063 2734 1193 2774 vero
1219 2710 1309 2773 die
1337 2720 1511 2773 astitit
1538 2717 1587 2774 ei
1610 2729 1780 2788 ange-

169 2812 239 2871 lus
260 2834 274 2869 :
295 2816 449 2887 jubet
474 2832 613 2873 eum
644 2814 719 2870 ad
748 2813 1007 2885 palatium
1040 2812 1119 2867 ire
1150 2826 1408 2867 securum
1443 2828 1465 2864 τ’
1486 2810 1667 2881 regias
1697 2808 1779 2866 ro-

167 2923 244 2964 res
263 2909 568 2980 quami'r‘bet
599 2908 829 2963 clausas
854 2915 1052 2976 sponte
1084 2904 1445 2960 rescramlas:
1477 2903 1774 2974 imperato-

168 3001 231 3055 ris
248 3002 490 3072 spiritum
519 3000 838 3073 superbum
858 2992 1237 3056 molliendum.
1266 2994 1443 3071 Igitur
1463 2996 1774 3052 istiusmodi

164 3095 432 3165 timentis
458 3094 655 3168 angeli
682 3092 1048 3151 conﬁrmatus
1069 3091 1312 3164 alioquin
1334 3100 1391 3147 et
1424 3090 1596 3147 fretus
1618 3090 1777 3147 auxi-

167 3186 245 3257 lio,
274 3188 537 3260 palatium
595 3188 759 3259 petit.
800 3187 1001 3243 Patent
1049 3184 1263 3251 limina,
1296 3184 1481 3241 nullus
1533 3179 1770 3250 obsistit,
1818 3207 1824 3214 -

160 3293 427 3351 postremo
451 3296 649 3354 usque
666 3279 739 3336 ad
764 3294 949 3352 regem
977 3277 1553 3350 nemineprobibeute
1581 3291 1776 3348 perve-

1885 2517 2055 2586 renda
2087 2527 2267 2602 (quod
2292 2530 2423 2585 mibi
2456 2530 2617 2586 liceat
2643 2539 2898 2602 separata
2937 2533 3182 2603 mystcrii
3216 2532 3503 2603 maiestate

1879 2622 2234 2697 di‘xisse),ilia
2257 2626 2490 2696 expetiit
2508 2623 2699 2683 audire
2722 2625 3072 2695 sapientem;
3100 2627 3201 2681 ista
3234 2643 3338 2684 non
3371 2641 3459 2683 tan
3476 2661 3493 2671 -

1884 2728 1995 2773 tum
2015 2720 2235 2776 audisse
2263 2722 2543 2786 contentu,
2564 2719 2661 2776 sed
2680 2724 2741 2776 et
2772 2722 2967 2775 meruit
2997 2722 3208 2776 servire
3234 2724 3492 2793 sapienti.

1953 2807 2071 2884 Vll.
2106 2810 2518 2880 PoStumiauus,
2545 2811 2894 2882 jamdudum,
2943 2814 3141 2883 inquit,
3190 2813 3369 2881 Galle,
3398 2830 3495 2871 au-

1880 2902 2039 2961 diens
2086 2913 2138 2961 te
2160 2888 2490 2976 loquentem
2524 2906 2881 2962 vehementer
2929 2905 3174 2961 admiror
3206 2909 3411 2979 reginae
3439 2910 3501 2965 (ι’-

1877 2998 2003 3055 dem
2040 3016 2053 3053 :
2084 2999 2179 3055 sed
2216 2999 2345 3054 illud
2379 2998 2467 3054 ubi
2502 3009 2615 3063 est,
2650 3000 2792 3070 quod
2838 3000 2985 3055 nulla
3017 2988 3273 3071 umquam
3294 3002 3507 3063 femina

1860 3091 2159 3148 ferebatur
2191 3093 2418 3163 propius
2450 3092 2709 3170 astitisse
2740 3090 3155 3150 Marti‘noiecce
3178 3095 3281 3151 ista
3307 3097 3496 3169 regina

1878 3197 1987 3240 non
2019 3184 2197 3239 solum
2227 3184 2426 3249 astitit,
2451 3183 2555 3239 sed
2564 3186 2744 3240 etiam
2780 3184 3160 3241 ministravit":
3191 3198 3248 3243 et
3274 3201 3493 3253 vereor.
3519 3178 3523 3183 ⁷

1878 3290 1947 3332 ne
1977 3276 2083 3331 isto
2112 3276 2517 3346 aliquantulum
2542 3292 2604 3334 se
2634 3284 2894 3333 tueantur
2923 3279 3175 3349 exemplo
3201 3279 3294 3351 qui
3324 3279 3497 3337 liben-

162 3373 246 3429 nit.
273 3374 370 3443 Qui
400 3352 891 3430 enm'venientem
941 3374 1159 3429 eminus
1190 3370 1425 3437 videret,
1449 3366 1775 3426 infrendens
1802 3352 1849 3418 Ε
1881 3376 1967 3425 ter
1986 3368 2205 3426 feminis
2234 3368 2573 3425 inseruntur.
2604 3366 2742 3423 Tum
2770 3366 2983 3435 Gallus,
3009 3370 3147 3439 Quid
3180 3380 3237 3427 tu
3257 3414 3272 3437 ,
3299 3374 3495 3445 inquit,

158 3476 243 3519 cur
266 3464 453 3522 fuisset
484 3465 803 3531 admissus,
847 3478 1190 3533 nequaquam
1232 3475 1528 3530 assurgere
1579 3468 1663 3515 est
1693 3458 1779 3513 di-

159 3565 329 3625 gnatas
361 3557 605 3619 natanti,
638 3555 821 3613 donec
848 3557 1057 3627 regiam
1087 3555 1279 3610 seilam
1325 3552 1467 3624 ignis
1506 3551 1772 3623 operiret,

159 3646 431 3720 ipsumque
472 3662 672 3720 regem
712 3662 779 3702 ea
809 3653 965 3718 parte
992 3646 1247 3717 corporis
1274 3661 1387 3716 qua
1412 3644 1668 3712 sedebat,
1699 3642 1779 3698 af-

159 3734 300 3795 ﬂaret
338 3740 694 3810 incendium.
723 3738 801 3795 Ita
854 3739 996 3796 solio
1028 3754 1130 3796 suo
1160 3739 1434 3811 superbus
1472 3738 1772 3802 excutitur,

157 3838 206 3889 et
230 3832 459 3891 [arduo
487 3835 715 3891 invitus
754 3835 1029 3906 assurgit:
1066 3833 1410 3904 multumque
1452 3832 1774 3902 complexus

142 3939 301 3994 .qttem
348 3940 634 3998 spernere
684 3918 815 3980 ante
855 3924 1481 3987 decreverat,virtutem
1531 3923 1771 3976 sensisse

156 4016 372 4074 divinam
440 4017 807 4076 emendatior
880 4016 1156 4071 fatebatur
1212 4034 1225 4069 :
1286 4030 1387 4089 nec
1434 4013 1772 4085 exspectatis

157 4104 353 4165 Iartini
382 4108 682 4182 precibus,
712 4106 867 4178 prius
893 4105 1078 4163 omnia
1128 4106 1382 4177 prmstitit
1416 4121 1581 4177 quam
1609 4114 1770 4178 roga-

156 4207 308 4256 mur.
356 4200 667 4272 Cohoqvtio
714 4199 872 4255 illum
917 4207 1083 4269 atque
1139 4197 1397 4254 convivio
1450 4196 1771 4269 frequenter

156 4291 732 4367 adscivitzpoatremo
774 4292 1007 4349 abeunti
1034 4290 1201 4347 multa
1250 4308 1477 4348 munera
1530 4292 1767 4360 obtulit,

154 4400 261 4457 qua:
302 4388 389 4446 vir
414 4389 649 4454 beatus,
684 4394 743 4441 ut
772 4402 1016 4457 semper,
1046 4388 1391 4457 paupertatis
1420 4400 1533 4442 sua
1581 4396 1770 4443 custos
1802 4456 1805 4459 ν
1844 4448 1851 4457 ,

156 4491 328 4537 euecta
361 4481 596 4552 reiecit.
1683 4529 1689 4535 .

216 4569 298 4628 Vl.
330 4572 396 4628 ει
420 4573 561 4645 quia
610 4570 875 4643 paiatinm
911 4571 1083 4627 semel
1119 4571 1356 4642 ingressi
1397 4586 1609 4649 sumus,
1640 4570 1769 4628 licet

154 4662 363 4722 diversis
385 4666 449 4723 in
476 4666 690 4737 palatio
720 4664 1063 4735 temporibus
1090 4678 1241 4736 gesta
1272 4681 1600 4723 connectam
1628 4684 1642 4721 :
1666 4682 1763 4723 ne-

1882 3476 1989 3516 nou
2038 3460 2192 3518 vides
2235 3460 2381 3533 quod
2414 3462 2598 3519 solent
2641 3463 2842 3519 docere
2882 3459 3256 3536 grammatici,
3290 3466 3494 3532 locum,

1882 3564 2121 3626 tempus,
2156 3572 2445 3627 personam
2471 3557 2494 3611 ἲ
2518 3557 2770 3625 Propone
2815 3560 2963 3615 enim
3000 3559 3095 3614 tibi
3128 3570 3257 3617 ante
3306 3562 3496 3619 oculos

1879 3658 2099 3719 captum
2146 3650 2201 3703 in
2247 3650 2448 3717 palatio
2481 3651 2827 3719 imperatoris
2860 3651 3117 3720 precibus
3147 3653 3367 3721 ambiri,
3407 3671 3495 3710 re-

1876 3739 2020 3810 gina:
2052 3739 2156 3795 fide
2202 3740 2344 3812 cogi,
2379 3742 2645 3811 temporis
2696 3744 3024 3799 necessitate
3071 3746 3398 3815 eoustri’ugi,
3434 3757 3495 3801 ut

1875 3831 2095 3885 clausos
2124 3846 2348 3887 carcere
2397 3818 2679 3898 liberaret,
2708 3835 2919 3889 exsiliis
2952 3832 3111 3891 datos
3150 3841 3490 3903 restitueret.

1874 3919 2018 3975 bona
2065 3920 2318 3991 adempta
2368 3924 2724 3980 redbiberet:
2761 3926 2877 3982 haec
2931 3930 3118 3997 quanti
3165 3936 3325 4000 putus
3356 3947 3493 3987 cono

1873 4021 2023 4067 stare
2068 4013 2332 4085 episcopo
2382 4014 2664 4082 debuisse,
2692 4027 2751 4071 ut
2801 4034 2899 4087 pro
2949 4001 3033 4075 bis
3078 4024 3333 4083 omnibus
3384 4041 3489 4081 non

1873 4105 2270 4177 aliqumitul’um
2304 4092 2379 4163 de
2414 4108 2598 4179 rigore
2632 4111 2901 4179 propositi
2925 4114 3232 4170 relaxaret?
3264 4116 3496 4172 Verum-

1876 4207 2065 4254 tamen
2096 4200 2221 4269 quia
2273 4199 2569 4256 occasione
2603 4199 2786 4271 'ltujus
2834 4205 3069 4273 exempli
3114 4206 3257 4260 male
3298 4223 3495 4264 usuros

1874 4306 2001 4347 esse
2042 4290 2261 4363 aliquos
2293 4288 2604 4359 arbitraris,
2636 4295 2709 4348 illi
2756 4282 2889 4351 vero
2941 4296 3132 4352 felices
3160 4308 3346 4367 erunt,
3378 4301 3423 4356 si
3464 4317 3493 4357 τι

1873 4383 2163 4454 disciplina
2194 4386 2431 4459 exempli
2452 4387 2607 4442 istius
2633 4404 2740 4442 non
2772 4390 3053 4445 recedant.
3074 4392 3489 4461 Videantenim,

1874 4480 2003 4549 qtia
2030 4479 2264 4535 Martino
2292 4482 2463 4537 semel
2492 4491 2701 4538 tantum
2731 4483 2782 4537 in
2817 4485 2926 4538 vita
2948 4526 2961 4547 ,
2989 4486 3101 4552 jam
3129 4498 3495 4561 septuagenav

1873 4573 1978 4638 rio,
2015 4587 2121 4629 non
2154 4574 2313 4629 vidua
2348 4574 2555 4641 libera,
2582 4591 2693 4630 non
2729 4578 2881 4647 virgo
2913 4578 3227 4648 lasciviens,
3258 4583 3353 4637 sed
3392 4586 3493 4639 sub

1873 4670 1989 4723 viro
2041 4670 2256 4737 vivens,
2290 4670 2408 4739 ipso
2455 4672 2574 4732 viro
2626 4672 2831 4741 pariter
2884 4674 3258 4745 supplicante,
3290 4680 3488 4749 regina

156 4771 407 4832 ququam
436 4761 595 4817 enim
620 4745 1157 4828 praetermittendum
1199 4760 1432 4828 videtur,
1457 4762 1599 4817 circa
1628 4762 1766 4817 Mar-
1791 4745 1849 4807 Β
1872 4764 2102 4819 servivit
2146 4772 2200 4819 et
2233 4764 2586 4819 ministravit.
2625 4766 2751 4821 llaec
2778 4767 2960 4822 edenti
2989 4769 3185 4836 astitit,
3220 4786 3327 4841 non
3362 4745 3487 4826 cum

153 4848 243 4907 ιὶιί
265 4851 727 4913 admirationem.
770 4851 974 4923 regina:
1017 4851 1195 4909 ﬁdelis
1227 4857 1557 4927 exemplum.
1591 4856 1763 4911 Maxi-

155 4946 601 5025 mimperator
643 4945 1043 5016 rempublicam
1090 4948 1456 5017 gubernabat,
1483 4950 1564 5004 vir
1613 4952 1760 5005 omni

151 5036 478 5117 vitam
525 5039 938 5112 pradicandus,
974 5042 1095 5096 sici
1132 5043 1219 5097 vel
1264 5030 1517 5098 diadema
1545 5058 1652 5098 non
1684 5044 1760 5099 le-

151 5124 324 5196 [illae
360 5136 744 5191 tumultuante
784 5133 958 5189 milite
992 5133 1306 5204 impositum
1341 5135 1652 5204 repudiare,
1677 5134 1767 5190 vel

150 5222 302 5279 Iulio
327 5224 603 5283 civilibus
630 5222 913 5289 abstinere
938 5224 1219 5280 licuisset:
1256 5226 1351 5281 sed
1376 5231 1629 5298 m’agttum
1660 5228 1729 5280 im
1748 5258 1761 5268 ο

152 5310 349 5381 νει-ιω
370 5332 479 5373 nec
501 5317 637 5373 sine
653 5316 903 5387 pericuio
922 5302 1100 5383 renui,
1128 5332 1228 5374 nec
1250 5320 1367 5373 sine
1390 5322 1560 5375 armis
1586 5321 1765 5389 potuit

150 5406 331 5463 tnui.
490 5409 794 5467 ﬂat-tinum
824 5413 1034 5482 saepius
1055 5423 1340 5470 evocatum
1374 5423 1761 5484 recept’utuque

152 5492 281 5555 ha
319 5501 593 5571 palatium
652 5504 1050 5583 venerabiliter
1102 5506 1451 5563 honorabat:
1488 5518 1633 5562 totus
1684 5507 1759 5561 illi

149 5602 261 5647 an
300 5606 373 5651 eo
397 5606 591 5650 sermo
619 5593 695 5649 de
738 5590 1135 5664 prteseutibus,
1166 5599 1237 5654 de
1267 5598 1460 5653 futuris
1482 5642 1495 5664 ,
1524 5600 1593 5653 de
1625 5598 1757 5655 fide-

152 5676 273 5773 Ιῇ
304 5682 517 5758 gloria.
543 5685 617 5745 de
644 5686 964 5744 cteruitate
1004 5702 1350 5757 sanctorum;
1380 5708 1501 5747 cum
1536 5694 1754 5749 interim

372 5782 441 5845 ac
463 5781 731 5857 nutibus
769 5780 841 5838 de
869 5796 966 5836 ore
996 5783 1216 5840 Martini
1245 5789 1433 5856 regina
1464 5787 1754 5856 pendebat,

146 5856 619 5957 Mille
650 5887 761 5930 non
811 5871 1041 5940 inferior
1068 5880 1321 5948 evetuplo
1355 5878 1521 5950 pedes
1572 5880 1759 5936 Sancti

200 5928 225 5945 δ’

577 5964 742 6025 crine
772 5965 1043 6037 tergebat.
1077 5948 1365 6039 Martinus,
1404 5948 1564 6043 quem
1602 5976 1759 6065 nulla

504 6100 533 6119 ν

70 6106 146 6159 ω

1868 4855 2127 4925 epulante
2156 4854 2436 4913 discubuit
2470 4874 2481 4909 :
2514 4873 2617 4913 nec
2659 4874 2795 4914 ausa
2820 4870 2906 4915 est
2942 4862 3273 4931 participare
3301 4868 3489 4919 convi-

1868 4949 2038 5013 vium,
2072 4946 2167 5002 sed
2210 4946 2491 5002 deferebat
2541 4948 2886 5021 obsequium.
2937 4951 3099 5008 Disce
3131 4954 3294 5025 igitur
3322 4956 3488 5012 dist-i-

1868 5040 2072 5111 plinam
2100 5058 2112 5093 :
2145 5042 2351 5096 serviat
2384 5041 2476 5095 tibi
2506 5053 2776 5105 matrona.
2827 5061 2935 5099 non
2983 5046 3250 5114 imperet;
3284 5058 3339 5104 et
3371 5066 3487 5106 ser-

1864 5136 1995 5201 viat,
2040 5149 2146 5189 non
2194 5134 2474 5189 recumbat
2507 5157 2519 5191 ;
2553 5134 2697 5191 sicut
2745 5136 2953 5192 Martha
3008 5138 3103 5197 illa
3149 5141 3488 5199 ministravit

1864 5226 2121 5294 Domino,
2154 5242 2252 5281 nec
2284 5235 2464 5283 tamen
2496 5236 2578 5284 est
2601 5229 2806 5283 adscita
2834 5231 3122 5297 convivio;
3152 5235 3317 5290 immo
3344 5250 3489 5307 prte-

1866 5327 1971 5380 lata
2002 5337 2085 5382 est
2108 5326 2444 5382 ministranti
2467 5343 2589 5398 qua:
2613 5329 2838 5384 verbum
2866 5331 3047 5399 potius
3071 5332 3349 5390 audiebat.
3377 5333 3480 5390 Sed

1865 5420 1915 5474 iu
1947 5418 2177 5473 Martino
2208 5419 2307 5472 ista
2342 5419 2530 5490 regina
2565 5432 2858 5491 utrumque
2901 5425 3197 5493 complevit
3233 5444 3245 5479 :
3275 5401 3327 5481 et
3374 5430 3480 5481 mi-

1865 5513 2122 5567 nistravit
2147 5522 2200 5565 ut
2226 5513 2461 5580 Martha,
2488 5524 2541 5569 et
2568 5516 2774 5571 audivit
2804 5528 2860 5571 ut
2886 5518 3077 5573 Maria.
3112 5519 3267 5587 Quod
3294 5521 3335 5573 si
3360 5524 3481 5588 quis

1866 5606 1969 5663 hoc
1999 5609 2074 5663 uti
2127 5606 2361 5663 voluerit
2389 5610 2678 5679 exemplo,
2713 5626 2814 5679 per
2854 5614 3037 5666 ouiuia
3074 5623 3257 5667 teneat
3300 5628 3482 5668 exem-

1868 5701 2015 5773 plum
2048 5716 2061 5753 :
2089 5700 2212 5753 talis
2258 5717 2419 5755 causa
2476 5702 2548 5757 sit
2606 5704 2839 5772 talisque
2882 5720 3136 5770 perSuna,
3174 5704 3278 5757 tale
3318 5706 3481 5763 obse~

1868 5794 2191 5866 quium,tale
2223 5796 2636 5861 convivium,ct
2671 5797 2722 5851 iu
2749 5797 2894 5850 omni
2929 5798 3032 5850 vita
3058 5797 3223 5852 semel
3243 5803 3474 5854 tantum.

1945 5886 2077 5941 Vlll.
2120 5888 2408 5954 l‘rmclare,
2442 5891 2615 5959 inquit
2644 5888 3049 5953 Postumiauus,
3078 5900 3297 5945 nostros
3320 5892 3476 5960 istos,

1872 5988 1927 6032 ut
1957 5978 2167 6032 Martini
2200 5995 2305 6033 non
2335 5982 2689 6049 egrediantur
2716 5978 3051 6050 exemplum,
3085 5987 3171 6033 tua
3204 5986 3481 6038 cunstrim
