3880 6222
9 367 108 422 '73

943 375 1018 427 IN
1051 375 1288 429 OSEAM
1321 378 1900 434 COMMENTARIUS.
1936 381 2148 433 LIBER
2184 381 2464 437 PRIMUS.

3247 389 3354 444 974

9 478 273 566 ἰῠρινᾶιὶζ
306 482 544 566 eisdem
565 482 707 533 cibis
720 483 1111 566 spiritualibus
1137 487 1227 566 usi
1257 493 1394 566 sunt
1416 492 1650 544 eosdem
1674 497 1734 566 Α
1755 491 1890 544 latio
1902 490 2250 566 destitutam
2278 509 2288 540 :
2320 506 2386 544 ac
2409 507 2640 548 rursum
2663 499 2732 550 de
2753 500 3156 553 occasionibus
3179 501 3356 552 verba

9 556 208 602 ontes
233 552 321 604 de
349 558 522 616 petra
537 559 904 618 erumpentes
932 556 1343 611 biberuntmec
1368 565 1560 614 tamen
1577 575 1650 614 ex

9 622 394 697 tis,__inquit,
413 627 538 697 Deo
563 625 925 697 veluniversi
947 627 1230 693 placuere,
1261 632 1350 682 vel
1373 633 1550 697 multi,
1573 637 1657 683 sed

10 706 51 743 n
90 693 204 768 illa
257 695 442 768 exilii
488 699 675 758 aetate,
716 695 960 748 diversis
984 698 1256 753 horruere
1283 693 1548 768 peccatis,
1575 705 1661 756 di—

9 766 477 840 rersis-periet‘e
504 768 831 840 tormentis;
862 781 1108 832 quorum
1132 785 1234 823 cur
1247 766 1661 840 recordaretur,

10 836 387 901 istendens,
415 837 625 901 Scripta
651 844 796 900 sunt,
823 839 1026 904 inquit,
1040 843 1112 890 ad
1127 842 1519 895 institutionem
1544 836 1662 896 nos;

16 924 84 956 ra
96 923 178 968 m,
195 920 281 958 ne
301 920 519 958 eorum
532 909 741 971 studia,
757 922 1003 971 quorum
1017 911 1214 963 ruinas
1226 912 1490 979 legimus,
1511 933 1664 966 aemu-

15 991 222 1029 emur.
272 980 398 1030 Per
441 979 597 1029 hunc
635 992 773 1042 ergo
798 981 1136 1044 prophetam
1161 985 1443 1038 Dominus
1466 994 1664 1040 noster

10 1047 432 1120 :onsulentize
454 1061 580 1101 suae
607 1049 802 1112 pandit
823 1050 1113 1115 affectum,
1128 1059 1462 1120 monetque,
1484 1063 1547 1110 ut
1569 1059 1665 1110 illa

10 1121 180 1172 Dlebs
202 1119 505 1171 festinata
526 1121 928 1173 emendatione
946 1123 1383 1189 sibisuccurrat,
1401 1119 1458 1179 et
1481 1129 1665 1178 deme-

10 1192 94 1238 tio
109 1190 398 1253 uberum,
415 1190 680 1243 videlicet
694 1198 942 1256 pectore,
959 1194 1334 1260 impietatem,
1350 1211 1480 1262 qua:
1497 1200 1665 1252 forni-

10 1263 159 1336 :atio
184 1262 855 1336 nominatur,expellat,
877 1278 948 1316 ne
964 1265 1117 1317 illius
1135 1271 1462 1321 severitatis
1487 1285 1665 1336 expe—

9 1335 279 1384 rimenta
300 1334 608 1397 percipiat,
629 1333 790 1396 cujut
805 1335 1243 1400 dispositionem
1255 1333 1669 1395 difﬁcultas—re.

10 1410 308 1484 noratur.
333 1406 475 1456 Sive
499 1405 655 1484 enim
669 1411 880 1484 pergat
892 1407 1100 1484 impios
1118 1409 1332 1484 ultione
1343 1427 1663 1484 consumere,

9 1477 319 1527 obsistere
372 1487 497 1526 non
537 1475 751 1528 valebit
773 1480 1137 1541 pereuntium
1163 1482 1477 1536 multitudo
1503 1501 1514 1536 :
1538 1475 1664 1537 sive

9 1549 167 1598 ﬁlios
193 1546 575 1611 punitorum,
601 1560 699 1611 pro
721 1548 1068 1602 innocentia
1083 1553 1322 1618 honore,
1342 1561 1444 1608 aut
1467 1569 1663 1608 emen-

9 1618 284 1669 dationis
311 1618 563 1678 meritis,
582 1618 750 1669 saluti
766 1621 989 1672 restitui
1002 1623 1492 1686 mandarit,etiam
1533 1631 1665 1681 nihil

16 1689 454 1762 impedimenti
477 1701 666 1762 creare
692 1691 1010 1752 prmmissee
1034 1693 1378 1746 calamitatis
1395 1697 1664 1762 adgestio

16 1764 260 1824 poterit.
307 1761 390 1810 Ut
415 1771 551 1822 ergo
580 1759 691 1810 hoc
717 1765 902 1812 totum
933 1764 1211 1826 propheta
1236 1759 1660 1820 breviter—indi—

18 1836 205 1891 caret,
244 1829 517 1881 eundem
538 1829 800 1882 ordinem
822 1832 882 1882 in
905 1835 1188 1898 exemplo,
1217 1849 1389 1899 quem
1424 1839 1484 1890 in
1520 1841 1665 1891 vati-

22 1901 579 1974 cinioicustodivit:
625 1906 681 1952 et
709 1902 855 1953 sicut
876 1903 934 1954 in
974 1905 1100 1968 ipso
1121 1907 1288 1958 titulo
1319 1912 1514 1970 totam,
1553 1924 1667 1974 qua

25 1973 462 2037 prophetasset
476 1976 936 2037 aetatemaegum
950 1981 1492 2033 commemoratione
1506 1973 1671 2043 signa.

33 2046 115 2096 vit
140 2061 151 2093 :
179 2044 268 2118 ita
293 2043 502 2104 etiam,
531 2043 669 2118 quid
696 2047 1066 2110 negociorum
1109 2050 1444 2112 prmdicatio
1483 2053 1668 2118 ipsius

32 2116 393 2190 contineret,
420 2115 717 2190 ostendit:
755 2117 1147 2190 captivitatem
1176 2122 1463 2190 videlicet,
1487 2115 1669 2190 primo

33 2187 292 2249 Israelis,
333 2185 551 2260 deinde
579 2185 747 2260 Judae
773 2202 784 2237 :
831 2188 1100 2254 deinceps
1125 2185 1458 2245 eorurﬂﬁem
1487 2185 1672 2260 popu-

35 2260 250 2319 lorum,
277 2255 485 2309 soluta
507 2258 839 2320 captivitate
859 2261 1242 2327 concordiam,
1270 2269 1328 2315 et
1351 2265 1424 2316 ad
1451 2255 1670 2319 cuit-um

35 2344 101 2382 ac
126 2329 430 2392 templum
463 2329 583 2379 veri
608 2329 725 2393 Dei,
745 2329 966 2382 reddita
989 2330 1269 2398 libertate,
1299 2348 1667 2390 concursum.

36 2402 218 2464 Cujus
246 2404 459 2483 tamen
483 2401 938 2482 regressionisea
964 2403 1390 2483 describeretur
1409 2411 1674 2483 ambitio,

42 2484 172 2536 quae
199 2471 277 2522 ad
309 2471 558 2533 majoris
582 2473 804 2534 negocii
833 2473 1314 2537 signiﬁcationem
1350 2479 1586 2540 valeret,
1612 2471 1670 2532 id

41 2549 148 2604 est,
176 2541 491 2605 Evangelii
515 2542 810 2594 libertates
835 2546 1046 2608 pariter
1060 2559 1127 2598 ac
1149 2548 1552 2602 liberalitatem
1577 2565 1672 2603 so-

43 2618 210 2666 naret
247 2631 259 2662 :
297 2625 442 2676 quas
468 2614 882 2667 transcendens
907 2620 1040 2670 vota
1062 2621 1422 2685 muneribus,
1439 2635 1555 2674 non
1580 2637 1673 2674 so-

47 2688 169 2738 lum
200 2685 515 2750 populum,
541 2685 643 2736 sed
673 2688 846 2757 etiam
870 2688 1019 2740 ﬁlios
1044 2691 1144 2742 Dei
1177 2692 1506 2756 appellaret,
1523 2706 1671 2757 quos

47 2771 80 2808 a
105 2757 401 2809 servitute
428 2757 663 2808 funerea
692 2756 1011 2811 liberasset.

111 2828 300 2891 Igitur
326 2828 582 2879 breviter
602 2827 715 2880 ista
737 2842 1078 2893 percurrens
1096 2832 1268 2885 rediit
1285 2834 1357 2885 ad
1374 2839 1666 2884 concionem

52 2899 163 2950 illis
190 2899 562 2963 temporibus
581 2907 1014 2964 congruentem,
1041 2908 1095 2955 et
1111 2907 1274 2968 quasi
1299 2906 1449 2970 ﬁliis,
1475 2907 1566 2970 obj
1577 2920 1671 2958 ur-

53 2972 265 3042 gandae
308 2975 371 3021 et
417 2970 698 3042 docenda;
739 2973 939 3023 matris
977 2976 1429 3038 munusindicit,
1454 2982 1520 3029 ut
1543 2990 1672 3041 quas

57 3041 198 3094 nihil
243 3042 318 3093 de
344 3041 733 3094 custodienda
754 3046 1057 3097 sanctitate
1081 3053 1398 3112 curaverat,
1426 3049 1498 3100 de
1530 3050 1670 3101 arri-

60 3114 266 3178 pienda
301 3114 519 3165 saltem
551 3115 889 3178 paenitentia
910 3114 965 3182 4
977 3113 1087 3183 05
1115 3123 1360 3182 curaret,
1372 3132 1478 3172 nec
1490 3133 1551 3172 se
1564 3134 1670 3185 pu-

62 3189 220 3249 taret,
265 3190 478 3236 contra
517 3187 705 3248 precia
730 3199 976 3247 morum,
999 3190 1296 3252 sanguinis
1322 3196 1546 3242 tantum
1569 3205 1670 3244 no-

1758 563 2101 627 suscipiens,
2147 572 2589 619 commemorata
2631 569 2844 622 heremi
2896 572 3184 630 vastitate,
3229 571 3355 622 sitis

1761 647 1992 698 quoque
2007 635 2315 686 discrimen
2339 635 2564 700 adjecit.
2585 639 3161 705 Inter/icium,inquit,
3187 643 3354 693 eosin

1760 707 1868 769 siti,
1915 719 2190 778 non_quo
2227 707 2472 759 eductus
2519 709 2589 760 de
2628 713 2868 776 .Egypto
2894 715 3159 778 populus,
3185 719 3359 777 atque

1761 778 2000 842 penuria
2045 776 2271 842 legatus
2315 781 2642 843 absumtus,
2676 784 2775 833 sed
2800 776 3072 846 quoniam
3105 776 3186 847 (ut
3210 776 3360 848 Apo-

1763 850 1946 901 stolus
1969 849 2123 912 dicit)
2139 849 2379 899 bibebant
2401 851 2461 900 de
2482 852 2719 914 spiritali
2741 857 2978 916 sequenti
2995 856 3356 919 petra(1.Co~r.

1764 919 1886 984 10.),
1926 919 1982 970 id
2009 924 2112 981 est,
2133 921 2389 984 potentia
2413 922 2689 984 ductoris,
2708 936 2824 974 non
2845 925 3093 976 conditio
3119 929 3356 987 regionis,

1763 991 1967 1042 castris
1994 993 2200 1056 pocula
2221 993 2604 1044 ministrabat.
2621 996 2761 1054 Quae
2786 995 3048 1057 siutique
3063 995 3360 1060 defuisset,

1762 1063 1943 1127 primo
1969 1063 2092 1113 sitis
2118 1063 2366 1127 periculo
2393 1064 2640 1128 populus
2656 1064 2860 1116 fuisset
2883 1066 3357 1128 extinctus,idem

1762 1133 2138 1196 denuncians,
2187 1135 2339 1198 quod
2384 1135 2443 1186 in
2474 1138 2848 1188 necessitates
2875 1136 3096 1187 similes
3121 1138 3360 1200 improbi

1763 1204 2140 1268 deducantur,
2185 1219 2291 1257 nec
2343 1218 2508 1257 suam
2544 1219 2848 1258 occursum
2885 1207 2950 1258 iri
2975 1209 3358 1269 clementiam,

1764 1276 2234 1340 quandoquidem
2265 1276 2438 1329 etiam
2464 1278 2690 1329 soboles
2713 1278 2930 1341 talium,
2955 1278 3361 1338 obcceuossibi

1765 1352 2030 1410 parentes
2067 1360 2194 1398 esse
2218 1347 2487 1399 vitiorum
2517 1349 2835 1400 imitatione
2869 1349 3130 1411 fateatur,
3165 1353 3220 1399 et
3247 1353 3359 1399 tam

1765 1418 1862 1468 ﬁlii
1885 1418 1956 1470 de
1989 1419 2342 1482 parentibus,
2375 1432 2549 1483 quam
2573 1426 2842 1484 parentes
2871 1421 2942 1472 de
2967 1421 3096 1471 ﬁliis
3126 1421 3365 1472 erubes-

1765 1493 1899 1539 cant
1925 1503 1938 1538 :
1963 1489 2243 1552 promittit
2263 1502 2362 1541 eos
2385 1491 2480 1540 siti
2503 1503 2632 1542 esse
2656 1491 2960 1555 perituros.

1829 1561 1991 1610 Vers.
2037 1559 2088 1612 5.
2137 1561 2186 1613 6.
2214 1560 2263 1613 7.
2289 1588 2353 1597 -
2373 1561 2517 1619 Quia
2536 1562 2696 1625 dixit,
2732 1563 2938 1611 Vadam
2956 1567 3073 1625 post
3097 1567 3365 1611 amatores

1766 1645 1923 1691 meos,
1955 1631 2050 1696 qui
2065 1630 2197 1679 dant
2217 1647 2388 1695 panes
2413 1633 2433 1660 ⁸³
2456 1648 2615 1693 meos,
2642 1639 2689 1680 et
2710 1648 2777 1696 aq
2788 1647 2901 1694 uas,
2917 1632 3105 1680 lanam
3126 1646 3304 1681 meam
3320 1639 3365 1680 et

1767 1700 1946 1748 linum
1965 1716 2160 1760 meum,
2177 1702 2350 1751 oleum
2374 1717 2555 1751 meum
2577 1710 2623 1752 et
2643 1709 2832 1767 potum
2848 1719 3044 1754 meum.
3064 1705 3130 1753 Et
3147 1711 3365 1770 propter

1775 1773 1887 1831 hoc,
1915 1787 2020 1820 ecce
2048 1787 2138 1836 ego
2160 1774 2365 1836 sepiam
2390 1773 2537 1823 vium
2564 1780 2716 1822 tuam
2736 1776 2929 1838 spinis,
2955 1781 3000 1824 et
3015 1777 3221 1840 sepiam
3243 1790 3364 1825 eam

1691 1839 1744 1912 B
1772 1844 2028 1906 maceria,
2046 1846 2318 1892 etsemitas
2338 1860 2466 1894 suas
2486 1861 2596 1894 non
2616 1847 2868 1909 inveniet,
2886 1852 2930 1894 et
2953 1839 3202 1910 sequetur
3216 1862 3367 1897 ama-

1772 1917 1904 1962 tores
1947 1929 2086 1973 suos,
2131 1919 2175 1962 et
2218 1930 2329 1962 non
2374 1916 2735 1979 apprehendet
2768 1931 2869 1977 eos,
2895 1922 2941 1964 et
2964 1923 3160 1981 quaeret
3187 1933 3288 1982 eos,
3315 1925 3360 1968 et

1769 1998 1880 2031 non
1926 1984 2174 2035 inveniet.
2223 1984 2369 2045 Qui°
2412 1987 2484 2035 ab
2528 1985 2690 2036 initio
2715 1985 2843 2036 libri
2866 1986 3180 2051 profanatas
3204 1989 3362 2052 genti

1768 2066 2074 2117 personam
2099 2054 2414 2106 meretricis
2437 2056 2671 2119 aptavit,
2698 2056 2872 2107 etiam
2887 2057 3108 2120 reliqua
3132 2058 3363 2110 sublimi

1769 2124 2152 2188 descriptione
2186 2126 2568 2188 prosequitur,
2604 2131 2661 2176 et
2683 2126 2757 2176 ad
2780 2127 3124 2180 locutionem
3149 2135 3365 2181 scorta-

1771 2195 1928 2246 tricis
1952 2196 2190 2255 inducit,
2215 2209 2391 2258 quam
2415 2197 2511 2248 illa
2533 2198 2807 2248 nimirum
2823 2200 2934 2250 etsi
2957 2212 3074 2251 non
3096 2201 3156 2250 in
3179 2200 3362 2264 labiis,

1773 2268 2034 2317 tamenin
2057 2269 2344 2330 operibus,
2369 2272 2629 2331 gestasse
2652 2270 3030 2321 convincitur.
3047 2272 3267 2334 Sicque,
3285 2285 3369 2323 se-

1770 2338 2026 2388 cundum
2073 2339 2492 2402 Scripturarum
2541 2336 2720 2406 406
2764 2352 3003 2403 morem,
3027 2355 3093 2392 ea
3115 2355 3246 2404 quae
3271 2355 3370 2406 per

1771 2409 2247 2471 consequentiam
2289 2409 2656 2461 sinisterioris
2681 2411 2732 2461 vi
2744 2415 2815 2461 tm
2845 2411 3037 2463 dicere
3061 2412 3218 2476 impii
3242 2415 3370 2476 qui-

1771 2492 1883 2542 que
1914 2485 2176 2542 possunt,
2202 2481 2338 2543 quia
2371 2481 2479 2531 sibi
2505 2487 2563 2532 et
2587 2493 2724 2532 voce
2749 2481 3016 2543 dixerint,
3029 2489 3370 2548 arguuntur.

1772 2553 1918 2613 Ergo
1938 2555 1994 2601 et
2017 2553 2129 2602 ista
2153 2551 2400 2614 (inquit),
2425 2551 2732 2614 impudens
2767 2551 2990 2612 mulier,
3017 2555 3371 2606 consectatui

1769 2620 2117 2683 ﬂagitiorum
2163 2620 2366 2671 faciem
2403 2621 2668 2670 utilitatis
2697 2623 2977 2683 obtendit,
3028 2629 3092 2674 ut
3117 2625 3284 2687 sequi
3308 2637 3370 2676 se

1770 2696 2056 2742 amatores
2076 2703 2214 2742 suos
2231 2692 2302 2740 ob
2327 2691 2724 2742 liberalitatem
2743 2693 2956 2756 potius,
2977 2706 3152 2756 quam
3163 2697 3235 2744 ob
3254 2697 3370 2745 tui»

1772 2761 2112 2826 pitudinem,
2137 2762 2455 2812 mentiatur
2485 2775 2498 2811 :
2523 2761 2649 2812 illos
2675 2763 2830 2813 enim
2856 2764 2981 2824 sibi,
3008 2763 3197 2814 lanam
3215 2769 3273 2816 et
3299 2759 3369 2816 li-

1770 2846 1929 2896 num,
1947 2838 2002 2883 et
2023 2831 2211 2884 oleum
2236 2837 2292 2883 et
2313 2837 2516 2896 potum
2539 2832 2625 2882 :id
2651 2837 2743 2884 est
2766 2833 2985 2884 victum
3009 2839 3068 2884 et
3092 2836 3368 2887 vestitum

1769 2916 1952 2966 usque
1965 2904 2035 2954 ad
2049 2903 2282 2954 delicias
2294 2903 2734 2964 redundantem,
2751 2905 3069 2967 praebuisse
3085 2918 3370 2958 commen-

1770 2974 2110 3034 dat.Quibus
2142 2987 2280 3026 sane
2305 2975 2493 3038 dictis,
2517 2986 2850 3038 quanquam
2866 2975 2937 3025 ad
2962 2981 3196 3038 peccata
3211 2981 3369 3026 sacri-

1769 3045 2167 3110 legii,ingrataa
2181 3058 2413 3110 quoque
2426 3046 2638 3097 mentis
2651 3046 2868 3097 crimen
2877 3046 2944 3096 ad
2947 3048 2966 3108 j
2975 3051 3157 3110 ungat
3175 3063 3187 3098 :
3205 3057 3366 3098 tamen

1771 3116 1910 3168 illud
1935 3129 2166 3180 quoque
2191 3117 2414 3168 videtur
2436 3117 2725 3178 inducere,
2743 3117 2897 3180 quod
2920 3118 2978 3167 in
3002 3120 3367 3181 profanorum

1772 3188 1943 3238 etiam
1966 3201 2119 3238 nunc
2148 3201 2244 3239 ore
2259 3192 2524 3240 versatur
2543 3205 2553 3236 :
2572 3189 2720 3238 inter
2746 3188 2948 3249 varias,
2975 3189 3370 3254 videlicetopi-

64 3257 276 3308 bilitate
315 3256 573 3328 defendi,
610 3257 882 3320 quoniam
906 3269 922 3287 ·
947 3262 1179 3322 quando
1204 3261 1348 3313 nihil
1375 3263 1672 3326 prodesset
1696 3254 1744 3328 ί]
1767 3259 2223 3320 niones,nullum
2235 3272 2365 3310 esse
2381 3259 2628 3310 validius
2645 3263 2815 3310 certas
2833 3259 3123 3322 religionis
3145 3263 3368 3310 testimo-

61 3328 290 3391 adoptio
335 3327 454 3390 his,
498 3339 646 3389 quos
667 3341 785 3379 non
808 3330 980 3381 etiam
1015 3331 1246 3383 devotio
1272 3335 1666 3398 communiret,

63 3399 203 3450 Nam
219 3403 284 3450 ut
296 3399 370 3450 de
383 3399 694 3463 praeteritis
711 3399 904 3452 futura
915 3401 1667 3466 colligeret,exitumillorum

62 3471 384 3533 agminum,
411 3481 549 3533 qua
569 3471 641 3521 de
670 3473 914 3536 Egypto
938 3474 1272 3526 mirabiliter
1305 3475 1513 3527 educta
1545 3477 1667 3529 fue-

63 3546 207 3604 rant,
233 3542 520 3606 cogitaret
543 3559 554 3590 :
576 3555 822 3605 quorum
848 3545 1045 3609 utique
1065 3547 1357 3610 iniquitas,
1377 3561 1565 3611 neque
1580 3561 1670 3612 pa-

63 3620 310 3683 rentum,
337 3619 404 3664 ut
415 3613 693 3678 diximus,
707 3615 986 3680 dignitate
1006 3618 1238 3669 defensa
1253 3623 1360 3683 est,
1381 3624 1437 3670 et
1453 3635 1666 3680 quorum

63 3682 400 3748 interfectio,
416 3685 552 3735 ﬁliis
573 3686 644 3735 ad
659 3688 870 3749 gaudia
887 3691 1168 3751 promissa
1184 3682 1484 3754 ducendis,
1502 3693 1668 3739 obsta-

64 3755 188 3806 cula
221 3768 341 3806 non
385 3756 629 3807 creavit.
675 3759 730 3806 ls
775 3758 988 3821 itaque,
1027 3761 1126 3818 ait,
1159 3760 1506 3824 judiciorum
1529 3761 1668 3813 ordo

67 3825 233 3876 etiam
276 3827 338 3877 in
391 3833 593 3879 vestra
631 3840 786 3879 nunc
823 3831 1206 3893 expunctione
1231 3833 1572 3896 servabitur,
1605 3837 1670 3884 ut

69 3895 421 3958 squallentes
453 3899 785 3962 sacrilegiis,
821 3901 1134 3954 obruantur
1156 3903 1367 3969 exitiis,
1389 3909 1446 3956 et
1470 3895 1668 3956 eorum

70 3970 294 4030 posteri,
317 3971 417 4032 qui
443 3970 735 4033 proposito
757 3973 1086 4034 genitorum
1105 3975 1312 4026 studiis
1337 3976 1668 4027 melioribus

70 4038 542 4104 discrepaverint,
566 4041 655 4093 vel
679 4041 962 4106 desperati
987 4045 1247 4098 libertate
1269 4047 1578 4110 potiantur,
1593 4049 1667 4094 vel

71 4111 420 4163 cumulatius
469 4124 873 4176 prosperorum
920 4117 1284 4168 successibus
1327 4122 1666 4180 augeantur.

73 4181 215 4255 Quae
249 4183 689 4255 vicissitudines
731 4191 1074 4255 temporum,
1117 4189 1228 4252 ait,,
1251 4191 1526 4252 quoniam
1551 4195 1668 4241 tam

74 4251 324 4304 tristium
351 4254 637 4320 videlicet,
664 4269 839 4321 quam
859 4251 1441 4323 laetorum,rationem
1454 4262 1668 4314 divinaa

73 4325 450 4396 providentiae
467 4332 526 4379 et
541 4327 717 4390 justas
733 4329 1180 4394 dispensationis
1191 4332 1670 4396 assignant,nunc

68 4394 183 4468 jam
218 4395 295 4457 id,
329 4399 487 4460 quod
526 4412 733 4452 caussa
753 4413 1012 4464 praesens
1033 4403 1268 4466 ﬁagitat,
1295 4394 1670 4468 exequamur.

133 4467 451 4523 Denuntiat
466 4483 621 4535 ergo;
645 4475 709 4523 ut
729 4473 1118 4536 impendentis
1148 4475 1256 4526 sibi
1280 4467 1669 4529 damnationis

79 4537 282 4612 molem
307 4542 642 4606 anticipent,
660 4547 779 4595 tam
804 4545 998 4596 studio
1023 4547 1363 4612 corrigendi,
1383 4559 1557 4612 quam
1573 4561 1670 4612 ge-

80 4609 217 4684 mitu
228 4613 648 4678 pcenitendi,ne
666 4628 799 4666 cum
817 4617 1025 4668 saevire
1037 4609 1456 4684 ultro—emperit,
1481 4609 1668 4672 omnis

80 4677 199 4758 haec
222 4685 383 4738 natio
411 4687 564 4738 sicut
584 4687 761 4738 nullis
783 4701 1042 4752 unquam
1064 4677 1336 4755 insignita
1358 4677 1668 4757 priveligiis

83 4753 159 4826 sic
180 4753 569 4811 internecione
592 4759 876 4824 dispereat
900 4776 912 4810 :
939 4776 1004 4809 ne
1027 4761 1163 4823 forte
1181 4753 1404 4826 spoliem
1425 4779 1546 4812 eam
1562 4753 1669 4813 iiu-

83 4821 223 4888 dam,
259 4832 305 4874 et
347 4834 587 4879 statuam
623 4821 745 4881 eam
763 4821 1058 4880 secundum
1079 4821 1219 4882 diem
1235 4835 1538 4883 nativitatis
1559 4851 1666 4884 sua

83 4900 126 4940 et
147 4909 350 4957 ponam
375 4915 495 4952 eam
518 4903 679 4966 quasi
701 4903 1070 4964 solitudinem,
1087 4910 1131 4954 et
1145 4910 1380 4954 statuam
1397 4921 1517 4955 eam
1533 4907 1670 4956 velut

86 4970 278 5042 lyram
300 4973 530 5040 inviam,
556 4982 601 5025 et
627 4978 956 5040 inter/icium
980 4994 1099 5028 eam
1123 4980 1184 5027 in
1204 4979 1296 5027 siti
1327 4978 1590 5042 [Vers.4.]
1625 4986 1670 5028 et

85 5033 327 5094 ﬁliorum
341 5045 456 5109 ejus
473 5033 582 5097 non
603 5033 902 5110 miserebor,
921 5051 1187 5114 quoniam
1210 5033 1668 5113 fitii‘fornicat'io-

88 5121 217 5159 num
241 5124 386 5177 sunt,
418 5121 550 5182 quia
577 5119 853 5182 fornicata
867 5126 937 5171 est
959 5128 1131 5172 mater
1145 5137 1348 5184 eorum,
1363 5121 1590 5183 confusa
1602 5127 1670 5169 est

89 5190 116 5238 q
127 5193 197 5259 “3
210 5189 441 5259 ροηείρίι
457 5207 558 5241 eos.
579 5193 722 5254 Quia
736 5195 913 5245 semel
931 5206 1314 5246 commemora
1322 5193 1535 5243 tionem
1551 5199 1597 5240 et
1610 5195 1674 5240 si-

91 5252 465 5330 militudinem
481 5252 829 5328 egressionis
841 5267 1120 5330 Egyptiae
1141 5265 1450 5316 induxerat
1465 5276 1563 5327 per
1578 5275 1674 5315 eo-

90 5325 342 5400 τιμξλᾳβω
355 5325 610 5386 locorum
622 5335 844 5400 descrip
853 5325 1064 5388 tionem
1076 5325 1672 5400 cucurrit,solitudinem

100 5390 357 5453 videlicet
379 5409 702 5472 nominans,
723 5412 781 5459 et
796 5390 1004 5461 terram
1016 5409 1235 5460 inviam
1247 5421 1315 5460 ac
1331 5390 1577 5460 fontium
1591 5420 1676 5458 so-

128 5539 356 5662 ιίαἱίὲἷδι
397 5549 841 5613 quandoquidem
886 5564 1003 5604 uno
1049 5551 1222 5603 verbo
1266 5563 1366 5614 pro
1413 5550 1675 5615 quoniam

201 5625 234 5658 η
306 5650 322 5662 .

128 5621 234 5658 uan
306 5650 322 5667 ,

93 5620 132 5759 q,
153 5678 172 5705 ⁵
207 5620 470 5755 ναιῗιςειω,
502 5695 742 5756 ipsaque
765 5693 1094 5759 Hieronymi
1113 5694 1299 5746 versio
1322 5706 1394 5746 ex
1416 5693 1677 5757 Hebraeo,

102 5747 226 5800 dant
249 5747 417 5820 panes
456 5747 616 5826 mihi,
642 5747 687 5814 et
707 5780 879 5830 aquas
906 5747 1070 5832 meas,
1101 5766 1309 5827 lanam,
1339 5769 1446 5818 etc.
1474 5747 1682 5818 Noster

101 5837 538 5912 Pmssiushaaret
568 5846 808 5898 Hebraeo
835 5849 1017 5900 textui
1047 5847 1231 5912 priore
1247 5847 1371 5900 loco
1391 5849 1524 5898 iam
1551 5849 1567 5897 )
1593 5845 1678 5898 al-

103 5906 213 5956 tero
243 5909 338 5963 ἾῚὲ
368 5915 484 5971 ηδπ
521 5918 762 5972 abludit.

1768 3332 1946 3394 nium,
1972 3343 2146 3394 quam
2180 3331 2336 3393 quod
2357 3344 2471 3382 vox
2495 3331 2692 3381 afferat
2714 3337 3136 3394 prosperorum.
3162 3331 3296 3383 ldeo
3314 3338 3369 3385 et

1767 3403 1897 3465 ista,
1921 3403 1983 3452 in
2006 3407 2398 3453 consectatum
2413 3407 2733 3452 amatorum
2757 3413 2818 3452 se
2842 3402 2921 3451 ire
2939 3403 3296 3465 pronunciat,
3313 3409 3369 3455 et

1767 3473 2050 3537 flagitium
2077 3473 2304 3524 silentio
2331 3474 2555 3537 premit,
2577 3476 2634 3524 et
2650 3472 2816 3535 quasi
2831 3472 3192 3524 honestiores
3209 3486 3370 3525 caus-

1769 3557 1885 3606 sas,
1911 3545 2121 3607 quibus
2146 3545 2360 3608 illiciat,
2385 3545 2623 3609 efﬁngit.
2641 3547 2942 3594 Amatores
2959 3549 3155 3595 autem
3181 3551 3366 3610 vocat,

1767 3616 1858 3667 vel
1881 3617 2150 3667 Gentium
2175 3629 2453 3680 proceres,
2479 3629 2725 3678 quorum
2749 3617 3171 3666 consectatione
3187 3617 3370 3680 profa-

1769 3693 1904 3738 nata
1927 3691 2030 3748 est,
2059 3688 2151 3738 vel
2176 3689 2331 3751 ipsos
2353 3689 2647 3738 nationum
2674 3687 2813 3738 deos
2841 3687 2958 3736 risu
2985 3689 3176 3750 potius
3197 3700 3369 3750 quam

1767 3763 2041 3809 veneratu
2065 3757 2378 3821 digniores:
2407 3759 2620 3820 quibus
2637 3757 2782 3820 haec,
2802 3756 3006 3808 videlic
3019 3763 3074 3808 et
3089 3762 3367 3820 Synagoga,

1767 3833 2021 3893 paternze
2060 3830 2247 3893 Legis,
2280 3834 2336 3881 et
2361 3830 2480 3880 veri
2503 3833 2678 3892 atque
2710 3829 2810 3880 uni
2838 3829 2937 3879 Dei
2961 3828 3135 3880 oblita
3160 3843 3370 3882 succu-

1767 3901 1906 3950 buit.
1923 3901 2146 3964 Spebus
2173 3903 2318 3964 ejus,
2345 3901 2442 3962 ait,
2475 3901 2720 3953 adversa
2741 3901 3069 3962 succedant,
3095 3905 3154 3952 et
3176 3904 3368 3962 impro-

1767 3971 1910 4022 visis
1933 3972 2244 4034 angOribus
2265 3971 2646 4034 implicentur.
2674 3971 2880 4033 Primo,
2912 3976 2975 4021 ut
2998 3972 3236 4023 ineundi
3270 3973 3369 4024 fce-

1765 4043 1916 4094 deris
1941 4055 2072 4092 cum
2096 4042 2206 4106 his,
2225 4054 2369 4104 quas
2392 4042 2640 4093 maxime
2657 4043 2831 4106 cupit,
2855 4043 3134 4093 Gentibus
3159 4045 3369 4094 facultas

1765 4115 1816 4165 ei
1859 4113 2015 4164 nulla
2061 4117 2348 4176 suppetat,
2393 4118 2450 4164 et
2491 4125 2596 4164 nec
2619 4114 2676 4163 in
2702 4112 2957 4163 adversis
2993 4114 3114 4164 suis
3139 4114 3368 4168 illorum

1766 4190 1964 4237 utatur
1978 4185 2210 4248 auxilio,
2225 4196 2470 4247 quorum
2484 4184 2542 4234 in
2558 4184 2844 4248 prosperis
2861 4183 3101 4246 deliquit
3115 4190 3364 4246 exemplo.

1767 4257 1970 4320 Sicque
1996 4256 2214 4319 sepiam
2240 4255 2389 4307 viam
2407 4255 2457 4317 ej
2468 4268 2536 4305 us
2554 4255 2754 4318 spinis,
2773 4259 2828 4304 et
2844 4267 2959 4304 non
2973 4253 3162 4304 solum
3179 4258 3366 4320 vepri-

1767 4330 1894 4388 bus,
1922 4327 2022 4378 sed
2040 4326 2214 4378 etiam
2226 4327 2506 4385 maceriis,
2532 4341 2542 4376 :
2560 4330 2622 4376 ut
2639 4337 2786 4388 quos
2799 4329 2934 4375 ante
2947 4324 3178 4376 triverat
3190 4330 3362 4392 calles,

1766 4400 2038 4462 deinceps
2063 4399 2205 4449 inire
2229 4411 2346 4448 non
2359 4397 2555 4458 possit.
2573 4400 2711 4457 Qua:
2736 4395 2934 4457 utique
2946 4403 3367 4459 consequenter

1769 4473 2037 4523 universa
2060 4471 2377 4531 subtexuit,
2391 4468 2677 4531 aspiciens
2699 4466 2771 4517 ad
2797 4479 3098 4531 personam
3112 4471 3364 4533 mulieris,

1768 4555 1942 4606 quam
1965 4541 2213 4602 induxit,
2240 4539 2612 4591 clandestinis
2630 4538 2798 4600 quasi
2811 4537 3048 4597 semitis,
3066 4539 3366 4602 tlagitiisui

1773 4611 2189 4677 frequentantis
2211 4614 2519 4662 auctorem.
2539 4608 2705 4659 IIaud
2722 4608 2941 4670 utique,
2955 4609 3107 4671 quod
3123 4612 3368 4675 Israelis,

1700 4667 1756 4739 D
1778 4667 2024 4750 populus
2048 4681 2307 4733 clanculo
2337 4681 2590 4745 profanis
2613 4667 2885 4744 gentibus
2898 4667 3252 4745 misceretur,
3267 4667 3366 4735 sed

1767 4755 1921 4820 quod
1945 4768 1979 4806 a
2000 4754 2240 4805 muliere
2263 4754 2346 4816 (ut
2369 4763 2525 4816 saepe
2551 4752 2822 4812 diximus)
2847 4752 3160 4803 similitudo
3185 4757 3371 4806 trans-

1767 4827 1897 4888 lata,
1949 4825 2104 4876 hunc
2147 4823 2549 4887 descriptionis
2583 4823 2843 4873 ordinem
2877 4822 3198 4886 postularit.
3225 4828 3368 4877 Cum

1745 4905 1747 4907 ‘
1768 4912 1901 4962 ergo
1927 4896 2159 4960 caeperit
2183 4894 2470 4946 ulciscens
2487 4895 2770 4946 severitas
2785 4894 2836 4944 ei
2852 4894 3102 4960 obviare,
3121 4895 3370 4948 nullam-

1768 4983 1878 5033 que
1909 4981 2076 5032 opem
2101 4967 2413 5030 angoribus
2446 4967 2569 5029 ejus
2603 4970 2873 5030 poterunt
2895 4967 3088 5017 cuncti
3114 4979 3261 5030 quos
3279 4968 3368 5020 di-

1767 5041 1999 5105 ligebat,
2023 5039 2221 5090 afferre
2250 5051 2397 5088 :non
2406 5039 2529 5100 jam
2563 5037 2802 5099 ratione,
2831 5036 2933 5087 sed
2960 5050 3182 5102 angore
3213 5052 3372 5092 com-

1770 5115 1943 5175 mota,
1969 5110 1990 5138 ί¹
2023 5109 2316 5162 reminisci
2340 5108 2574 5172 incipiet
2598 5107 2910 5159 foslicitatls
2935 5109 3210 5171 antiquae.

1834 5184 1900 5232 Et
1923 5183 2073 5241 dicet,
2110 5182 2334 5242 Vadam,
2368 5185 2413 5229 et
2437 5186 2675 5228 revertar
2711 5179 2783 5227 ud
2809 5179 2988 5228 virum
3017 5195 3193 5228 meum
3218 5181 3370 5243 prio-

1770 5269 1903 5309 rem,
1921 5253 2055 5315 quia
2073 5251 2197 5300 bene
2210 5251 2351 5300 mihi
2367 5256 2478 5299 erat
2493 5255 2617 5299 tunc
2634 5251 2824 5312 magis,
2848 5265 3016 5313 quam
3041 5265 3187 5298 nunc
3208 5250 3352 5313 [Vera

1775 5324 1929 5387 8.]Et
1956 5324 2062 5372 haec
2086 5324 2316 5385 nescivit,
2332 5323 2462 5386 quia
2485 5337 2575 5386 ego
2600 5321 2722 5370 dedi
2746 5321 3161 5384 ei/‘rumentum,
3180 5322 3373 5370 vinum

1774 5402 1819 5446 et
1859 5395 2034 5446 oleum
2067 5407 2084 5428 °
2111 5394 2467 5460 multipticavi
2505 5392 2572 5457 ei,
2618 5397 2663 5442 et
2713 5409 2947 5457 aurum,
2987 5407 3104 5456 quae
3137 5393 3374 5456 fecerant

1839 5547 1857 5569 °
1890 5541 2092 5602 Antea,
2124 5538 2244 5602 quis
2267 5536 2332 5586 ab
2356 5536 2515 5588 initio
2539 5536 2756 5598 librum,
2783 5533 3006 5585 vitiose.

1839 5621 1859 5650 ‘
1896 5623 2084 5684 Atque
2107 5619 2233 5670 heic
2255 5619 2456 5670 vitiose
2477 5622 2646 5670 antea
2663 5620 2784 5669 erat
2797 5614 3058 5664 revivisci.

1840 5711 1859 5730 ⁸
1893 5699 2287 5764 Supplendum
2311 5698 2435 5750 heic
2460 5699 2656 5761 utique
2671 5701 2716 5746 et
2741 5701 3045 5760 argentum,
3063 5693 3219 5758 quod
3242 5707 3375 5746 cum

1778 5771 1983 5836 reliqui
2005 5771 2134 5822 libri
2153 5783 2374 5834 omnes,
2395 5775 2522 5849 tum
2545 5770 2825 5821 Hebraeus
2840 5773 3000 5849 textus
3026 5768 3373 5849 habetnon}.

1780 5847 2031 5910 Apparet
2064 5855 2202 5896 vero
2243 5855 2316 5895 ex
2357 5843 2619 5894 subnexa
2657 5840 3048 5906 expositione,
3083 5852 3151 5891 ea
3203 5840 3380 5892 verba

1783 5921 2054 5971 Nostrum
2083 5915 2144 5968 in
2167 5928 2274 5968 suo
2298 5914 2610 5978 exemplari
2641 5926 2759 5966 non
2780 5911 3076 5966 habuisse.
