3880 6222
521 354 625 409 975

1583 338 1845 399 RUFlNO
1890 338 2348 401 PRESBYTERO
2380 350 2768 401 ASCRIPTUS

3760 346 3863 398 9Tb

520 465 676 515 Baal.
704 463 761 514 Si
792 463 981 514 erecta
1005 459 1210 511 saltem
1242 470 1434 511 rerum
1458 458 1743 532 periculis,
1769 458 1842 510 ad
1872 459 2113 532 priorem
2138 461 2194 532 Α
2219 459 2374 532 quod
2397 458 2603 532 aliquis
2617 458 2675 532 id
2701 464 2855 532 esset
2877 471 3158 519 ausurus,
3180 457 3287 532 sed
3314 456 3458 520 quia
3471 468 3580 521 per
3595 457 3863 509 similitu-

516 537 700 588 virum
726 533 908 586 redire
932 531 1224 587 deliberat,
1251 531 1543 594 quomodo
1573 535 1989 593 consequenter
2012 530 2116 581 ad-

513 610 733 672 jectum
779 609 869 657 est
896 620 906 648 :
938 603 1006 651 Et
1037 604 1142 651 haec
1163 602 1380 651 nescivit
1404 602 1539 665 quia
1566 601 1688 649 dedi
1712 601 1761 650 ei
1777 603 2117 665 frumentum

516 686 560 729 et
596 682 807 736 vinum,
847 680 891 723 et
928 674 1104 722 oleum
1120 675 1145 723 ?
1180 676 1281 724 Est
1302 686 1437 736 ergo
1457 685 1668 724 sensus
1691 673 1995 736 ejusmodi,
2019 684 2120 737 per

518 763 692 814 quem
715 746 1068 812 propheticis
1096 746 1399 795 sententiis
1423 745 1787 795 concinentia
1806 747 2115 793 vendicetur.

517 823 623 883 Qui
666 820 740 870 ad
788 819 1029 882 primam
1064 816 1457 879 castigationis
1482 816 1685 865 faciem
1711 816 1959 879 patiatur
1990 814 2119 867 haec

516 892 739 953 mulier,
771 888 925 953 quod
953 900 1155 938 omnes
1192 888 1289 950 qui
1314 898 1459 936 vana
1484 890 1814 936 sectantur:
1851 888 2118 936 votorum

520 962 782 1013 videlicet
830 959 1199 1010 frustratione
1242 956 1557 1021 perterrita,
1581 969 1699 1006 non
1724 968 1824 1019 per
1845 956 2118 1007 emenda-

515 1037 727 1086 tionem
754 1031 1073 1089 sententise,
1107 1030 1208 1080 sed
1236 1041 1335 1093 per
1345 1028 1543 1091 judicii
1563 1028 1856 1079 levitatem
1876 1041 1943 1079 ea
1970 1035 2119 1077 tentet

514 1118 648 1170 quas
679 1102 1002 1167 repudiaret
1027 1107 1321 1165 appetere:
1351 1103 1409 1149 et
1436 1098 1510 1149 ad
1533 1099 1643 1149 hoc
1666 1103 1892 1150 tantum
1919 1112 1979 1150 se
2002 1102 2117 1151 Deo

516 1175 805 1227 subditam
832 1172 1190 1236 repromittit,
1213 1176 1275 1222 ut
1300 1170 1693 1233 impendentia
1716 1170 1881 1233 quasi
1904 1170 2118 1220 damna

516 1244 909 1311 prosperitatis
936 1243 1189 1305 effugiat,
1224 1241 1544 1293 secundum
1567 1239 1891 1303 illud,quod
1916 1242 2115 1291 beatus

519 1318 691 1368 David
716 1327 893 1379 expro
904 1317 999 1365 bat
1022 1329 1033 1363 :
1062 1317 1198 1371 Cum
1220 1312 1469 1361 occideret
1493 1326 1593 1371 eos,
1620 1311 1922 1375 quaerebant
1951 1326 2069 1360 eum
2102 1328 2113 1362 :

514 1395 565 1437 et
604 1385 1044 1435 convcrtebantur
1090 1389 1218 1432 ante
1257 1383 1441 1442 lucem,
1489 1388 1532 1430 et
1577 1382 1856 1431 veniebant
1878 1383 2113 1447 adeum,

714 1473 809 1506 cor
838 1462 1017 1505 autem
1043 1470 1227 1504 eorum
1243 1470 1355 1503 non
1379 1459 1492 1502 erat
1515 1459 1735 1526 rectum,
1760 1469 1883 1503 cum
1908 1470 2117 1526 eo,hnec

513 1524 689 1595 ﬁdeles
738 1526 908 1576 habiti
943 1530 1067 1573 sunt
1114 1527 1173 1573 in
1223 1530 1593 1574 testamentum
1628 1525 1741 1587 ejus
1777 1524 1937 1585 (Psal.
1987 1524 2111 1589 77.).

516 1603 693 1665 igitur
708 1601 1077 1662 permanente
1096 1598 1283 1660 gentis
1295 1598 1344 1660 ej
1354 1611 1422 1647 us
1434 1601 1613 1659 reatu,
1632 1608 1763 1659 qua:
1780 1598 1963 1647 instar
1973 1612 2117 1657 peco-

516 1686 641 1722 rum
675 1681 1041 1732 nequaquam
1088 1669 1416 1731 magisterio
1462 1670 1650 1731 verbi,
1697 1669 1795 1720 sed
1836 1671 1944 1720 sub
1981 1673 2112 1720 actu

514 1742 773 1794 Verberis
799 1740 1161 1790 excitabatur
1186 1753 1198 1788 :
1218 1752 1406 1803 neque
1436 1739 1519 1789 ira
1542 1752 1670 1790 mea
1693 1741 2003 1791 tentabitur
2017 1754 2113 1804 per

515 1814 624 1865 hoc
654 1812 789 1875 quia
822 1811 969 1860 dixit
994 1824 1006 1860 :
1050 1811 1268 1869 Padum,
1294 1817 1339 1858 et
1366 1817 1600 1859 revertar
1622 1812 1694 1857 ad
1726 1812 1904 1859 virum
1928 1827 2106 1859 meum
2130 1826 2187 1902 B

590 1887 744 1902 ,‘Au‘-.-
797 1883 1076 1902 [ιι-ηιΑ-.--ω
1108 1882 1160 1902 2..
1191 1883 1352 1902 1.»-.η.λ.
1397 1884 1687 1902 *Ιηκη---μ
1723 1884 2100 1902 ---λλ-ΞῌΑ-ι-

510 1887 769 1950 priorem.
795 1883 1082 1933 Cancrum
1107 1882 1165 1931 in
1189 1883 1361 1945 longa
1397 1884 1694 1945 plagarum
1718 1884 2110 1946 experimenta

515 1968 643 2008 eam
667 1957 968 2015 deducam,
986 1953 1120 2016 quia
1150 1953 1296 2017 [Αηι.
1331 1952 1463 2016 qua]
1490 1955 1636 2004 scire
1659 1958 1715 2004 et
1738 1955 1989 2005 indicare
2013 1967 2113 2006 ne-

515 2028 773 2092 glexerit,
799 2025 925 2075 haec
950 2025 1145 2075 omnia
1169 2024 1292 2074 dari
1316 2037 1485 2087 posse
1509 2038 1543 2074 a
1566 2024 1721 2075 nullo
1746 2026 1857 2076 nisi
1883 2039 1917 2076 a
1941 2039 2049 2089 me,
2082 2040 2114 2077 a

514 2112 628 2162 quo
654 2096 854 2157 utique
879 2095 1093 2146 fuerint
1114 2100 1172 2147 et
1193 2100 1403 2145 creata.
1433 2096 1577 2157 Ergo
1611 2096 1766 2159 quod
1789 2096 1887 2157 ait,
1916 2097 1985 2146 El
2011 2098 2116 2145 haec

514 2168 748 2227 nescivit,
795 2167 928 2229 quia
974 2181 1065 2228 ego
1111 2167 1157 2215 ei
1202 2166 1323 2214 dedi
1369 2165 1729 2229 frumentum,
1773 2172 1816 2215 et
1851 2168 2040 2215 vinum
2072 2175 2117 2217 et

515 2242 708 2301 oleum,
724 2236 1064 2289 voluntaria:
1091 2237 1374 2288 tarditatis
1399 2242 1618 2300 spectat
1635 2238 2117 2298 invidiam,secun-

516 2316 652 2363 dum
678 2308 818 2360 illud
845 2308 1211 2371 Davidicum,
1235 2307 1423 2356 Noluit
1449 2307 1759 2371 intelligere,
1774 2314 1830 2357 ut
1855 2309 2116 2374 beneage—

514 2390 592 2433 ret
625 2382 786 2447 (Psal.
821 2378 947 2440 35.).
984 2380 1187 2443 Incipit
1224 2379 1416 2440 itaque
1455 2379 1602 2429 inter
1628 2380 1876 2441 pericula
1902 2394 2116 2432 agrum-

514 2468 719 2507 narum
752 2456 934 2516 fateri,
962 2451 1120 2515 quod
1147 2450 1303 2513 prius
1332 2448 1477 2499 scire
1494 2448 1955 2513 neglexerat,me
1980 2454 2116 2501 vide-

512 2526 645 2579 licet
684 2542 865 2579 unum
899 2537 1027 2576 esse
1061 2534 1097 2572 a
1119 2533 1234 2583 quo
1257 2519 1527 2570 alimonia
1548 2521 1891 2584 praebeatur,
1939 2524 2036 2585 qui
2057 2526 2115 2574 et

513 2599 699 2663 ipsam
737 2598 1038 2651 hominum
1072 2591 1455 2642 substantiam
1488 2593 1800 2663 procreavi.
1826 2594 1968 2651 Quia
1991 2609 2114 2656 ergo

513 2661 634 2720 dedi
658 2673 706 2720 ei
727 2672 1067 2734 frumentum
1093 2669 1139 2711 ct
1177 2664 1367 2710 vinum
1387 2666 1432 2710 et
1460 2661 1653 2734 oleum,
1674 2668 1720 2710 et
1750 2678 1972 2725 aurum,
1997 2680 2115 2729 qua:

510 2732 745 2807 fecerant
771 2741 1006 2791 Baaltm.
1026 2738 1152 2787 Non
1168 2734 1354 2784 solum
1373 2745 1507 2807 ergo
1522 2732 1823 2807 instructa,
1840 2736 1942 2786 sed
1965 2740 2111 2785 etiam

513 2805 762 2877 copiosa,
807 2810 976 2863 donis
1010 2808 1155 2858 meis
1200 2805 1552 2877 abutebatur
1580 2807 1638 2855 in
1666 2806 1924 2872 crimina,
1949 2813 2007 2858 et
2040 2808 2112 2859 ad

514 2875 921 2935 contumeliam
939 2889 1146 2939 meam,
1170 2875 1321 2927 idola
1347 2876 1417 2927 de
1447 2875 1555 2939 his,
1588 2889 1719 2939 qua:
1748 2890 1782 2928 a
1806 2891 1894 2929 me
1908 2893 2112 2940 accepe-

512 2962 616 3013 rat,
644 2954 851 3017 opibus
875 2950 1203 3002 fabricabat.
1230 2947 1463 3011 Idcirco,
1490 2952 1547 2998 et
1569 2949 1874 3012 ego,cujus
1899 2953 2106 3010 dispen-

511 3026 792 3076 sationem
823 3022 1102 3088 propheta
1126 3018 1459 3071 collaudans
1476 3020 2101 3083 intelligentercanebal:

514 3100 651 3147 Cum
671 3100 873 3144 .sancto
910 3098 1126 3141 sanctus
1149 3092 1270 3151 eris,
1296 3095 1339 3139 ct
1364 3104 1486 3139 cum
1510 3091 1625 3138 viro
1651 3091 1929 3141 innocente
1949 3093 2108 3141 inno-

511 3186 630 3218 cens
658 3169 780 3228 eris,
806 3172 852 3215 et
875 3181 997 3214 cum
1015 3177 1259 3229 perverso
1282 3163 1593 3227 perverteris
1630 3162 1790 3226 (Psal.
1814 3162 1914 3227 17.)
1944 3178 1956 3214 :
1982 3177 2109 3215 cen-

513 3252 667 3293 sura:
719 3220 953 3291 tandem
989 3220 1203 3288 munus
1245 3220 1535 3298 arripiam,
1584 3220 1647 3285 ut
1677 3220 1938 3298 ingratis,
1975 3248 2109 3300 quas
2136 3220 2185 3295 C

511 3315 740 3365 fuerant
761 3311 968 3361 collata
992 3308 1332 3369 subducam,
1367 3318 1625 3369 ipsaeque
1663 3318 1801 3370 opes
1843 3304 2116 3360 liberatio-

510 3387 601 3436 nis
638 3382 933 3447 quoddam
966 3378 1311 3430 beneficium
1351 3382 1798 3440 consequantur,
1822 3381 1956 3429 cum
1980 3392 2111 3444 pro-

510 3456 834 3521 phanorum
856 3451 1065 3521 usibus
1090 3448 1527 3521 subtrahuntur.

572 3528 705 3577 ideo
746 3529 940 3575 autem
986 3520 1255 3570 distincte
1289 3517 1368 3567 ait
1399 3518 1581 3581 [Vers.
1608 3518 1706 3584 9.],
1735 3520 1964 3570 Sumam
1987 3524 2112 3587 [νη-

508 3602 751 3646 mentum
776 3596 834 3641 in
856 3598 1086 3654 tempore
1102 3603 1215 3648 suo,
1235 3593 1279 3635 et
1304 3587 1496 3635 vinum
1520 3590 1580 3636 in
1606 3595 1836 3655 tempore
1858 3608 1974 3656 suo,
1994 3600 2113 3657 quia

509 3681 627 3719 non
640 3672 728 3717 est
746 3665 979 3727 frugum
996 3673 1109 3711 una
1130 3658 1406 3722 collectio,
1420 3662 1692 3711 caeterum
1710 3663 1956 3715 diversis
1974 3670 2112 3719 anni

511 3736 864 3800 temporibus
895 3731 1124 3795 singula
1146 3742 1393 3793 quasque
1421 3731 1761 3795 rediguntur
1787 3740 1961 3799 atque
1984 3738 2111 3791 ideo

511 3819 762 3860 messem
780 3804 1014 3867 negabit
1037 3807 1232 3863 testas,
1250 3805 1565 3853 autumnus
1577 3803 2114 3872 vindemiam,mobi-

509 3880 728 3931 litatem
740 3878 947 3926 bruma
958 3872 1323 3937 subducet,et
1340 3874 1633 3938 continget
1649 3875 2112 3940 (inquit)crealuris

510 3948 779 4013 quaedam
815 3946 1090 4008 liberatio,
1132 3944 1181 3995 si
1205 3945 1287 3995 eis
1310 3958 1425 3996 non
1451 3951 1693 3997 utantur
1726 3947 1994 4003 immeriti
2021 3966 2038 4003 :
2065 3959 2111 4001 et

510 4020 742 4070 liberabo
769 4026 953 4069 lanam
973 4030 1168 4076 meam,
1194 4021 1241 4064 et
1265 4016 1444 4065 linum
1462 4031 1661 4082 meum,
1678 4022 2112 4084 quaeoperiebant

508 4092 879 4157 ignominiam
924 4089 1038 4154 ejus
1089 4087 1176 4139 Ad
1213 4090 1495 4140 mundum
1534 4091 1744 4155 quippe
1775 4093 2111 4147 muliebrem

508 4164 799 4227 eleganter
818 4162 1033 4219 allusit,
1047 4159 1199 4224 quod
1224 4161 1305 4211 ita
1319 4173 1490 4211 omne
1511 4175 1736 4226 corpus,
1761 4164 1822 4214 in
1842 4177 1958 4228 quo
1977 4173 2111 4220 sunt

507 4238 701 4299 aliqua
722 4234 1060 4294 verecunda,
1085 4233 1423 4290 contexerit,
1451 4236 1516 4283 ut
1532 4233 1670 4283 illud
1688 4238 1861 4285 etiam
1885 4246 2113 4287 venusta-

510 4310 615 4359 ret.
640 4310 823 4357 Acute
842 4311 1033 4357 tamen
1047 4303 1276 4355 videtur
1295 4303 1615 4367 ostendere,
1629 4306 1764 4367 quia
1778 4307 2112 4374 plerumque

509 4380 620 4430 sub
664 4376 1038 4443 prosperitate
1084 4376 1220 4426 vitas
1266 4387 1492 4426 reorum
1513 4377 1741 4427 foeditas
1766 4377 2103 4437 delitescat;

509 4461 657 4513 quos
704 4449 753 4499 si
803 4448 978 4513 digna
1024 4459 1227 4498 rursus
1266 4446 1457 4509 inopia
1482 4453 1884 4510 consequatur,
1912 4452 2112 4503 merita

509 4533 742 4585 quoque
765 4520 1068 4578 latuerant,
1099 4518 1463 4582 detegantur.

473 4598 483 4607 '
575 4593 734 4643 Vers.
786 4590 871 4645 10.
916 4618 975 4627 -
1018 4590 1090 4639 Et
1130 4605 1279 4639 nunc
1314 4590 1550 4639 revelabo
1572 4592 1857 4642 stultitiam
1898 4595 2013 4659 ejus
2048 4597 2107 4644 in

508 4664 677 4712 oculis
716 4667 1029 4711 amatorum
1052 4660 1183 4725 ejus.
1212 4661 1273 4711 Id
1299 4667 1406 4724 est,
1434 4661 1560 4714 illos
1584 4663 1762 4729 ipsos,
1787 4664 1886 4728 qui
1909 4672 2109 4719 aucto-

513 4746 624 4797 res,
639 4734 729 4785 vel
746 4733 1050 4797 participes
1065 4731 1298 4784 sceleris
1313 4734 1682 4800 exstiterunt,
1701 4740 2114 4800 consequentia

512 4817 705 4856 rerum
735 4806 967 4869 subiget
991 4806 1269 4870 confiteri,
1292 4807 1431 4857 nihil
1457 4809 1565 4859 hac
1589 4809 1822 4869 natione
1846 4810 2112 4863 stolidius

511 4889 660 4938 esse,
689 4888 862 4939 quam
887 4889 993 4927 nec
1017 4875 1254 4928 consilia
1271 4877 1607 4936 direxerint,
1624 4893 1732 4931 nec
1744 4882 2113 4945 periculacor-

509 4946 784 5005 rexerint,
812 4946 912 4997 sed
937 4960 1072 4998 eum
1097 4948 1409 5000 Dominum
1438 4952 1679 5013 ingratas
1704 4952 1915 5003 mentis
1932 4954 2114 5005 crimi-

509 5018 683 5069 nibus
716 5019 1122 5084 asperaveriut,
1136 5020 1308 5084 cujus
1324 5022 1655 5084 potentiam,
1674 5024 1933 5075 omnium
1950 5029 2108 5074 contio

512 5094 767 5153 nentem,
782 5097 899 5141 tam
923 5091 1180 5142 adversis
1194 5092 1315 5142 suis
1340 5092 1416 5141 sit
1438 5097 1693 5156 experta,
1709 5106 1885 5157 quam
1905 5111 2113 5158 prospe-

511 5161 608 5212 ris.
634 5162 884 5212 Revelabo
908 5174 1044 5226 ergo
1066 5162 1356 5211 stultitiam
1378 5162 1493 5225 ejus
1518 5166 1577 5212 in
1602 5165 1770 5213 oculis
1798 5172 2111 5217 amatorum

508 5232 640 5297 ejus,
658 5238 704 5283 et
726 5234 813 5283 vir
844 5249 959 5283 non
983 5239 1126 5282 eruet
1150 5247 1269 5281 eam
1294 5232 1356 5281 de
1370 5248 1545 5282 manu
1565 5250 1702 5285 mea.
1725 5235 1790 5286 Id
1805 5242 1897 5289 est
1913 5239 2110 5291 nullus

510 5305 618 5356 erit
639 5305 985 5371 principum,
1011 5316 1260 5367 quorum
1292 5309 1383 5356 est
1407 5304 1603 5356 secula
1626 5307 2108 5373 prophanitatem,

509 5377 606 5439 qui
639 5377 826 5441 possit
857 5387 987 5427 eam
1010 5386 1045 5426 a
1068 5387 1199 5427 mea
1221 5374 1615 5440 indignatione
1631 5379 1965 5435 defendere:
1992 5396 2109 5436 non

571 5529 587 5547 ·
614 5519 814 5572 Versio
846 5523 1043 5570 autem
1078 5518 1524 5585 Hieronymiana
1552 5526 1611 5575 et
1635 5522 1899 5589 Vulgata,
1916 5526 1983 5575 Et
2006 5541 2109 5575 res-

503 5603 623 5638 sare
650 5591 873 5654 faciam,
902 5591 1145 5644 Hebraeo
1166 5593 1444 5657 pressius.

568 5660 589 5689 ⁸³
614 5661 1007 5727 Supplendum
1030 5663 1257 5728 gaudio,
1286 5670 1387 5717 aut
1405 5665 1545 5729 quid
1570 5667 1771 5721 simile.

565 5742 587 5764 ο
609 5732 714 5806 Pro
732 5734 1012 5806 deponent.
1050 5735 1237 5806 initio
1288 5737 1700 5801 subsequentis
1738 5740 1971 5804 periodi,
2005 5754 2106 5806 pro

502 5800 658 5857 Quod
700 5802 944 5853 adnotat
977 5804 1131 5867 prior
1161 5805 1358 5858 Editor
1381 5800 1656 5871 scriptum
1675 5800 1759 5862 al.—
1790 5812 1876 5863 Et.
1903 5800 1968 5863 In
1991 5800 2106 5866 line

508 5874 702 5921 autem
718 5884 820 5933 pro
844 5874 1121 5922 vescendas
1141 5877 1572 5931 rescribendum
1595 5882 1896 5934 vescituras.

2138 4630 2194 4703 D

2219 530 2412 582 dinem
2436 529 2691 582 mulieris
2712 534 2769 581 et
2789 529 3045 581 virorum
3069 529 3260 580 oratio
3292 533 3579 593 suscepta
3595 532 3861 580 contexi-

2219 605 2327 662 tur,
2352 601 2479 653 ideo
2502 602 2599 665 ait,
2635 603 2773 665 quia
2794 614 2927 652 cum
2956 612 3025 652 ea
3048 600 3390 665 indignatio
3416 599 3629 651 divina
3652 613 3858 664 percu-

2218 670 2361 735 lerit,
2395 677 2680 724 amatores
2703 673 2829 736 ejus
2849 669 3392 739 408;nequibunt
3403 670 3457 723 ei
3475 684 3855 724 succurrere:

2219 755 2323 793 nec
2346 743 2612 807 miseriis,
2636 744 2849 806 quibus
2870 744 3173 795 obruenda
3185 743 3284 806 sit,
3304 743 3636 807 quicquam
3651 744 3853 795 afferre

2218 813 2422 865 solatii.

2280 887 2440 935 Vers.
2466 884 2551 939 11.
2578 912 2636 921 -
2662 883 2956 947 'Auferam
2985 898 3145 933 omne
3167 884 3457 947 gaudium
3482 884 3623 947 ejus,
3656 885 3851 933 solem-

2218 957 2440 1004 nitatem
2456 956 2585 1019 ejus,
2608 956 2947 1005 neomeniam
2972 955 3087 1019 ejus
3108 954 3405 1003 sabbatum
3421 955 3566 1018 ejus,
3589 961 3633 1003 et
3661 960 3848 1004 omnis

2215 1027 2351 1089 festa
2375 1032 2615 1091 tempora
2646 1027 2776 1091 ejus.
2817 1027 3013 1078 Posuit
3035 1026 3283 1077 nomina
3305 1025 3622 1088 feriarum,
3648 1027 3702 1077 in
3724 1029 3847 1090 qui-

2218 1099 2327 1148 bus
2364 1099 2676 1162 plurimum
2709 1097 3035 1159 laetabatur,
3074 1109 3208 1148 cum
3245 1100 3375 1148 tota
3399 1097 3572 1161 regio
3607 1097 3846 1153 choreis.

2216 1171 2455 1221 canticis
2484 1169 2783 1234 epulisque
2805 1168 3132 1220 lasciviret:
3171 1181 3311 1231 quae
3346 1169 3571 1231 utique
3593 1167 3845 1220 luxuries

2215 1254 2332 1293 non
2360 1242 2587 1305 vigebat
2623 1241 2753 1297 nisi,
2783 1253 2912 1290 cum
2937 1238 3191 1303 populus
3212 1239 3334 1290 alta
3357 1251 3515 1303 pace
3543 1239 3841 1292 frueretur.

2217 1313 2515 1375 Universa,
2529 1312 2734 1374 inquit,
2756 1310 2884 1363 hac
2895 1310 3200 1361 contrariis
3211 1312 3648 1374 mutabuntur,
3674 1317 3843 1362 eice!-

2216 1389 2381 1435 sante
2406 1384 2445 1446 ι’,
2470 1382 2662 1434 luctus
2687 1382 3071 1449 adhibebitur,
3094 1381 3377 1433 feriarum
3392 1387 3670 1446 tempora
3693 1387 3845 1444 capti-

2214 1456 2362 1506 vitas
2385 1455 2706 1518 occupabit,
2735 1453 2957 1504 sabbati
2981 1453 3099 1504 otia
3125 1452 3293 1504 labor
3307 1458 3841 1506 mrumnosaami-

2218 1527 2358 1578 tutis
2381 1526 2665 1591 implebit:
2695 1537 2799 1575 nec
2823 1524 3011 1577 solum
3037 1529 3201 1575 tanta
3222 1525 3588 1588 captivitate
3600 1525 3837 1587 libertas,

2215 1602 2318 1648 sed
2352 1598 2527 1648 etiam
2562 1602 2841 1647 terrarum
2886 1595 3236 1647 foecunditas
3264 1595 3517 1659 lugubri
3545 1596 3836 1648 sterilitate

2215 1668 2545 1719 mutabitur.

2277 1740 2437 1789 Vers.
2467 1736 2552 1792 12.
2599 1765 2658 1775 -
2703 1741 3071 1793 Corrumpam
3116 1737 3274 1787 enim
3307 1738 3549 1787 vineam
3574 1740 3833 1802 ejusdﬁ-

2213 1825 2333 1859 cum
2389 1810 2518 1874 ejus,
2566 1809 2628 1860 de
2672 1808 2863 1872 quibus
2903 1807 3066 1869 dixit,
3114 1808 3383 1857 Mercedes
3425 1810 3669 1858 neme:
3696 1816 3830 1869 sarit,

2218 1897 2355 1945 quas
2377 1881 2636 1930 dederunt
2662 1878 2804 1926 mihi
2835 1883 3107 1927 amatores
3127 1878 3234 1926 mei
3270 1893 3283 1928 :
3306 1884 3355 1927 et
3381 1894 3609 1942 ponam
3642 1895 3749 1929 eam
3774 1883 3825 1927 ia

2214 1953 2433 2013 saltum,
2476 1957 2523 2000 et
2566 1952 2794 1999 comedet
2824 1949 2978 1998 illam
3002 1949 3167 1998 bestia
3190 1950 3333 2013 agri.
3355 1952 3702 2002 Exsecutus
3727 1956 3828 2007 est,

2216 2025 2353 2088 quid
2374 2023 2619 2087 partium
2637 2022 2847 2072 damna
2863 2021 3236 2084 conficerent,
3263 2020 3322 2072 id
3335 2026 3453 2086 est,
3467 2036 3612 2073 cum
3630 2026 3827 2071 culum:

2216 2094 2579 2151 sedulitatem
2585 2092 2743 2156 jugis
2756 2092 2924 2143 fuerit
2939 2096 3255 2143 consecuta
3269 2092 3606 2154 frustratio,
3619 2098 3831 2144 arumni-

2216 2171 2393 2217 tatem
2425 2165 2742 2229 pristinam,
2775 2163 3122 2215 succedente
3139 2162 3436 2227 squalore.
3461 2178 3625 2227 rura,
3651 2174 3669 2195 ε
3690 2181 3833 2225 exp-o-

2214 2243 2373 2297 nent,
2402 2239 2615 2299 fletque
2648 2235 2848 2287 lustris
2883 2236 3093 2297 potius,
3135 2247 3313 2298 quam
3338 2236 3506 2300 agris
3533 2238 3694 2301 regio
3717 2242 3827 2287 tota

2215 2309 2551 2370 consimilis,
2573 2307 2749 2364 idest,
2773 2318 2905 2369 quae
2932 2306 3068 2357 feris
3097 2306 3343 2370 dignior,
3382 2320 3573 2370 quam
3602 2309 3831 2359 homini.

2216 2381 2327 2431 bus
2351 2382 2671 2431 censeatur.
2689 2378 2851 2439 Quod
2876 2379 3151 2440 quoniam
3166 2379 3313 2428 hanc
3332 2378 3555 2430 faciem
3567 2382 3827 2427 colentium

2213 2452 2417 2502 raritas
2469 2454 2592 2501 erat
2641 2448 2883 2508 illatura,
2938 2447 3233 2511 eleganter
3261 2451 3591 2512 expressit,
3625 2450 3827 2501 bestias

2210 2521 2332 2583 agri
2356 2522 2484 2584 ejus
2508 2519 2789 2570 fructibus
2823 2531 2954 2569 esse
2980 2519 3322 2570 vescendas.
3350 2522 3586 2585 Sponte
3611 2535 3733 2583 sua,
3756 2523 3829 2573 iu-

2212 2595 2355 2655 quit,
2381 2593 2578 2641 lumen
2602 2589 2839 2640 rationis
2861 2589 3090 2652 abjecit,
3120 2594 3177 2640 et
3209 2594 3346 2654 post
3377 2593 3737 2657 satietatem,
3758 2598 3829 2644 at-

2212 2674 2325 2727 que
2347 2661 2860 2726 impinguationem
2884 2661 3202 2711 calcitravit
3225 2660 3503 2726 dilectus,
3516 2676 3589 2714 ac
3614 2668 3823 2715 tantum

2214 2733 2441 2799 proprio
2471 2731 2972 2795 impudentissima
2999 2743 3145 2795 gens
3171 2731 3315 2782 favit
3338 2735 3551 2797 errori,
3572 2741 3636 2786 ut
3656 2739 3824 2795 gaudia

2214 2804 2390 2870 pacis,
2415 2808 2474 2854 et
2500 2814 2693 2853 rerum
2717 2802 2955 2866 copiam,
2981 2814 3227 2865 quorum
3251 2805 3823 2865 continuationem,si

2212 2877 2419 2927 fuisset
2431 2880 2591 2925 casta
2606 2886 2672 2924 ac
2695 2874 2916 2936 devota,
2932 2873 2986 2924 ei
3002 2875 3409 2937 promiseram,
3430 2877 3561 2928 suis
3585 2890 3819 2939 (ιω-πυρω-

2208 2948 2367 2999 ribus
2411 2946 2649 2996 auderet
2691 2945 3053 2995 adscribere:
3089 2944 3217 2996 ideo
3266 2945 3648 3014 Ιλωοηεὶοιιι
3694 2950 3816 3003 dixi.

2211 3031 2345 3084 pars
2374 3017 2481 3069 erit
2506 3017 2686 3081 prima
2700 3016 2991 3077 vindictae,
3014 3017 3203 3081 uthis,
3229 3019 3457 3080 quibus
3470 3032 3599 3071 non
3614 3025 3815 3072 estbezte

2211 3102 2337 3153 usa,
2365 3092 2420 3141 et
2443 3088 2671 3152 gaudiis
2695 3093 2945 3139 exuatur
2966 3092 3026 3139 et
3047 3089 3248 3152 copiis,
3272 3090 3576 3155 sciatque,
3592 3096 3812 3154 quoniam

2214 3162 2339 3212 huic
2364 3158 2455 3210 ille
2481 3160 2765 3223 propicius
2793 3162 2927 3209 ante
2952 3161 3281 3222 contulerit,
3323 3163 3430 3224 qui
3456 3165 3653 3226 potuit
3675 3163 3812 3214 dein-

2211 3244 2345 3295 ceps
2382 3232 2564 3281 iratus
2602 3228 2839 3280 auferre.
2878 3229 3095 3278 Ponam
3134 3245 3275 3293 eam,
3302 3232 3524 3296 inquit,
3553 3236 3613 3283 in
3638 3235 3813 3283 saltum

2212 3308 2258 3351 et
2281 3302 2508 3351 comedet
2546 3300 2701 3350 illam
2743 3300 2904 3350 bestia
2940 3302 3084 3364 agri.
3114 3304 3472 3367 Permittam,
3502 3306 3607 3368 ait,
3634 3312 3698 3357 ut
3728 3306 3815 3358 ho-

2215 3373 2331 3424 stili
2355 3377 2728 3425 consumatur
2748 3372 3003 3436 incursu,
3028 3374 3230 3438 sicque
3247 3374 3415 3426 nullo
3443 3390 3600 3429 mem
3611 3380 3815 3439 disposi-

2218 3445 2389 3495 tionis
2412 3444 2708 3495 muniatur
2728 3445 2976 3507 objectu,
3004 3444 3277 3496 sicutnec
3295 3445 3508 3507 saltus,
3525 3462 3637 3499 nec
3653 3449 3816 3501 lustra

2213 3517 2484 3567 laboratis
2508 3516 2743 3580 sepibus
2765 3515 2983 3566 claudit
3004 3515 3279 3578 agricola.
3304 3518 3377 3569 Et
3401 3520 3551 3581 quia
3574 3522 3815 3569 videbatur

2214 3600 2411 3640 veram
2436 3587 2778 3638 sententiam
2796 3587 3127 3651 protulisse,
3146 3600 3424 3640 caussam
3438 3590 3814 3656 denuoipsius

2215 3658 2685 3711 commonitionis
2718 3656 2992 3722 adnectit,
3024 3664 3091 3709 ut
3122 3658 3331 3711 doceat
3355 3674 3423 3711 se
3438 3663 3693 3725 justitiaa
3718 3675 3812 3713 ma—

2214 3731 2305 3795 gis
2327 3743 2500 3794 quam
2526 3730 2646 3801 iraa,
2686 3729 2960 3801 quicquid
2983 3729 3303 3792 infremuit,
3329 3736 3703 3796 praestitisse.

2278 3804 2439 3853 Vers.
2475 3800 2558 3855 13.
2576 3829 2636 3837 —
2661 3803 2730 3852 Et
2746 3800 2986 3863 visitabo,
3014 3802 3115 3866 ait,
3128 3818 3433 3867 supeream
3459 3806 3804 3863 diesBaalim,

2214 3872 2411 3938 quibus
2434 3874 2741 3923 incendebat
2758 3876 3055 3932 incensum,
3082 3879 3130 3922 et
3152 3875 3470 3924 Ornabatur
3492 3878 3695 3927 inaun
3720 3893 3801 3927 sua

2212 3951 2257 3993 et
2306 3946 2499 3994 monili
2523 3960 2639 4009 suo,
2664 3951 2709 3994 et
2733 3945 2823 3995 iba
2843 3951 2961 4009 post
2989 3952 3263 3996 amatores
3299 3964 3450 4013 suos,
3474 3956 3525 3999 et
3550 3952 3657 4001 mei
3685 3951 3803 4000 obli-

2211 4016 2525 4077 viscebatur,
2573 4017 2700 4065 dicit
2736 4017 3019 4067 Dominus.
3063 4018 3193 4070 Non
3225 4031 3410 4085 nunc,
3452 4022 3663 4086 inquit,
3687 4025 3810 4074 inter

2212 4089 2486 4161 peccandi
2518 4092 2783 4161 versatur
2805 4089 3058 4150 exordia,
3087 4095 3153 4141 ut
3187 4103 3469 4155 processu
3510 4096 3772 4161 temporis
3794 4094 3807 4121 ‘

2212 4160 2601 4211 suilundenda
2624 4159 2891 4212 credatur
2917 4174 2931 4210 :
2956 4162 3094 4212 olim
3125 4174 3262 4212 cum
3297 4164 3430 4227 ejus
3464 4159 3808 4230 improbitate

2212 4231 2487 4295 patientia
2527 4236 2727 4282 nostra
2761 4231 3077 4293 contendit,
3132 4245 3240 4283 nec
3279 4237 3482 4286 tamen
3512 4236 3723 4301 aliquid
3747 4234 3803 4287 ad

2211 4302 2671 4354 emendationem
2695 4303 3105 4368 promovimus,
3120 4306 3361 4367 quando
3377 4306 3509 4359 haec
3519 4308 3583 4360 in
3598 4322 3700 4361 sua
3709 4324 3802 4369 pm-

2212 4374 2446 4426 fanitate
2468 4376 2787 4427 consenuit.
2806 4376 2889 4427 Ne
2903 4388 3041 4439 ergo
3063 4377 3240 4428 etiam
3251 4379 3272 4441 j
3285 4379 3475 4432 udicis
3487 4380 3699 4434 famam
3720 4386 3800 4429 im-

2210 4447 2441 4509 punitas
2485 4445 2658 4511 longa
2680 4446 3077 4510 commaculet,
3105 4453 3164 4499 et
3194 4449 3400 4502 videar
3424 4453 3644 4517 fovere,
3668 4456 3794 4517 quod

2213 4517 2431 4568 tamdiu
2455 4517 2647 4580 vigere
2663 4519 2947 4583 permitto,
2973 4531 3317 4583 quanquam
3343 4535 3497 4586 sero,
3518 4529 3709 4576 tamen
3726 4523 3797 4574 vel

2216 4589 2449 4662 demum
2465 4588 2538 4640 ad
2553 4602 2699 4662 opus
2712 4589 2946 4641 ultionis
2955 4592 3322 4662 accingar,ut
3332 4606 3669 4662 expungam
3680 4602 3802 4647 etiam

2216 4659 2344 4734 illos
2378 4660 2518 4724 dies,
2545 4660 2759 4724 quibus
2786 4662 3030 4734 Baalitn,
3042 4661 3198 4713 idolo
3223 4659 3501 4719 videlicet
3523 4659 3808 4734 turpitudi-

2213 4732 2323 4794 nis,
2349 4736 2577 4795 compta
2599 4734 2838 4796 insuper
2859 4733 3192 4795 monilibus,
3222 4738 3539 4794 serviebat.
3558 4732 3713 4804 Quod
3728 4754 3808 4790 au-

2214 4808 2330 4854 tem
2356 4816 2472 4854 non
2497 4804 2686 4854 solum
2708 4804 3029 4866 monilium,
3049 4805 3153 4856 sed
3179 4808 3367 4860 etiam
3392 4811 3685 4865 inaurium
3696 4813 3805 4863 fecit

2213 4875 2581 4948 mentionem,
2613 4888 2920 4948 possumus
2949 4876 3183 4939 quidem
3209 4878 3430 4945 dicere,
3461 4886 3599 4947 quia
3621 4885 3808 4948 quibus

2212 4942 2390 5014 409
2409 4953 2710 4999 comantur
2720 4947 2991 5009 fosminaa,
3005 4942 3606 5019 nominaveritpauca
3616 4942 3683 5008 de
3703 4957 3807 5003 mul-

2215 5022 2304 5069 tis.
2333 5020 2551 5097 Patitur
2573 5024 2766 5097 tamen
2792 5019 2951 5097 locus
2967 5058 2982 5083 ,
3004 5025 3067 5071 ut
3087 5021 3320 5097 aliquid
3338 5026 3630 5097 subtilius
3652 5032 3808 5077 lﬂera-
3836 5050 3837 5097 ᾖ

2212 5102 2360 5154 mus,
2409 5091 2466 5142 id
2500 5095 2611 5155 est,
2633 5092 2919 5143 inaurium
2945 5092 3179 5144 nomine
3202 5096 3543 5149 obedientia
3568 5098 3807 5150 videatur

2211 5167 2461 5214 ostensa.
2487 5166 2560 5216 Et
2577 5166 2848 5228 quoniam
2872 5155 3017 5216 tunc?
3034 5166 3290 5229 populus
3305 5169 3650 5223 Judaaorum
3670 5170 3806 5222 solus

2210 5240 2500 5307 praestita
2520 5236 2682 5299 legis,
2707 5237 2919 5300 quibus
2942 5228 3223 5302 obediret,
3249 5247 3593 5307 acceperat,
3623 5242 3804 5294 merito
3834 5228 3835 5245 ¹

2210 5306 2378 5370 quasi
2399 5307 2690 5360 inaurium
2715 5311 3053 5360 ornamenta
3064 5311 3360 5374 gestabat.
3381 5314 3496 5365 Sed
3517 5306 3802 5378 postquam

2212 5380 2440 5433 funesto
2465 5380 2738 5445 deceptus
2762 5384 3066 5445 esterrore,
3081 5385 3146 5432 ut
3162 5382 3465 5437 ldolorum
3482 5387 3683 5438 ritibus
3697 5387 3800 5433 Sub-

2272 5523 2293 5552 δ
2321 5523 2599 5586 Quadam
2633 5525 2695 5577 in
2716 5524 2975 5590 proxime
2996 5525 3295 5591 superiore
3320 5531 3636 5596 Scriptura:
3657 5532 3797 5582 textu
3830 5542 3831 5557 ι

2209 5596 2602 5656 emendamus,
2648 5602 2713 5649 ut
2754 5601 2845 5649 est
2875 5596 3018 5649 illud
3052 5599 3377 5650 incendebat
3401 5616 3510 5667 pro
3542 5600 3790 5653 incedebat.

2207 5668 2347 5719 Heic
2374 5634 2602 5720 videtur:
2634 5668 2804 5733 priori
2838 5668 3052 5720 Editori
3075 5669 3289 5723 deesse
3326 5634 3564 5737 ρυῗίἓίοε,
3588 5634 3681 5726 aut
3702 5671 3789 5722 tale
3828 5634 3829 5709 ι

2206 5739 2519 5811 quidpiam.
2544 5742 2610 5794 In
2634 5741 3046 5805 subsequentis
3074 5742 3299 5805 periodi
3327 5746 3518 5810 priore
3540 5751 3688 5811 parte
3705 5754 3785 5807 pro

2206 5811 2379 5860 videat
2401 5810 2592 5874 fovere,
2617 5811 3016 5877 rescripsimus
3034 5813 3247 5879 videar,
3273 5820 3389 5868 etc.
