  <div class='ocr_page' id='page_1' title='image "/cluster/home/n/w/nwhite01/storage/ocr_20150623/20-21/uva.x000826555/1102.png"; bbox 0 0 3880 6222; ppageno 0'>
   <div class='ocr_carea' id='block_1_1' title="bbox 0 339 136 394">
    <p class='ocr_par' dir='ltr' id='par_1_1' title="bbox 0 339 136 394">
     <span class='ocr_line' id='line_1_1' title="bbox 0 339 136 394; baseline -0.007 0"><span class='ocrx_word' id='word_1_1' title='bbox 0 339 136 394; x_wconf 86' lang='grc'>977</span> 
     </span>
    </p>
   </div>
   <div class='ocr_carea' id='block_1_2' title="bbox 952 333 2477 390">
    <p class='ocr_par' dir='ltr' id='par_1_2' title="bbox 952 333 2477 390">
     <span class='ocr_line' id='line_1_2' title="bbox 952 333 2477 390; baseline -0.001 -2"><span class='ocrx_word' id='word_1_2' title='bbox 952 337 1024 388; x_wconf 87' lang='lat' dir='ltr'><strong>IN</strong></span> <span class='ocrx_word' id='word_1_3' title='bbox 1060 337 1301 390; x_wconf 80' lang='lat' dir='ltr'>OSEAM</span> <span class='ocrx_word' id='word_1_4' title='bbox 1335 333 1921 389; x_wconf 77' lang='lat' dir='ltr'>COMMENTARIUS.</span> <span class='ocrx_word' id='word_1_5' title='bbox 1957 336 2165 388; x_wconf 86' lang='lat' dir='ltr'>LIBER</span> <span class='ocrx_word' id='word_1_6' title='bbox 2201 336 2477 389; x_wconf 77' lang='lat' dir='ltr'>PRIMUS.</span> 
     </span>
    </p>
   </div>
   <div class='ocr_carea' id='block_1_3' title="bbox 3252 335 3357 392">
    <p class='ocr_par' dir='ltr' id='par_1_3' title="bbox 3252 335 3357 392">
     <span class='ocr_line' id='line_1_3' title="bbox 3252 335 3357 392; baseline 0.029 -3"><span class='ocrx_word' id='word_1_7' title='bbox 3252 335 3357 392; x_wconf 84' lang='lat'>978</span> 
     </span>
    </p>
   </div>
   <div class='ocr_carea' id='block_1_4' title="bbox 0 444 3356 523">
    <p class='ocr_par' dir='ltr' id='par_1_4' title="bbox 0 444 3356 523">
     <span class='ocr_line' id='line_1_4' title="bbox 0 444 3356 523; baseline 0.001 -22"><span class='ocrx_word' id='word_1_8' title='bbox 0 450 308 523; x_wconf 88' lang='lat' dir='ltr'>deretur,</span> <span class='ocrx_word' id='word_1_9' title='bbox 326 448 584 523; x_wconf 73' lang='lat' dir='ltr'>idipsum</span> <span class='ocrx_word' id='word_1_10' title='bbox 608 448 895 523; x_wconf 87' lang='lat' dir='ltr'>pracipue</span> <span class='ocrx_word' id='word_1_11' title='bbox 922 461 1077 501; x_wconf 88' lang='lat' dir='ltr'>nunc</span> <span class='ocrx_word' id='word_1_12' title='bbox 1104 450 1485 515; x_wconf 82' lang='lat' dir='ltr'>exprobatum</span> <span class='ocrx_word' id='word_1_13' title='bbox 1498 452 1661 523; x_wconf 83' lang='lat' dir='ltr'>pute-</span> <span class='ocrx_word' id='word_1_14' title='bbox 1688 449 1745 523; x_wconf 72' lang='grc' dir='ltr'>Α</span> <span class='ocrx_word' id='word_1_15' title='bbox 1766 457 1863 523; x_wconf 78' lang='lat' dir='ltr'>cor</span> <span class='ocrx_word' id='word_1_16' title='bbox 1884 444 2117 510; x_wconf 77' lang='lat' dir='ltr'>directa,</span> <span class='ocrx_word' id='word_1_17' title='bbox 2140 449 2654 523; x_wconf 80' lang='lat' dir='ltr'>promulgationem</span> <span class='ocrx_word' id='word_1_18' title='bbox 2681 451 2899 503; x_wconf 82' lang='lat' dir='ltr'>indicat</span> <span class='ocrx_word' id='word_1_19' title='bbox 2921 449 3083 523; x_wconf 83' lang='lat' dir='ltr'>legis,</span> <span class='ocrx_word' id='word_1_20' title='bbox 3108 461 3242 513; x_wconf 86' lang='lat' dir='ltr'>qua</span> <span class='ocrx_word' id='word_1_21' title='bbox 3258 464 3356 504; x_wconf 90' lang='lat' dir='ltr'>au-</span> 
     </span>
    </p>
   </div>
   <div class='ocr_carea' id='block_1_5' title="bbox 0 519 1662 585">
    <p class='ocr_par' dir='ltr' id='par_1_5' title="bbox 0 519 1662 585">
     <span class='ocr_line' id='line_1_5' title="bbox 0 519 1662 585; baseline 0 -14"><span class='ocrx_word' id='word_1_22' title='bbox 0 532 197 572; x_wconf 86' lang='lat' dir='ltr'>mus.</span> <span class='ocrx_word' id='word_1_23' title='bbox 231 521 325 571; x_wconf 86' lang='lat' dir='ltr'>Ac</span> <span class='ocrx_word' id='word_1_24' title='bbox 359 519 411 571; x_wconf 90' lang='lat' dir='ltr'>si</span> <span class='ocrx_word' id='word_1_25' title='bbox 433 519 684 573; x_wconf 76' lang='lat' dir='ltr'>diceret:</span> <span class='ocrx_word' id='word_1_26' title='bbox 714 521 935 572; x_wconf 86' lang='lat' dir='ltr'>Aurum</span> <span class='ocrx_word' id='word_1_27' title='bbox 959 525 1018 572; x_wconf 93' lang='lat' dir='ltr'>et</span> <span class='ocrx_word' id='word_1_28' title='bbox 1038 526 1343 585; x_wconf 80' lang='lat' dir='ltr'>argentum</span> <span class='ocrx_word' id='word_1_29' title='bbox 1365 520 1541 584; x_wconf 88' lang='lat' dir='ltr'>quod,</span> <span class='ocrx_word' id='word_1_30' title='bbox 1569 532 1662 571; x_wconf 90' lang='lat' dir='ltr'>me</span> 
     </span>
    </p>
   </div>
   <div class='ocr_carea' id='block_1_6' title="bbox 0 589 1663 657">
    <p class='ocr_par' dir='ltr' id='par_1_6' title="bbox 0 589 1663 657">
     <span class='ocr_line' id='line_1_6' title="bbox 0 589 1663 657; baseline 0 -16"><span class='ocrx_word' id='word_1_31' title='bbox 0 595 310 653; x_wconf 72' lang='lat' dir='ltr'>creante,</span> <span class='ocrx_word' id='word_1_32' title='bbox 343 592 492 643; x_wconf 88' lang='lat' dir='ltr'>terra</span> <span class='ocrx_word' id='word_1_33' title='bbox 536 589 869 656; x_wconf 86' lang='lat' dir='ltr'>protulerat,</span> <span class='ocrx_word' id='word_1_34' title='bbox 911 605 1005 644; x_wconf 91' lang='lat' dir='ltr'>me</span> <span class='ocrx_word' id='word_1_35' title='bbox 1050 592 1344 657; x_wconf 70' lang='lat' dir='ltr'>largiente,</span> <span class='ocrx_word' id='word_1_36' title='bbox 1371 603 1663 656; x_wconf 78' lang='lat' dir='ltr'>synagoga</span> 
     </span>
    </p>
   </div>
   <div class='ocr_carea' id='block_1_7' title="bbox 2 662 1660 727">
    <p class='ocr_par' dir='ltr' id='par_1_7' title="bbox 2 662 1660 727">
     <span class='ocr_line' id='line_1_7' title="bbox 2 662 1660 727; baseline -0.001 -14"><span class='ocrx_word' id='word_1_37' title='bbox 2 663 413 727; x_wconf 76' lang='lat' dir='ltr'>susceperat,</span> <span class='ocrx_word' id='word_1_38' title='bbox 426 662 895 726; x_wconf 87' lang='lat' dir='ltr'>reliquarumque</span> <span class='ocrx_word' id='word_1_39' title='bbox 905 676 1100 716; x_wconf 89' lang='lat' dir='ltr'>rerum</span> <span class='ocrx_word' id='word_1_40' title='bbox 1110 663 1429 727; x_wconf 87' lang='lat' dir='ltr'>copiam,ad</span> <span class='ocrx_word' id='word_1_41' title='bbox 1441 663 1660 714; x_wconf 88' lang='lat' dir='ltr'>cultum</span> 
     </span>
    </p>
   </div>
   <div class='ocr_carea' id='block_1_8' title="bbox 5 732 1663 798">
    <p class='ocr_par' dir='ltr' id='par_1_8' title="bbox 5 732 1663 798">
     <span class='ocr_line' id='line_1_8' title="bbox 5 732 1663 798; baseline -0.001 -13"><span class='ocrx_word' id='word_1_42' title='bbox 5 740 81 785; x_wconf 88' lang='lat' dir='ltr'>et</span> <span class='ocrx_word' id='word_1_43' title='bbox 137 737 432 785; x_wconf 86' lang='lat' dir='ltr'>ornatum</span> <span class='ocrx_word' id='word_1_44' title='bbox 477 733 764 785; x_wconf 86' lang='lat' dir='ltr'>Idolorum</span> <span class='ocrx_word' id='word_1_45' title='bbox 809 734 1041 798; x_wconf 82' lang='lat' dir='ltr'>impiata</span> <span class='ocrx_word' id='word_1_46' title='bbox 1064 744 1081 763; x_wconf 88' lang='grc'><strong>·</strong></span> <span class='ocrx_word' id='word_1_47' title='bbox 1115 734 1391 796; x_wconf 82' lang='lat' dir='ltr'>convixit,</span> <span class='ocrx_word' id='word_1_48' title='bbox 1424 738 1484 786; x_wconf 92' lang='lat' dir='ltr'>et</span> <span class='ocrx_word' id='word_1_49' title='bbox 1523 732 1663 785; x_wconf 89' lang='lat' dir='ltr'>illud</span> 
     </span>
    </p>
   </div>
   <div class='ocr_carea' id='block_1_9' title="bbox 6 804 1665 870">
    <p class='ocr_par' dir='ltr' id='par_1_9' title="bbox 6 804 1665 870">
     <span class='ocr_line' id='line_1_9' title="bbox 6 804 1665 870; baseline -0.001 -14"><span class='ocrx_word' id='word_1_50' title='bbox 6 805 286 869; x_wconf 81' lang='lat' dir='ltr'>insigne</span> <span class='ocrx_word' id='word_1_51' title='bbox 311 804 676 867; x_wconf 88' lang='lat' dir='ltr'>obedientia,</span> <span class='ocrx_word' id='word_1_52' title='bbox 692 817 805 868; x_wconf 91' lang='lat' dir='ltr'>quo</span> <span class='ocrx_word' id='word_1_53' title='bbox 830 807 981 857; x_wconf 90' lang='lat' dir='ltr'>inter</span> <span class='ocrx_word' id='word_1_54' title='bbox 1002 805 1254 869; x_wconf 90' lang='lat' dir='ltr'>reliquos</span> <span class='ocrx_word' id='word_1_55' title='bbox 1278 806 1521 870; x_wconf 92' lang='lat' dir='ltr'>populos</span> <span class='ocrx_word' id='word_1_56' title='bbox 1544 804 1665 856; x_wconf 90' lang='lat' dir='ltr'>sola</span> 
     </span>
    </p>
   </div>
   <div class='ocr_carea' id='block_1_10' title="bbox 11 875 1662 941">
    <p class='ocr_par' dir='ltr' id='par_1_10' title="bbox 11 875 1662 941">
     <span class='ocr_line' id='line_1_10' title="bbox 11 875 1662 941; baseline -0.001 -15"><span class='ocrx_word' id='word_1_57' title='bbox 11 875 329 941; x_wconf 88' lang='lat' dir='ltr'>pollebat,</span> <span class='ocrx_word' id='word_1_58' title='bbox 361 876 831 929; x_wconf 80' lang='lat' dir='ltr'>erubescentibus</span> <span class='ocrx_word' id='word_1_59' title='bbox 864 877 1071 928; x_wconf 86' lang='lat' dir='ltr'>ritibus</span> <span class='ocrx_word' id='word_1_60' title='bbox 1105 876 1467 941; x_wconf 89' lang='lat' dir='ltr'>mancipavit.</span> <span class='ocrx_word' id='word_1_61' title='bbox 1490 877 1662 927; x_wconf 74' lang='lat' dir='ltr'>Esti—</span> 
     </span>
    </p>
   </div>
   <div class='ocr_carea' id='block_1_11' title="bbox 12 946 1664 1012">
    <p class='ocr_par' dir='ltr' id='par_1_11' title="bbox 12 946 1664 1012">
     <span class='ocr_line' id='line_1_11' title="bbox 12 946 1664 1012; baseline 0.001 -14"><span class='ocrx_word' id='word_1_62' title='bbox 12 959 353 1011; x_wconf 88' lang='lat' dir='ltr'>mansque</span> <span class='ocrx_word' id='word_1_63' title='bbox 398 947 554 1012; x_wconf 92' lang='lat' dir='ltr'>quod</span> <span class='ocrx_word' id='word_1_64' title='bbox 596 948 659 999; x_wconf 90' lang='lat' dir='ltr'>in</span> <span class='ocrx_word' id='word_1_65' title='bbox 706 960 775 999; x_wconf 92' lang='lat' dir='ltr'>ea</span> <span class='ocrx_word' id='word_1_66' title='bbox 817 948 952 1000; x_wconf 92' lang='lat' dir='ltr'>olim</span> <span class='ocrx_word' id='word_1_67' title='bbox 989 947 1192 1011; x_wconf 82' lang='lat' dir='ltr'>fuerat,</span> <span class='ocrx_word' id='word_1_68' title='bbox 1240 946 1664 1012; x_wconf 86' lang='lat' dir='ltr'>pulchritudine</span> 
     </span>
    </p>
   </div>
   <div class='ocr_carea' id='block_1_12' title="bbox 14 1019 1666 1083">
    <p class='ocr_par' dir='ltr' id='par_1_12' title="bbox 14 1019 1666 1083">
     <span class='ocr_line' id='line_1_12' title="bbox 14 1019 1666 1083; baseline 0 -14"><span class='ocrx_word' id='word_1_69' title='bbox 14 1024 444 1083; x_wconf 83' lang='lat' dir='ltr'>permaneret,</span> <span class='ocrx_word' id='word_1_70' title='bbox 468 1019 821 1082; x_wconf 86' lang='lat' dir='ltr'>sequebatur</span> <span class='ocrx_word' id='word_1_71' title='bbox 851 1023 1140 1071; x_wconf 82' lang='lat' dir='ltr'>amatores</span> <span class='ocrx_word' id='word_1_72' title='bbox 1168 1032 1306 1070; x_wconf 92' lang='lat' dir='ltr'>suos</span> <span class='ocrx_word' id='word_1_73' title='bbox 1338 1031 1470 1069; x_wconf 90' lang='lat' dir='ltr'>cum</span> <span class='ocrx_word' id='word_1_74' title='bbox 1504 1020 1666 1070; x_wconf 84' lang='lat' dir='ltr'>tanta</span> 
     </span>
    </p>
   </div>
   <div class='ocr_carea' id='block_1_13' title="bbox 16 1089 1666 1156">
    <p class='ocr_par' dir='ltr' id='par_1_13' title="bbox 16 1089 1666 1156">
     <span class='ocr_line' id='line_1_13' title="bbox 16 1089 1666 1156; baseline -0.001 -15"><span class='ocrx_word' id='word_1_75' title='bbox 16 1090 291 1154; x_wconf 75' lang='lat' dir='ltr'>fiducia,</span> <span class='ocrx_word' id='word_1_76' title='bbox 331 1103 454 1143; x_wconf 87' lang='lat' dir='ltr'>eam</span> <span class='ocrx_word' id='word_1_77' title='bbox 492 1089 661 1156; x_wconf 90' lang='lat' dir='ltr'>plene</span> <span class='ocrx_word' id='word_1_78' title='bbox 689 1094 754 1143; x_wconf 90' lang='lat' dir='ltr'>ut</span> <span class='ocrx_word' id='word_1_79' title='bbox 784 1090 966 1144; x_wconf 89' lang='lat' dir='ltr'>nostri</span> <span class='ocrx_word' id='word_1_80' title='bbox 995 1090 1255 1143; x_wconf 90' lang='lat' dir='ltr'>numinis</span> <span class='ocrx_word' id='word_1_81' title='bbox 1278 1090 1497 1141; x_wconf 82' lang='lat' dir='ltr'>subiret</span> <span class='ocrx_word' id='word_1_82' title='bbox 1520 1089 1666 1141; x_wconf 88' lang='lat' dir='ltr'>obli-</span> 
     </span>
    </p>
   </div>
   <div class='ocr_carea' id='block_1_14' title="bbox 18 1174 157 1213">
    <p class='ocr_par' dir='ltr' id='par_1_14' title="bbox 18 1174 157 1213">
     <span class='ocr_line' id='line_1_14' title="bbox 18 1174 157 1213; baseline -0.007 -1"><span class='ocrx_word' id='word_1_83' title='bbox 18 1174 157 1213; x_wconf 79' lang='lat' dir='ltr'>V10.</span> 
     </span>
    </p>
   </div>
   <div class='ocr_carea' id='block_1_15' title="bbox 96 1232 1661 1299">
    <p class='ocr_par' dir='ltr' id='par_1_15' title="bbox 96 1232 1661 1299">
     <span class='ocr_line' id='line_1_15' title="bbox 96 1232 1661 1299; baseline -0.002 -16"><span class='ocrx_word' id='word_1_84' title='bbox 96 1234 288 1284; x_wconf 81' lang='lat' dir='ltr'>Vers.</span> <span class='ocrx_word' id='word_1_85' title='bbox 333 1232 535 1288; x_wconf 73' lang='grc'><strong>14.-17.</strong></span> <span class='ocrx_word' id='word_1_86' title='bbox 574 1262 633 1270; x_wconf 92' lang='lat'><strong>—</strong></span> <span class='ocrx_word' id='word_1_87' title='bbox 670 1235 896 1299; x_wconf 76' lang='lat' dir='ltr'>Propter</span> <span class='ocrx_word' id='word_1_88' title='bbox 929 1235 1026 1284; x_wconf 90' lang='lat' dir='ltr'>hoc</span> <span class='ocrx_word' id='word_1_89' title='bbox 1049 1249 1156 1284; x_wconf 87' lang='lat' dir='ltr'>ecce</span> <span class='ocrx_word' id='word_1_90' title='bbox 1180 1248 1272 1298; x_wconf 85' lang='lat' dir='ltr'>ego</span> <span class='ocrx_word' id='word_1_91' title='bbox 1293 1232 1494 1283; x_wconf 85' lang='lat' dir='ltr'>lactabo</span> <span class='ocrx_word' id='word_1_92' title='bbox 1523 1247 1661 1291; x_wconf 88' lang='lat' dir='ltr'>eam,</span> 
     </span>
    </p>
   </div>
   <div class='ocr_carea' id='block_1_16' title="bbox 20 1304 1663 1370">
    <p class='ocr_par' dir='ltr' id='par_1_16' title="bbox 20 1304 1663 1370">
     <span class='ocr_line' id='line_1_16' title="bbox 20 1304 1663 1370; baseline 0 -18"><span class='ocrx_word' id='word_1_93' title='bbox 20 1308 75 1353; x_wconf 86' lang='lat' dir='ltr'>et</span> <span class='ocrx_word' id='word_1_94' title='bbox 113 1304 337 1353; x_wconf 82' lang='lat' dir='ltr'>ducam</span> <span class='ocrx_word' id='word_1_95' title='bbox 364 1320 481 1353; x_wconf 90' lang='lat' dir='ltr'>eam</span> <span class='ocrx_word' id='word_1_96' title='bbox 506 1306 565 1354; x_wconf 83' lang='lat' dir='ltr'>in</span> <span class='ocrx_word' id='word_1_97' title='bbox 606 1306 973 1366; x_wconf 73' lang='lat' dir='ltr'>solitudinem,</span> <span class='ocrx_word' id='word_1_98' title='bbox 1015 1312 1060 1357; x_wconf 88' lang='lat' dir='ltr'>et</span> <span class='ocrx_word' id='word_1_99' title='bbox 1104 1306 1299 1370; x_wconf 86' lang='lat' dir='ltr'>loquar</span> <span class='ocrx_word' id='word_1_100' title='bbox 1324 1305 1397 1354; x_wconf 88' lang='lat' dir='ltr'>ad</span> <span class='ocrx_word' id='word_1_101' title='bbox 1418 1320 1508 1354; x_wconf 82' lang='lat' dir='ltr'>cor</span> <span class='ocrx_word' id='word_1_102' title='bbox 1531 1305 1663 1368; x_wconf 88' lang='lat' dir='ltr'>ejus,</span> 
     </span>
    </p>
   </div>
   <div class='ocr_carea' id='block_1_17' title="bbox 23 1375 1664 1441">
    <p class='ocr_par' dir='ltr' id='par_1_17' title="bbox 23 1375 1664 1441">
     <span class='ocr_line' id='line_1_17' title="bbox 23 1375 1664 1441; baseline 0 -18"><span class='ocrx_word' id='word_1_103' title='bbox 23 1381 79 1423; x_wconf 80' lang='lat' dir='ltr'>et</span> <span class='ocrx_word' id='word_1_104' title='bbox 142 1375 297 1424; x_wconf 86' lang='lat' dir='ltr'>dabo</span> <span class='ocrx_word' id='word_1_105' title='bbox 344 1378 392 1425; x_wconf 91' lang='lat' dir='ltr'>ei</span> <span class='ocrx_word' id='word_1_106' title='bbox 433 1377 687 1426; x_wconf 78' lang='lat' dir='ltr'>vinitores</span> <span class='ocrx_word' id='word_1_107' title='bbox 722 1379 836 1441; x_wconf 86' lang='lat' dir='ltr'>ejus</span> <span class='ocrx_word' id='word_1_108' title='bbox 869 1394 936 1427; x_wconf 82' lang='lat' dir='ltr'>ex</span> <span class='ocrx_word' id='word_1_109' title='bbox 980 1378 1158 1427; x_wconf 85' lang='lat' dir='ltr'>eodem</span> <span class='ocrx_word' id='word_1_110' title='bbox 1210 1377 1338 1437; x_wconf 88' lang='lat' dir='ltr'>loco,</span> <span class='ocrx_word' id='word_1_111' title='bbox 1385 1383 1431 1425; x_wconf 89' lang='lat' dir='ltr'>et</span> <span class='ocrx_word' id='word_1_112' title='bbox 1474 1375 1664 1425; x_wconf 81' lang='lat' dir='ltr'>vallem</span> 
     </span>
    </p>
   </div>
   <div class='ocr_carea' id='block_1_18' title="bbox 25 1446 1665 1511">
    <p class='ocr_par' dir='ltr' id='par_1_18' title="bbox 25 1446 1665 1511">
     <span class='ocr_line' id='line_1_18' title="bbox 25 1446 1665 1511; baseline -0.001 -17"><span class='ocrx_word' id='word_1_113' title='bbox 25 1446 242 1495; x_wconf 74' lang='lat' dir='ltr'>Achar</span> <span class='ocrx_word' id='word_1_114' title='bbox 256 1446 336 1495; x_wconf 87' lang='lat' dir='ltr'>ad</span> <span class='ocrx_word' id='word_1_115' title='bbox 350 1448 700 1511; x_wconf 78' lang='lat' dir='ltr'>aperiendum</span> <span class='ocrx_word' id='word_1_116' title='bbox 716 1463 862 1511; x_wconf 78' lang='lat' dir='ltr'>spem</span> <span class='ocrx_word' id='word_1_117' title='bbox 887 1454 965 1499; x_wconf 88' lang='lat' dir='ltr'>:et</span> <span class='ocrx_word' id='word_1_118' title='bbox 989 1454 1140 1498; x_wconf 91' lang='lat' dir='ltr'>canet</span> <span class='ocrx_word' id='word_1_119' title='bbox 1162 1447 1237 1496; x_wconf 88' lang='lat' dir='ltr'>ibi</span> <span class='ocrx_word' id='word_1_120' title='bbox 1250 1447 1419 1510; x_wconf 89' lang='lat' dir='ltr'>juxta</span> <span class='ocrx_word' id='word_1_121' title='bbox 1442 1446 1552 1496; x_wconf 87' lang='lat' dir='ltr'>dies</span> <span class='ocrx_word' id='word_1_122' title='bbox 1566 1446 1665 1509; x_wconf 86' lang='lat' dir='ltr'>ju-</span> 
     </span>
    </p>
   </div>
   <div class='ocr_carea' id='block_1_19' title="bbox 24 1516 1664 1583">
    <p class='ocr_par' dir='ltr' id='par_1_19' title="bbox 24 1516 1664 1583">
     <span class='ocr_line' id='line_1_19' title="bbox 24 1516 1664 1583; baseline 0 -17"><span class='ocrx_word' id='word_1_123' title='bbox 24 1518 292 1566; x_wconf 79' lang='lat' dir='ltr'>ventutis</span> <span class='ocrx_word' id='word_1_124' title='bbox 316 1534 426 1567; x_wconf 72' lang='lat' dir='ltr'>suae</span> <span class='ocrx_word' id='word_1_125' title='bbox 439 1524 485 1567; x_wconf 89' lang='lat' dir='ltr'>et</span> <span class='ocrx_word' id='word_1_126' title='bbox 500 1520 670 1583; x_wconf 73' lang='lat' dir='ltr'>juxta</span> <span class='ocrx_word' id='word_1_127' title='bbox 705 1520 816 1569; x_wconf 83' lang='lat' dir='ltr'>dies</span> <span class='ocrx_word' id='word_1_128' title='bbox 832 1520 1158 1569; x_wconf 75' lang='lat' dir='ltr'>ascensionis</span> <span class='ocrx_word' id='word_1_129' title='bbox 1180 1534 1287 1567; x_wconf 72' lang='lat' dir='ltr'>suae</span> <span class='ocrx_word' id='word_1_130' title='bbox 1312 1518 1374 1567; x_wconf 88' lang='lat' dir='ltr'>de</span> <span class='ocrx_word' id='word_1_131' title='bbox 1397 1523 1541 1567; x_wconf 87' lang='lat' dir='ltr'>terra</span> <span class='ocrx_word' id='word_1_132' title='bbox 1563 1516 1664 1566; x_wconf 73' lang='grc' dir='ltr'>ΑΞ-</span> 
     </span>
    </p>
   </div>
   <div class='ocr_carea' id='block_1_20' title="bbox 24 1588 1665 1652">
    <p class='ocr_par' dir='ltr' id='par_1_20' title="bbox 24 1588 1665 1652">
     <span class='ocr_line' id='line_1_20' title="bbox 24 1588 1665 1652; baseline 0.001 -16"><span class='ocrx_word' id='word_1_133' title='bbox 24 1589 225 1652; x_wconf 85' lang='lat' dir='ltr'>gypti,</span> <span class='ocrx_word' id='word_1_134' title='bbox 254 1589 326 1637; x_wconf 83' lang='lat' dir='ltr'>Et</span> <span class='ocrx_word' id='word_1_135' title='bbox 358 1591 458 1639; x_wconf 87' lang='lat' dir='ltr'>erit</span> <span class='ocrx_word' id='word_1_136' title='bbox 482 1591 542 1639; x_wconf 88' lang='lat' dir='ltr'>in</span> <span class='ocrx_word' id='word_1_137' title='bbox 566 1591 650 1639; x_wconf 87' lang='lat' dir='ltr'>die</span> <span class='ocrx_word' id='word_1_138' title='bbox 676 1591 787 1651; x_wconf 89' lang='lat' dir='ltr'>illo,</span> <span class='ocrx_word' id='word_1_139' title='bbox 812 1592 891 1640; x_wconf 88' lang='lat' dir='ltr'>ait</span> <span class='ocrx_word' id='word_1_140' title='bbox 912 1591 1200 1650; x_wconf 86' lang='lat' dir='ltr'>Dominus,</span> <span class='ocrx_word' id='word_1_141' title='bbox 1223 1588 1426 1639; x_wconf 86' lang='lat' dir='ltr'>vocabit</span> <span class='ocrx_word' id='word_1_142' title='bbox 1450 1605 1533 1638; x_wconf 88' lang='lat' dir='ltr'>me</span> <span class='ocrx_word' id='word_1_143' title='bbox 1571 1589 1665 1639; x_wconf 84' lang='lat' dir='ltr'>Vir</span> 
     </span>
    </p>
   </div>
   <div class='ocr_carea' id='block_1_21' title="bbox 26 1660 1664 1723">
    <p class='ocr_par' dir='ltr' id='par_1_21' title="bbox 26 1660 1664 1723">
     <span class='ocr_line' id='line_1_21' title="bbox 26 1660 1664 1723; baseline 0.001 -16"><span class='ocrx_word' id='word_1_144' title='bbox 26 1674 223 1720; x_wconf 85' lang='lat' dir='ltr'>meus,</span> <span class='ocrx_word' id='word_1_145' title='bbox 247 1666 296 1709; x_wconf 83' lang='lat' dir='ltr'>et</span> <span class='ocrx_word' id='word_1_146' title='bbox 324 1676 433 1710; x_wconf 86' lang='lat' dir='ltr'>non</span> <span class='ocrx_word' id='word_1_147' title='bbox 450 1675 533 1711; x_wconf 89' lang='lat' dir='ltr'>me</span> <span class='ocrx_word' id='word_1_148' title='bbox 558 1660 757 1711; x_wconf 86' lang='lat' dir='ltr'>vocabit</span> <span class='ocrx_word' id='word_1_149' title='bbox 773 1662 916 1711; x_wconf 87' lang='lat' dir='ltr'>ultra</span> <span class='ocrx_word' id='word_1_150' title='bbox 940 1661 1175 1711; x_wconf 86' lang='lat' dir='ltr'>Baalim.</span> <span class='ocrx_word' id='word_1_151' title='bbox 1202 1662 1268 1710; x_wconf 86' lang='lat' dir='ltr'>Et</span> <span class='ocrx_word' id='word_1_152' title='bbox 1291 1661 1543 1723; x_wconf 81' lang='lat' dir='ltr'>auferam</span> <span class='ocrx_word' id='word_1_153' title='bbox 1564 1675 1664 1708; x_wconf 82' lang='lat' dir='ltr'>no-</span> 
     </span>
    </p>
   </div>
   <div class='ocr_carea' id='block_1_22' title="bbox 32 1731 1661 1796">
    <p class='ocr_par' dir='ltr' id='par_1_22' title="bbox 32 1731 1661 1796">
     <span class='ocr_line' id='line_1_22' title="bbox 32 1731 1661 1796; baseline 0.002 -18"><span class='ocrx_word' id='word_1_154' title='bbox 32 1731 213 1779; x_wconf 88' lang='lat' dir='ltr'>mina</span> <span class='ocrx_word' id='word_1_155' title='bbox 240 1731 464 1780; x_wconf 84' lang='lat' dir='ltr'>Baalim</span> <span class='ocrx_word' id='word_1_156' title='bbox 480 1733 541 1781; x_wconf 87' lang='lat' dir='ltr'>de</span> <span class='ocrx_word' id='word_1_157' title='bbox 556 1748 644 1782; x_wconf 90' lang='lat' dir='ltr'>ore</span> <span class='ocrx_word' id='word_1_158' title='bbox 654 1733 784 1796; x_wconf 86' lang='lat' dir='ltr'>ejus,</span> <span class='ocrx_word' id='word_1_159' title='bbox 803 1738 851 1782; x_wconf 84' lang='lat' dir='ltr'>et</span> <span class='ocrx_word' id='word_1_160' title='bbox 875 1748 985 1781; x_wconf 89' lang='lat' dir='ltr'>non</span> <span class='ocrx_word' id='word_1_161' title='bbox 999 1731 1369 1782; x_wconf 82' lang='lat' dir='ltr'>recordabilur</span> <span class='ocrx_word' id='word_1_162' title='bbox 1398 1732 1543 1781; x_wconf 85' lang='lat' dir='ltr'>ultra</span> <span class='ocrx_word' id='word_1_163' title='bbox 1560 1747 1661 1781; x_wconf 80' lang='lat' dir='ltr'>nc-</span> 
     </span>
    </p>
   </div>
   <div class='ocr_carea' id='block_1_23' title="bbox 34 1803 1660 1869">
    <p class='ocr_par' dir='ltr' id='par_1_23' title="bbox 34 1803 1660 1869">
     <span class='ocr_line' id='line_1_23' title="bbox 34 1803 1660 1869; baseline 0.004 -19"><span class='ocrx_word' id='word_1_164' title='bbox 34 1803 229 1851; x_wconf 84' lang='lat' dir='ltr'>minis</span> <span class='ocrx_word' id='word_1_165' title='bbox 251 1818 459 1854; x_wconf 76' lang='lat' dir='ltr'>eorum.</span> <span class='ocrx_word' id='word_1_166' title='bbox 473 1804 776 1856; x_wconf 85' lang='lat' dir='ltr'>Notandus</span> <span class='ocrx_word' id='word_1_167' title='bbox 795 1808 885 1857; x_wconf 87' lang='lat' dir='ltr'>est</span> <span class='ocrx_word' id='word_1_168' title='bbox 907 1805 1210 1869; x_wconf 82' lang='lat' dir='ltr'>diligenter</span> <span class='ocrx_word' id='word_1_169' title='bbox 1220 1804 1532 1868; x_wconf 89' lang='lat' dir='ltr'>prophetici</span> <span class='ocrx_word' id='word_1_170' title='bbox 1550 1817 1660 1856; x_wconf 93' lang='lat' dir='ltr'>ser-</span> 
     </span>
    </p>
   </div>
   <div class='ocr_carea' id='block_1_24' title="bbox 1763 516 3358 586">
    <p class='ocr_par' dir='ltr' id='par_1_24' title="bbox 1763 516 3358 586">
     <span class='ocr_line' id='line_1_24' title="bbox 1763 516 3358 586; baseline 0.002 -17"><span class='ocrx_word' id='word_1_171' title='bbox 1763 516 2014 569; x_wconf 87' lang='lat' dir='ltr'>ditorum</span> <span class='ocrx_word' id='word_1_172' title='bbox 2043 518 2216 570; x_wconf 91' lang='lat' dir='ltr'>corda</span> <span class='ocrx_word' id='word_1_173' title='bbox 2238 520 2521 583; x_wconf 76' lang='lat' dir='ltr'>formavit,</span> <span class='ocrx_word' id='word_1_174' title='bbox 2544 521 2689 571; x_wconf 87' lang='lat' dir='ltr'>Dabo</span> <span class='ocrx_word' id='word_1_175' title='bbox 2709 529 2874 572; x_wconf 88' lang='lat' dir='ltr'>autem</span> <span class='ocrx_word' id='word_1_176' title='bbox 2899 522 3151 570; x_wconf 75' lang='lat' dir='ltr'>vinitores</span> <span class='ocrx_word' id='word_1_177' title='bbox 3164 522 3277 586; x_wconf 85' lang='lat' dir='ltr'>ejus</span> <span class='ocrx_word' id='word_1_178' title='bbox 3291 539 3358 572; x_wconf 88' lang='lat' dir='ltr'>ex</span> 
     </span>
    </p>
   </div>
   <div class='ocr_carea' id='block_1_25' title="bbox 1759 588 3355 657">
    <p class='ocr_par' dir='ltr' id='par_1_25' title="bbox 1759 588 3355 657">
     <span class='ocr_line' id='line_1_25' title="bbox 1759 588 3355 657; baseline 0.003 -19"><span class='ocrx_word' id='word_1_179' title='bbox 1759 588 1938 638; x_wconf 87' lang='lat' dir='ltr'>eodem</span> <span class='ocrx_word' id='word_1_180' title='bbox 1963 589 2090 649; x_wconf 85' lang='lat' dir='ltr'>loco,</span> <span class='ocrx_word' id='word_1_181' title='bbox 2112 595 2157 639; x_wconf 88' lang='lat' dir='ltr'>et</span> <span class='ocrx_word' id='word_1_182' title='bbox 2180 591 2370 640; x_wconf 81' lang='lat' dir='ltr'>vallem</span> <span class='ocrx_word' id='word_1_183' title='bbox 2385 592 2565 641; x_wconf 80' lang='lat' dir='ltr'>Achar</span> <span class='ocrx_word' id='word_1_184' title='bbox 2579 594 2651 643; x_wconf 87' lang='lat' dir='ltr'>ad</span> <span class='ocrx_word' id='word_1_185' title='bbox 2678 593 3204 657; x_wconf 83' lang='lat' dir='ltr'>aperiendamspem,</span> <span class='ocrx_word' id='word_1_186' title='bbox 3234 597 3355 655; x_wconf 85' lang='lat' dir='ltr'>quid</span> 
     </span>
    </p>
   </div>
   <div class='ocr_carea' id='block_1_26' title="bbox 1761 659 3359 729">
    <p class='ocr_par' dir='ltr' id='par_1_26' title="bbox 1761 659 3359 729">
     <span class='ocr_line' id='line_1_26' title="bbox 1761 659 3359 729; baseline 0.005 -20"><span class='ocrx_word' id='word_1_187' title='bbox 1761 659 2084 723; x_wconf 68' lang='lat' dir='ltr'>signiticet‘</span> <span class='ocrx_word' id='word_1_188' title='bbox 2106 661 2368 725; x_wconf 91' lang='lat' dir='ltr'>accipito.</span> <span class='ocrx_word' id='word_1_189' title='bbox 2403 663 2729 725; x_wconf 86' lang='lat' dir='ltr'>Antequam</span> <span class='ocrx_word' id='word_1_190' title='bbox 2752 664 3001 729; x_wconf 90' lang='lat' dir='ltr'>populus</span> <span class='ocrx_word' id='word_1_191' title='bbox 3026 666 3257 716; x_wconf 86' lang='lat' dir='ltr'>Terram</span> <span class='ocrx_word' id='word_1_192' title='bbox 3269 678 3359 717; x_wconf 90' lang='lat' dir='ltr'>re-</span> 
     </span>
    </p>
   </div>
   <div class='ocr_carea' id='block_1_27' title="bbox 1763 730 3355 799">
    <p class='ocr_par' dir='ltr' id='par_1_27' title="bbox 1763 730 3355 799">
     <span class='ocr_line' id='line_1_27' title="bbox 1763 730 3355 799; baseline 0.005 -20"><span class='ocrx_word' id='word_1_193' title='bbox 1763 730 2160 793; x_wconf 86' lang='lat' dir='ltr'>promissionis</span> <span class='ocrx_word' id='word_1_194' title='bbox 2208 733 2465 795; x_wconf 77' lang='lat' dir='ltr'>intraret,</span> <span class='ocrx_word' id='word_1_195' title='bbox 2491 734 2656 783; x_wconf 87' lang='lat' dir='ltr'>missi</span> <span class='ocrx_word' id='word_1_196' title='bbox 2691 735 3082 799; x_wconf 84' lang='lat' dir='ltr'>exploratores</span> <span class='ocrx_word' id='word_1_197' title='bbox 3108 734 3355 787; x_wconf 85' lang='lat' dir='ltr'>fructum</span> 
     </span>
    </p>
   </div>
   <div class='ocr_carea' id='block_1_28' title="bbox 1762 800 3359 870">
    <p class='ocr_par' dir='ltr' id='par_1_28' title="bbox 1762 800 3359 870">
     <span class='ocr_line' id='line_1_28' title="bbox 1762 800 3359 870; baseline 0.003 -19"><span class='ocrx_word' id='word_1_198' title='bbox 1762 800 1896 851; x_wconf 86' lang='lat' dir='ltr'>vitis</span> <span class='ocrx_word' id='word_1_199' title='bbox 1914 803 2208 866; x_wconf 88' lang='lat' dir='ltr'>egregium</span> <span class='ocrx_word' id='word_1_200' title='bbox 2221 808 2603 868; x_wconf 86' lang='lat' dir='ltr'>portaverunt,</span> <span class='ocrx_word' id='word_1_201' title='bbox 2620 804 2674 855; x_wconf 91' lang='lat' dir='ltr'>id</span> <span class='ocrx_word' id='word_1_202' title='bbox 2698 806 2805 867; x_wconf 91' lang='lat' dir='ltr'>est,</span> <span class='ocrx_word' id='word_1_203' title='bbox 2827 818 3003 858; x_wconf 89' lang='lat' dir='ltr'>uvam</span> <span class='ocrx_word' id='word_1_204' title='bbox 3018 808 3147 870; x_wconf 88' lang='lat' dir='ltr'>ejus</span> <span class='ocrx_word' id='word_1_205' title='bbox 3162 810 3359 868; x_wconf 88' lang='lat' dir='ltr'>magni-</span> 
     </span>
    </p>
   </div>
   <div class='ocr_carea' id='block_1_29' title="bbox 1761 871 3359 940">
    <p class='ocr_par' dir='ltr' id='par_1_29' title="bbox 1761 871 3359 940">
     <span class='ocr_line' id='line_1_29' title="bbox 1761 871 3359 940; baseline 0.006 -19"><span class='ocrx_word' id='word_1_206' title='bbox 1761 871 2000 935; x_wconf 80' lang='lat' dir='ltr'>tudinis,</span> <span class='ocrx_word' id='word_1_207' title='bbox 2028 885 2200 936; x_wconf 90' lang='lat' dir='ltr'>quam</span> <span class='ocrx_word' id='word_1_208' title='bbox 2225 877 2421 927; x_wconf 86' lang='lat' dir='ltr'>vector</span> <span class='ocrx_word' id='word_1_209' title='bbox 2442 888 2597 927; x_wconf 91' lang='lat' dir='ltr'>unus</span> <span class='ocrx_word' id='word_1_210' title='bbox 2620 875 2813 927; x_wconf 89' lang='lat' dir='ltr'>subire</span> <span class='ocrx_word' id='word_1_211' title='bbox 2835 889 2951 927; x_wconf 93' lang='lat' dir='ltr'>non</span> <span class='ocrx_word' id='word_1_212' title='bbox 2976 878 3176 940; x_wconf 86' lang='lat' dir='ltr'>possit.</span> <span class='ocrx_word' id='word_1_213' title='bbox 3198 880 3359 929; x_wconf 89' lang='lat' dir='ltr'>Post-</span> 
     </span>
    </p>
   </div>
   <div class='ocr_carea' id='block_1_30' title="bbox 1762 946 3356 1012">
    <p class='ocr_par' dir='ltr' id='par_1_30' title="bbox 1762 946 3356 1012">
     <span class='ocr_line' id='line_1_30' title="bbox 1762 946 3356 1012; baseline 0.006 -20"><span class='ocrx_word' id='word_1_214' title='bbox 1762 954 1936 1006; x_wconf 87' lang='lat' dir='ltr'>quam</span> <span class='ocrx_word' id='word_1_215' title='bbox 1960 957 2096 996; x_wconf 89' lang='lat' dir='ltr'>vero</span> <span class='ocrx_word' id='word_1_216' title='bbox 2124 947 2327 999; x_wconf 87' lang='lat' dir='ltr'>urbem</span> <span class='ocrx_word' id='word_1_217' title='bbox 2343 946 2862 1012; x_wconf 89' lang='lat' dir='ltr'>opulentissimam,</span> <span class='ocrx_word' id='word_1_218' title='bbox 2878 948 3063 998; x_wconf 89' lang='lat' dir='ltr'>Jerico</span> <span class='ocrx_word' id='word_1_219' title='bbox 3078 949 3356 1012; x_wconf 87' lang='lat' dir='ltr'>videlicet,</span> 
     </span>
    </p>
   </div>
   <div class='ocr_carea' id='block_1_31' title="bbox 1762 1013 3359 1082">
    <p class='ocr_par' dir='ltr' id='par_1_31' title="bbox 1762 1013 3359 1082">
     <span class='ocr_line' id='line_1_31' title="bbox 1762 1013 3359 1082; baseline 0.004 -19"><span class='ocrx_word' id='word_1_220' title='bbox 1762 1013 2007 1065; x_wconf 88' lang='lat' dir='ltr'>mirabili</span> <span class='ocrx_word' id='word_1_221' title='bbox 2023 1028 2372 1082; x_wconf 87' lang='lat' dir='ltr'>occupavere</span> <span class='ocrx_word' id='word_1_222' title='bbox 2390 1018 2645 1082; x_wconf 90' lang='lat' dir='ltr'>victoria,</span> <span class='ocrx_word' id='word_1_223' title='bbox 2663 1018 2752 1069; x_wconf 87' lang='lat' dir='ltr'>vir</span> <span class='ocrx_word' id='word_1_224' title='bbox 2761 1017 2832 1069; x_wconf 91' lang='lat' dir='ltr'>de</span> <span class='ocrx_word' id='word_1_225' title='bbox 2850 1019 3037 1069; x_wconf 90' lang='lat' dir='ltr'>tribuJ</span> <span class='ocrx_word' id='word_1_226' title='bbox 3045 1020 3118 1069; x_wconf 92' lang='lat' dir='ltr'>ud</span> <span class='ocrx_word' id='word_1_227' title='bbox 3126 1032 3177 1082; x_wconf 89' lang='lat' dir='ltr'>a,</span> <span class='ocrx_word' id='word_1_228' title='bbox 3194 1024 3359 1070; x_wconf 75' lang='lat' dir='ltr'>Achar</span> 
     </span>
    </p>
   </div>
   <div class='ocr_carea' id='block_1_32' title="bbox 1763 1085 3361 1154">
    <p class='ocr_par' dir='ltr' id='par_1_32' title="bbox 1763 1085 3361 1154">
     <span class='ocr_line' id='line_1_32' title="bbox 1763 1085 3361 1154; baseline 0.005 -19"><span class='ocrx_word' id='word_1_229' title='bbox 1763 1085 2015 1149; x_wconf 87' lang='lat' dir='ltr'>nomine,</span> <span class='ocrx_word' id='word_1_230' title='bbox 2029 1087 2182 1139; x_wconf 80' lang='lat' dir='ltr'>illius</span> <span class='ocrx_word' id='word_1_231' title='bbox 2195 1089 2442 1153; x_wconf 88' lang='lat' dir='ltr'>Charim,</span> <span class='ocrx_word' id='word_1_232' title='bbox 2461 1090 2739 1154; x_wconf 86' lang='lat' dir='ltr'>quiddam</span> <span class='ocrx_word' id='word_1_233' title='bbox 2760 1090 2830 1141; x_wconf 93' lang='lat' dir='ltr'>de</span> <span class='ocrx_word' id='word_1_234' title='bbox 2842 1089 3058 1154; x_wconf 88' lang='lat' dir='ltr'>prada.</span> <span class='ocrx_word' id='word_1_235' title='bbox 3075 1102 3208 1153; x_wconf 86' lang='lat' dir='ltr'>qua</span> <span class='ocrx_word' id='word_1_236' title='bbox 3220 1105 3361 1143; x_wconf 80' lang='lat' dir='ltr'>exu-</span> 
     </span>
    </p>
   </div>
   <div class='ocr_carea' id='block_1_33' title="bbox 1764 1155 3363 1226">
    <p class='ocr_par' dir='ltr' id='par_1_33' title="bbox 1764 1155 3363 1226">
     <span class='ocr_line' id='line_1_33' title="bbox 1764 1155 3363 1226; baseline 0.004 -22"><span class='ocrx_word' id='word_1_237' title='bbox 1764 1155 1937 1207; x_wconf 90' lang='lat' dir='ltr'>stioni</span> <span class='ocrx_word' id='word_1_238' title='bbox 1961 1157 2145 1210; x_wconf 82' lang='lat' dir='ltr'>fuerat</span> <span class='ocrx_word' id='word_1_239' title='bbox 2168 1160 2373 1223; x_wconf 87' lang='lat' dir='ltr'>dicata,</span> <span class='ocrx_word' id='word_1_240' title='bbox 2402 1162 2704 1226; x_wconf 87' lang='lat' dir='ltr'>subripuit.</span> <span class='ocrx_word' id='word_1_241' title='bbox 2723 1163 2982 1225; x_wconf 92' lang='lat' dir='ltr'>Cumque</span> <span class='ocrx_word' id='word_1_242' title='bbox 2993 1167 3149 1213; x_wconf 88' lang='lat' dir='ltr'>esset</span> <span class='ocrx_word' id='word_1_243' title='bbox 3164 1166 3363 1212; x_wconf 83' lang='lat' dir='ltr'>vincen-</span> 
     </span>
    </p>
   </div>
   <div class='ocr_carea' id='block_1_34' title="bbox 1763 1226 3365 1298">
    <p class='ocr_par' dir='ltr' id='par_1_34' title="bbox 1763 1226 3365 1298">
     <span class='ocr_line' id='line_1_34' title="bbox 1763 1226 3365 1298; baseline 0.005 -23"><span class='ocrx_word' id='word_1_244' title='bbox 1763 1226 1928 1291; x_wconf 89' lang='lat' dir='ltr'>tium,</span> <span class='ocrx_word' id='word_1_245' title='bbox 1942 1229 2202 1282; x_wconf 84' lang='lat' dir='ltr'>adversis</span> <span class='ocrx_word' id='word_1_246' title='bbox 2215 1233 2424 1284; x_wconf 89' lang='lat' dir='ltr'>subitis</span> <span class='ocrx_word' id='word_1_247' title='bbox 2436 1234 2711 1298; x_wconf 88' lang='lat' dir='ltr'>impedita</span> <span class='ocrx_word' id='word_1_248' title='bbox 2735 1232 3020 1297; x_wconf 75' lang='lat' dir='ltr'>falicitas,</span> <span class='ocrx_word' id='word_1_249' title='bbox 3036 1236 3250 1283; x_wconf 84' lang='lat' dir='ltr'>admotis</span> <span class='ocrx_word' id='word_1_250' title='bbox 3262 1236 3365 1283; x_wconf 84' lang='lat' dir='ltr'>for-</span> 
     </span>
    </p>
   </div>
   <div class='ocr_carea' id='block_1_35' title="bbox 1761 1297 3364 1369">
    <p class='ocr_par' dir='ltr' id='par_1_35' title="bbox 1761 1297 3364 1369">
     <span class='ocr_line' id='line_1_35' title="bbox 1761 1297 3364 1369; baseline 0.004 -19"><span class='ocrx_word' id='word_1_251' title='bbox 1761 1297 1938 1362; x_wconf 89' lang='lat' dir='ltr'>tibus,</span> <span class='ocrx_word' id='word_1_252' title='bbox 1959 1312 1978 1333; x_wconf 81' lang='grc' dir='ltr'><strong>ο</strong></span> <span class='ocrx_word' id='word_1_253' title='bbox 2002 1300 2095 1352; x_wconf 89' lang='lat' dir='ltr'>fur</span> <span class='ocrx_word' id='word_1_254' title='bbox 2117 1304 2506 1356; x_wconf 88' lang='lat' dir='ltr'>anathematis</span> <span class='ocrx_word' id='word_1_255' title='bbox 2524 1297 2884 1369; x_wconf 32' lang='lat' dir='ltr'>&#39;vestigatur:</span> <span class='ocrx_word' id='word_1_256' title='bbox 2912 1308 2969 1356; x_wconf 90' lang='lat' dir='ltr'>et</span> <span class='ocrx_word' id='word_1_257' title='bbox 2991 1317 3127 1355; x_wconf 92' lang='lat' dir='ltr'>cum</span> <span class='ocrx_word' id='word_1_258' title='bbox 3151 1305 3364 1367; x_wconf 88' lang='lat' dir='ltr'>omnia,</span> 
     </span>
    </p>
   </div>
   <div class='ocr_carea' id='block_1_36' title="bbox 1762 1372 3365 1441">
    <p class='ocr_par' dir='ltr' id='par_1_36' title="bbox 1762 1372 3365 1441">
     <span class='ocr_line' id='line_1_36' title="bbox 1762 1372 3365 1441; baseline 0.003 -21"><span class='ocrx_word' id='word_1_259' title='bbox 1762 1379 1896 1441; x_wconf 80' lang='lat' dir='ltr'>qua</span> <span class='ocrx_word' id='word_1_260' title='bbox 1908 1372 2237 1426; x_wconf 89' lang='lat' dir='ltr'>occuluerat</span> <span class='ocrx_word' id='word_1_261' title='bbox 2246 1376 2599 1439; x_wconf 89' lang='lat' dir='ltr'>protulisset,</span> <span class='ocrx_word' id='word_1_262' title='bbox 2616 1376 2905 1441; x_wconf 87' lang='lat' dir='ltr'>lapidante</span> <span class='ocrx_word' id='word_1_263' title='bbox 2916 1376 3145 1441; x_wconf 88' lang='lat' dir='ltr'>populo,</span> <span class='ocrx_word' id='word_1_264' title='bbox 3161 1376 3220 1427; x_wconf 90' lang='lat' dir='ltr'>in</span> <span class='ocrx_word' id='word_1_265' title='bbox 3233 1379 3365 1425; x_wconf 83' lang='lat' dir='ltr'>valle</span> 
     </span>
    </p>
   </div>
   <div class='ocr_carea' id='block_1_37' title="bbox 1762 1439 3367 1511">
    <p class='ocr_par' dir='ltr' id='par_1_37' title="bbox 1762 1439 3367 1511">
     <span class='ocr_line' id='line_1_37' title="bbox 1762 1439 3367 1511; baseline 0.006 -20"><span class='ocrx_word' id='word_1_266' title='bbox 1762 1439 1955 1492; x_wconf 87' lang='lat' dir='ltr'>Achor</span> <span class='ocrx_word' id='word_1_267' title='bbox 1968 1442 2311 1497; x_wconf 87' lang='lat' dir='ltr'>interemtus</span> <span class='ocrx_word' id='word_1_268' title='bbox 2344 1447 2555 1510; x_wconf 75' lang='lat' dir='ltr'>legitur</span> <span class='ocrx_word' id='word_1_269' title='bbox 2576 1452 2634 1499; x_wconf 93' lang='lat' dir='ltr'>et</span> <span class='ocrx_word' id='word_1_270' title='bbox 2670 1439 2935 1511; x_wconf 79' lang='lat' dir='ltr'>sepultus</span> <span class='ocrx_word' id='word_1_271' title='bbox 2960 1439 3085 1509; x_wconf 79' lang='lat' dir='ltr'>(Jos.</span> <span class='ocrx_word' id='word_1_272' title='bbox 3112 1448 3203 1509; x_wconf 90' lang='lat'>7.).</span> <span class='ocrx_word' id='word_1_273' title='bbox 3227 1451 3367 1509; x_wconf 89' lang='lat' dir='ltr'>Qua</span> 
     </span>
    </p>
   </div>
   <div class='ocr_carea' id='block_1_38' title="bbox 1764 1515 3365 1583">
    <p class='ocr_par' dir='ltr' id='par_1_38' title="bbox 1764 1515 3365 1583">
     <span class='ocr_line' id='line_1_38' title="bbox 1764 1515 3365 1583; baseline 0.006 -21"><span class='ocrx_word' id='word_1_274' title='bbox 1764 1522 1901 1583; x_wconf 90' lang='lat' dir='ltr'>sane</span> <span class='ocrx_word' id='word_1_275' title='bbox 1925 1515 2176 1578; x_wconf 83' lang='lat' dir='ltr'>expiatio</span> <span class='ocrx_word' id='word_1_276' title='bbox 2199 1517 2279 1568; x_wconf 91' lang='lat' dir='ltr'>ita</span> <span class='ocrx_word' id='word_1_277' title='bbox 2303 1517 2482 1569; x_wconf 92' lang='lat' dir='ltr'>valuit</span> <span class='ocrx_word' id='word_1_278' title='bbox 2503 1518 2575 1569; x_wconf 90' lang='lat' dir='ltr'>ad</span> <span class='ocrx_word' id='word_1_279' title='bbox 2597 1519 2806 1570; x_wconf 90' lang='lat' dir='ltr'>melius</span> <span class='ocrx_word' id='word_1_280' title='bbox 2828 1517 2845 1547; x_wconf 76' lang='lat'><strong><em>‘</em></strong></span> <span class='ocrx_word' id='word_1_281' title='bbox 2865 1517 3204 1583; x_wconf 88' lang='lat' dir='ltr'>placendum</span> <span class='ocrx_word' id='word_1_282' title='bbox 3228 1520 3365 1583; x_wconf 92' lang='lat' dir='ltr'>Deo,</span> 
     </span>
    </p>
   </div>
   <div class='ocr_carea' id='block_1_39' title="bbox 1762 1582 3368 1654">
    <p class='ocr_par' dir='ltr' id='par_1_39' title="bbox 1762 1582 3368 1654">
     <span class='ocr_line' id='line_1_39' title="bbox 1762 1582 3368 1654; baseline 0.007 -23"><span class='ocrx_word' id='word_1_283' title='bbox 1762 1586 1829 1654; x_wconf 78' lang='lat' dir='ltr'>ut</span> <span class='ocrx_word' id='word_1_284' title='bbox 1842 1582 2161 1637; x_wconf 90' lang='lat' dir='ltr'>incruentis</span> <span class='ocrx_word' id='word_1_285' title='bbox 2186 1586 2458 1653; x_wconf 89' lang='lat' dir='ltr'>deinceps</span> <span class='ocrx_word' id='word_1_286' title='bbox 2490 1590 2769 1654; x_wconf 88' lang='lat' dir='ltr'>potiretur</span> <span class='ocrx_word' id='word_1_287' title='bbox 2808 1582 3134 1653; x_wconf 85' lang='lat' dir='ltr'>triumphis.</span> <span class='ocrx_word' id='word_1_288' title='bbox 3162 1582 3368 1653; x_wconf 87' lang='lat' dir='ltr'>Sicque</span> 
     </span>
    </p>
   </div>
   <div class='ocr_carea' id='block_1_40' title="bbox 1762 1651 3368 1726">
    <p class='ocr_par' dir='ltr' id='par_1_40' title="bbox 1762 1651 3368 1726">
     <span class='ocr_line' id='line_1_40' title="bbox 1762 1651 3368 1726; baseline 0.007 -24"><span class='ocrx_word' id='word_1_289' title='bbox 1762 1651 1858 1703; x_wconf 89' lang='lat' dir='ltr'>illa</span> <span class='ocrx_word' id='word_1_290' title='bbox 1885 1656 2075 1721; x_wconf 86' lang='lat' dir='ltr'>vallis,</span> <span class='ocrx_word' id='word_1_291' title='bbox 2101 1670 2251 1710; x_wconf 89' lang='lat' dir='ltr'>nova</span> <span class='ocrx_word' id='word_1_292' title='bbox 2276 1651 2414 1712; x_wconf 82' lang='lat' dir='ltr'>arva</span> <span class='ocrx_word' id='word_1_293' title='bbox 2445 1651 2825 1726; x_wconf 79' lang='lat' dir='ltr'>capientibus,</span> <span class='ocrx_word' id='word_1_294' title='bbox 2865 1651 3029 1724; x_wconf 88' lang='lat' dir='ltr'>spem</span> <span class='ocrx_word' id='word_1_295' title='bbox 3053 1651 3368 1713; x_wconf 76' lang='lat' dir='ltr'>falicitatis</span> 
     </span>
    </p>
   </div>
   <div class='ocr_carea' id='block_1_41' title="bbox 1765 1729 3363 1804">
    <p class='ocr_par' dir='ltr' id='par_1_41' title="bbox 1765 1729 3363 1804">
     <span class='ocr_line' id='line_1_41' title="bbox 1765 1729 3363 1804; baseline 0.003 -26"><span class='ocrx_word' id='word_1_296' title='bbox 1765 1729 2090 1804; x_wconf 46' lang='lat' dir='ltr'>f&#39;apparuit,</span> <span class='ocrx_word' id='word_1_297' title='bbox 2116 1743 2291 1795; x_wconf 90' lang='lat' dir='ltr'>quam</span> <span class='ocrx_word' id='word_1_298' title='bbox 2315 1732 2775 1797; x_wconf 86' lang='lat' dir='ltr'>pracedentibus</span> <span class='ocrx_word' id='word_1_299' title='bbox 2791 1733 2960 1795; x_wconf 89' lang='lat' dir='ltr'>culpa</span> <span class='ocrx_word' id='word_1_300' title='bbox 2982 1733 3363 1785; x_wconf 89' lang='lat' dir='ltr'>concluserat.</span> 
     </span>
    </p>
   </div>
   <div class='ocr_carea' id='block_1_42' title="bbox 1760 1790 3370 1868">
    <p class='ocr_par' dir='ltr' id='par_1_42' title="bbox 1760 1790 3370 1868">
     <span class='ocr_line' id='line_1_42' title="bbox 1760 1790 3370 1868; baseline 0.007 -25"><span class='ocrx_word' id='word_1_301' title='bbox 1760 1790 1863 1845; x_wconf 89' lang='lat' dir='ltr'>His</span> <span class='ocrx_word' id='word_1_302' title='bbox 1880 1810 2015 1863; x_wconf 90' lang='lat' dir='ltr'>ergo</span> <span class='ocrx_word' id='word_1_303' title='bbox 2030 1790 2515 1867; x_wconf 79' lang='lat' dir='ltr'>commemoratis,</span> <span class='ocrx_word' id='word_1_304' title='bbox 2528 1817 2659 1868; x_wconf 85' lang='lat' dir='ltr'>qua</span> <span class='ocrx_word' id='word_1_305' title='bbox 2672 1804 2766 1855; x_wconf 92' lang='lat' dir='ltr'>illo</span> <span class='ocrx_word' id='word_1_306' title='bbox 2781 1790 3038 1868; x_wconf 84' lang='lat' dir='ltr'>tempore</span> <span class='ocrx_word' id='word_1_307' title='bbox 3053 1808 3216 1867; x_wconf 86' lang='lat' dir='ltr'>gesta</span> <span class='ocrx_word' id='word_1_308' title='bbox 3229 1816 3370 1855; x_wconf 90' lang='lat' dir='ltr'>con-</span> 
     </span>
    </p>
   </div>
   <div class='ocr_carea' id='block_1_43' title="bbox 34 1854 3368 1940">
    <p class='ocr_par' dir='ltr' id='par_1_43' title="bbox 34 1854 3368 1940">
     <span class='ocr_line' id='line_1_43' title="bbox 34 1854 3368 1940; baseline 0 -15"><span class='ocrx_word' id='word_1_309' title='bbox 34 1875 252 1926; x_wconf 90' lang='lat' dir='ltr'>monis</span> <span class='ocrx_word' id='word_1_310' title='bbox 288 1874 447 1927; x_wconf 83' lang='lat' dir='ltr'>ordo.</span> <span class='ocrx_word' id='word_1_311' title='bbox 478 1854 984 1940; x_wconf 44' lang='lat' dir='ltr'>mittasque</span> <span class='ocrx_word' id='word_1_312' title='bbox 1008 1854 1199 1927; x_wconf 44' lang='lat' dir='ltr'>male</span> <span class='ocrx_word' id='word_1_313' title='bbox 1221 1854 1567 1934; x_wconf 60' lang='lat' dir='ltr'>necessitas,</span> <span class='ocrx_word' id='word_1_314' title='bbox 1592 1854 1659 1927; x_wconf 75' lang='lat' dir='ltr'>ut</span> <span class='ocrx_word' id='word_1_315' title='bbox 1686 1854 1741 1927; x_wconf 94' lang='lat' dir='ltr'><strong>B</strong></span> <span class='ocrx_word' id='word_1_316' title='bbox 1769 1854 1977 1931; x_wconf 62' lang='lat' dir='ltr'>stabat&quot;,</span> <span class='ocrx_word' id='word_1_317' title='bbox 2013 1873 2187 1924; x_wconf 86' lang='lat' dir='ltr'>etiam</span> <span class='ocrx_word' id='word_1_318' title='bbox 2222 1874 2294 1926; x_wconf 87' lang='lat' dir='ltr'>de</span> <span class='ocrx_word' id='word_1_319' title='bbox 2333 1854 3143 1940; x_wconf 53' lang='lat' dir='ltr'>sabyiot’aapavlate</span> <span class='ocrx_word' id='word_1_320' title='bbox 3164 1854 3368 1927; x_wconf 68' lang='lat' dir='ltr'>laetum</span> 
     </span>
    </p>
   </div>
   <div class='ocr_carea' id='block_1_44' title="bbox 36 1946 1662 2000">
    <p class='ocr_par' dir='ltr' id='par_1_44' title="bbox 36 1946 1662 2000">
     <span class='ocr_line' id='line_1_44' title="bbox 36 1946 1662 2000; baseline -0.001 0"><span class='ocrx_word' id='word_1_321' title='bbox 36 1951 355 2000; x_wconf 87' lang='lat' dir='ltr'>tormenta</span> <span class='ocrx_word' id='word_1_322' title='bbox 376 1946 685 1999; x_wconf 90' lang='lat' dir='ltr'>denunciet</span> <span class='ocrx_word' id='word_1_323' title='bbox 715 1953 773 1999; x_wconf 92' lang='lat' dir='ltr'>et</span> <span class='ocrx_word' id='word_1_324' title='bbox 796 1948 1066 1998; x_wconf 90' lang='lat' dir='ltr'>meritum</span> <span class='ocrx_word' id='word_1_325' title='bbox 1099 1947 1313 1998; x_wconf 86' lang='lat' dir='ltr'>divina</span> <span class='ocrx_word' id='word_1_326' title='bbox 1338 1947 1662 1998; x_wconf 85' lang='lat' dir='ltr'>severitatis</span> 
     </span>
    </p>
   </div>
   <div class='ocr_carea' id='block_1_45' title="bbox 38 2017 1668 2081">
    <p class='ocr_par' dir='ltr' id='par_1_45' title="bbox 38 2017 1668 2081">
     <span class='ocr_line' id='line_1_45' title="bbox 38 2017 1668 2081; baseline 0 -12"><span class='ocrx_word' id='word_1_327' title='bbox 38 2017 358 2081; x_wconf 84' lang='lat' dir='ltr'>ostendat,</span> <span class='ocrx_word' id='word_1_328' title='bbox 376 2018 572 2069; x_wconf 86' lang='lat' dir='ltr'>statim</span> <span class='ocrx_word' id='word_1_329' title='bbox 595 2030 855 2080; x_wconf 90' lang='lat' dir='ltr'>caussas,</span> <span class='ocrx_word' id='word_1_330' title='bbox 881 2030 1012 2081; x_wconf 83' lang='lat' dir='ltr'>qua</span> <span class='ocrx_word' id='word_1_331' title='bbox 1028 2018 1138 2081; x_wconf 78' lang='lat' dir='ltr'>hoc</span> <span class='ocrx_word' id='word_1_332' title='bbox 1160 2018 1668 2078; x_wconf 87' lang='lat' dir='ltr'>meruere,subne—</span> 
     </span>
    </p>
   </div>
   <div class='ocr_carea' id='block_1_46' title="bbox 41 2089 1671 2153">
    <p class='ocr_par' dir='ltr' id='par_1_46' title="bbox 41 2089 1671 2153">
     <span class='ocr_line' id='line_1_46' title="bbox 41 2089 1671 2153; baseline 0 -13"><span class='ocrx_word' id='word_1_333' title='bbox 41 2089 190 2147; x_wconf 86' lang='lat' dir='ltr'>ctit;</span> <span class='ocrx_word' id='word_1_334' title='bbox 224 2102 419 2153; x_wconf 88' lang='lat' dir='ltr'>neque</span> <span class='ocrx_word' id='word_1_335' title='bbox 441 2089 770 2142; x_wconf 87' lang='lat' dir='ltr'>mortalium</span> <span class='ocrx_word' id='word_1_336' title='bbox 794 2090 994 2153; x_wconf 89' lang='lat' dir='ltr'>culpas</span> <span class='ocrx_word' id='word_1_337' title='bbox 1018 2089 1417 2140; x_wconf 88' lang='lat' dir='ltr'>dinumerasse</span> <span class='ocrx_word' id='word_1_338' title='bbox 1443 2094 1671 2140; x_wconf 86' lang='lat' dir='ltr'>conten-</span> 
     </span>
    </p>
   </div>
   <div class='ocr_carea' id='block_1_47' title="bbox 44 2159 1666 2224">
    <p class='ocr_par' dir='ltr' id='par_1_47' title="bbox 44 2159 1666 2224">
     <span class='ocr_line' id='line_1_47' title="bbox 44 2159 1666 2224; baseline -0.001 -13"><span class='ocrx_word' id='word_1_339' title='bbox 44 2164 170 2221; x_wconf 88' lang='lat' dir='ltr'>tus,</span> <span class='ocrx_word' id='word_1_340' title='bbox 217 2159 434 2223; x_wconf 88' lang='lat' dir='ltr'>gaudia</span> <span class='ocrx_word' id='word_1_341' title='bbox 482 2164 817 2224; x_wconf 90' lang='lat' dir='ltr'>sequutura</span> <span class='ocrx_word' id='word_1_342' title='bbox 873 2160 1266 2224; x_wconf 89' lang='lat' dir='ltr'>prosperitatis</span> <span class='ocrx_word' id='word_1_343' title='bbox 1311 2159 1666 2223; x_wconf 84' lang='lat' dir='ltr'>exsequitur,</span> 
     </span>
    </p>
   </div>
   <div class='ocr_carea' id='block_1_48' title="bbox 43 2228 1668 2295">
    <p class='ocr_par' dir='ltr' id='par_1_48' title="bbox 43 2228 1668 2295">
     <span class='ocr_line' id='line_1_48' title="bbox 43 2228 1668 2295; baseline -0.002 -12"><span class='ocrx_word' id='word_1_344' title='bbox 43 2230 381 2283; x_wconf 90' lang='lat' dir='ltr'>ostendens</span> <span class='ocrx_word' id='word_1_345' title='bbox 393 2231 547 2295; x_wconf 93' lang='lat' dir='ltr'>quod</span> <span class='ocrx_word' id='word_1_346' title='bbox 558 2233 789 2284; x_wconf 88' lang='lat' dir='ltr'>brevem</span> <span class='ocrx_word' id='word_1_347' title='bbox 805 2230 960 2282; x_wconf 88' lang='lat' dir='ltr'>illam</span> <span class='ocrx_word' id='word_1_348' title='bbox 973 2228 1489 2282; x_wconf 88' lang='lat' dir='ltr'>dissimulationem</span> <span class='ocrx_word' id='word_1_349' title='bbox 1502 2234 1668 2280; x_wconf 83' lang='lat' dir='ltr'>venia</span> 
     </span>
    </p>
   </div>
   <div class='ocr_carea' id='block_1_49' title="bbox 41 2301 1669 2368">
    <p class='ocr_par' dir='ltr' id='par_1_49' title="bbox 41 2301 1669 2368">
     <span class='ocr_line' id='line_1_49' title="bbox 41 2301 1669 2368; baseline -0.003 -14"><span class='ocrx_word' id='word_1_350' title='bbox 41 2304 215 2354; x_wconf 91' lang='lat' dir='ltr'>Deus</span> <span class='ocrx_word' id='word_1_351' title='bbox 227 2305 430 2354; x_wconf 89' lang='lat' dir='ltr'>noster</span> <span class='ocrx_word' id='word_1_352' title='bbox 443 2304 502 2355; x_wconf 93' lang='lat' dir='ltr'>in</span> <span class='ocrx_word' id='word_1_353' title='bbox 519 2307 855 2368; x_wconf 90' lang='lat' dir='ltr'>apparatum</span> <span class='ocrx_word' id='word_1_354' title='bbox 872 2301 1288 2353; x_wconf 89' lang='lat' dir='ltr'>conciliationis</span> <span class='ocrx_word' id='word_1_355' title='bbox 1299 2304 1669 2362; x_wconf 87' lang='lat' dir='ltr'>quodammodo</span> 
     </span>
    </p>
   </div>
   <div class='ocr_carea' id='block_1_50' title="bbox 41 2372 1669 2437">
    <p class='ocr_par' dir='ltr' id='par_1_50' title="bbox 41 2372 1669 2437">
     <span class='ocr_line' id='line_1_50' title="bbox 41 2372 1669 2437; baseline -0.002 -11"><span class='ocrx_word' id='word_1_356' title='bbox 41 2377 344 2426; x_wconf 82' lang='lat' dir='ltr'>assumat.</span> <span class='ocrx_word' id='word_1_357' title='bbox 370 2376 493 2435; x_wconf 92' lang='lat' dir='ltr'>Quo</span> <span class='ocrx_word' id='word_1_358' title='bbox 518 2378 1087 2437; x_wconf 88' lang='lat' dir='ltr'>tamenargumento,</span> <span class='ocrx_word' id='word_1_359' title='bbox 1114 2372 1459 2424; x_wconf 90' lang='lat' dir='ltr'>utlaudatur</span> <span class='ocrx_word' id='word_1_360' title='bbox 1473 2372 1669 2424; x_wconf 91' lang='lat' dir='ltr'>divina</span> 
     </span>
    </p>
   </div>
   <div class='ocr_carea' id='block_1_51' title="bbox 44 2444 1668 2510">
    <p class='ocr_par' dir='ltr' id='par_1_51' title="bbox 44 2444 1668 2510">
     <span class='ocr_line' id='line_1_51' title="bbox 44 2444 1668 2510; baseline -0.001 -13"><span class='ocrx_word' id='word_1_361' title='bbox 44 2445 391 2510; x_wconf 90' lang='lat' dir='ltr'>clementia,</span> <span class='ocrx_word' id='word_1_362' title='bbox 411 2446 492 2497; x_wconf 90' lang='lat' dir='ltr'>ita</span> <span class='ocrx_word' id='word_1_363' title='bbox 511 2445 790 2508; x_wconf 87' lang='lat' dir='ltr'>iniquitas</span> <span class='ocrx_word' id='word_1_364' title='bbox 814 2444 1071 2496; x_wconf 88' lang='lat' dir='ltr'>humana</span> <span class='ocrx_word' id='word_1_365' title='bbox 1095 2444 1460 2509; x_wconf 88' lang='lat' dir='ltr'>deprimitur:</span> <span class='ocrx_word' id='word_1_366' title='bbox 1499 2445 1668 2507; x_wconf 89' lang='lat' dir='ltr'>cujus</span> 
     </span>
    </p>
   </div>
   <div class='ocr_carea' id='block_1_52' title="bbox 46 2515 1670 2579">
    <p class='ocr_par' dir='ltr' id='par_1_52' title="bbox 46 2515 1670 2579">
     <span class='ocr_line' id='line_1_52' title="bbox 46 2515 1670 2579; baseline -0.001 -12"><span class='ocrx_word' id='word_1_367' title='bbox 46 2515 352 2579; x_wconf 80' lang='lat' dir='ltr'>videlicet,</span> <span class='ocrx_word' id='word_1_368' title='bbox 376 2516 551 2567; x_wconf 78' lang='lat' dir='ltr'>efficit</span> <span class='ocrx_word' id='word_1_369' title='bbox 580 2515 932 2579; x_wconf 81' lang='lat' dir='ltr'>magnitudo,</span> <span class='ocrx_word' id='word_1_370' title='bbox 960 2519 1027 2566; x_wconf 92' lang='lat' dir='ltr'>ut</span> <span class='ocrx_word' id='word_1_371' title='bbox 1050 2518 1227 2567; x_wconf 86' lang='lat' dir='ltr'>tanta</span> <span class='ocrx_word' id='word_1_372' title='bbox 1253 2515 1528 2567; x_wconf 88' lang='lat' dir='ltr'>bonitatis</span> <span class='ocrx_word' id='word_1_373' title='bbox 1556 2516 1670 2566; x_wconf 85' lang='lat' dir='ltr'>Do-</span> 
     </span>
    </p>
   </div>
   <div class='ocr_carea' id='block_1_53' title="bbox 45 2586 1669 2646">
    <p class='ocr_par' dir='ltr' id='par_1_53' title="bbox 45 2586 1669 2646">
     <span class='ocr_line' id='line_1_53' title="bbox 45 2586 1669 2646; baseline -0.004 -7"><span class='ocrx_word' id='word_1_374' title='bbox 45 2588 261 2639; x_wconf 87' lang='lat' dir='ltr'>minus</span> <span class='ocrx_word' id='word_1_375' title='bbox 285 2586 572 2637; x_wconf 91' lang='lat' dir='ltr'>interdum</span> <span class='ocrx_word' id='word_1_376' title='bbox 586 2586 659 2637; x_wconf 90' lang='lat' dir='ltr'>ad</span> <span class='ocrx_word' id='word_1_377' title='bbox 673 2586 1027 2638; x_wconf 90' lang='lat' dir='ltr'>iracundiam</span> <span class='ocrx_word' id='word_1_378' title='bbox 1044 2586 1381 2638; x_wconf 89' lang='lat' dir='ltr'>concitetur.</span> <span class='ocrx_word' id='word_1_379' title='bbox 1407 2590 1669 2646; x_wconf 81' lang='lat' dir='ltr'>Postquam</span> 
     </span>
    </p>
   </div>
   <div class='ocr_carea' id='block_1_54' title="bbox 45 2656 1669 2722">
    <p class='ocr_par' dir='ltr' id='par_1_54' title="bbox 45 2656 1669 2722">
     <span class='ocr_line' id='line_1_54' title="bbox 45 2656 1669 2722; baseline -0.002 -12"><span class='ocrx_word' id='word_1_380' title='bbox 45 2671 197 2722; x_wconf 87' lang='lat' dir='ltr'>ergo</span> <span class='ocrx_word' id='word_1_381' title='bbox 223 2658 722 2721; x_wconf 89' lang='lat' dir='ltr'>pronunciaverat,</span> <span class='ocrx_word' id='word_1_382' title='bbox 748 2657 903 2721; x_wconf 93' lang='lat' dir='ltr'>quod</span> <span class='ocrx_word' id='word_1_383' title='bbox 927 2658 1211 2709; x_wconf 89' lang='lat' dir='ltr'>universis</span> <span class='ocrx_word' id='word_1_384' title='bbox 1234 2656 1463 2721; x_wconf 81' lang='lat' dir='ltr'>gaudiis</span> <span class='ocrx_word' id='word_1_385' title='bbox 1489 2656 1669 2706; x_wconf 91' lang='lat' dir='ltr'>tristis</span> 
     </span>
    </p>
   </div>
   <div class='ocr_carea' id='block_1_55' title="bbox 45 2728 1672 2794">
    <p class='ocr_par' dir='ltr' id='par_1_55' title="bbox 45 2728 1672 2794">
     <span class='ocr_line' id='line_1_55' title="bbox 45 2728 1672 2794; baseline -0.003 -12"><span class='ocrx_word' id='word_1_386' title='bbox 45 2734 219 2783; x_wconf 85' lang='lat' dir='ltr'>esset</span> <span class='ocrx_word' id='word_1_387' title='bbox 238 2728 531 2780; x_wconf 85' lang='lat' dir='ltr'>inferenda</span> <span class='ocrx_word' id='word_1_388' title='bbox 544 2729 810 2794; x_wconf 86' lang='lat' dir='ltr'>cessatio,</span> <span class='ocrx_word' id='word_1_389' title='bbox 834 2742 941 2780; x_wconf 91' lang='lat' dir='ltr'>nec</span> <span class='ocrx_word' id='word_1_390' title='bbox 965 2728 1172 2791; x_wconf 87' lang='lat' dir='ltr'>aliquis</span> <span class='ocrx_word' id='word_1_391' title='bbox 1196 2728 1440 2791; x_wconf 90' lang='lat' dir='ltr'>miseris,</span> <span class='ocrx_word' id='word_1_392' title='bbox 1460 2728 1549 2779; x_wconf 86' lang='lat' dir='ltr'>vel</span> <span class='ocrx_word' id='word_1_393' title='bbox 1578 2740 1672 2777; x_wconf 91' lang='lat' dir='ltr'>au-</span> 
     </span>
    </p>
   </div>
   <div class='ocr_carea' id='block_1_56' title="bbox 48 2799 1670 2853">
    <p class='ocr_par' dir='ltr' id='par_1_56' title="bbox 48 2799 1670 2853">
     <span class='ocr_line' id='line_1_56' title="bbox 48 2799 1670 2853; baseline -0.002 0"><span class='ocrx_word' id='word_1_394' title='bbox 48 2801 267 2853; x_wconf 77' lang='lat' dir='ltr'>xilium</span> <span class='ocrx_word' id='word_1_395' title='bbox 292 2800 386 2852; x_wconf 92' lang='lat' dir='ltr'>vel</span> <span class='ocrx_word' id='word_1_396' title='bbox 412 2800 682 2853; x_wconf 83' lang='lat' dir='ltr'>solatium</span> <span class='ocrx_word' id='word_1_397' title='bbox 696 2802 921 2852; x_wconf 89' lang='lat' dir='ltr'>laturus</span> <span class='ocrx_word' id='word_1_398' title='bbox 948 2804 1305 2852; x_wconf 90' lang='lat' dir='ltr'>occurreret:</span> <span class='ocrx_word' id='word_1_399' title='bbox 1336 2799 1533 2851; x_wconf 89' lang='lat' dir='ltr'>statim</span> <span class='ocrx_word' id='word_1_400' title='bbox 1558 2799 1670 2850; x_wconf 89' lang='lat' dir='ltr'>cri—</span> 
     </span>
    </p>
   </div>
   <div class='ocr_carea' id='block_1_57' title="bbox 49 2872 1670 2937">
    <p class='ocr_par' dir='ltr' id='par_1_57' title="bbox 49 2872 1670 2937">
     <span class='ocr_line' id='line_1_57' title="bbox 49 2872 1670 2937; baseline -0.004 -12"><span class='ocrx_word' id='word_1_401' title='bbox 49 2872 223 2925; x_wconf 88' lang='lat' dir='ltr'>mina</span> <span class='ocrx_word' id='word_1_402' title='bbox 246 2872 458 2937; x_wconf 89' lang='lat' dir='ltr'>populi,</span> <span class='ocrx_word' id='word_1_403' title='bbox 483 2872 541 2924; x_wconf 92' lang='lat' dir='ltr'>id</span> <span class='ocrx_word' id='word_1_404' title='bbox 564 2878 671 2933; x_wconf 90' lang='lat' dir='ltr'>est,</span> <span class='ocrx_word' id='word_1_405' title='bbox 690 2885 928 2924; x_wconf 89' lang='lat' dir='ltr'>caussas</span> <span class='ocrx_word' id='word_1_406' title='bbox 946 2885 1070 2925; x_wconf 85' lang='lat' dir='ltr'>sua</span> <span class='ocrx_word' id='word_1_407' title='bbox 1086 2872 1502 2936; x_wconf 86' lang='lat' dir='ltr'>indignationis</span> <span class='ocrx_word' id='word_1_408' title='bbox 1518 2887 1670 2932; x_wconf 75' lang='lat' dir='ltr'>expo-</span> 
     </span>
    </p>
   </div>
   <div class='ocr_carea' id='block_1_58' title="bbox 54 2944 1670 3011">
    <p class='ocr_par' dir='ltr' id='par_1_58' title="bbox 54 2944 1670 3011">
     <span class='ocr_line' id='line_1_58' title="bbox 54 2944 1670 3011; baseline -0.002 -14"><span class='ocrx_word' id='word_1_409' title='bbox 54 2945 200 2999; x_wconf 85' lang='lat' dir='ltr'>suit.</span> <span class='ocrx_word' id='word_1_410' title='bbox 224 2949 400 3007; x_wconf 86' lang='lat' dir='ltr'>atque</span> <span class='ocrx_word' id='word_1_411' title='bbox 424 2955 623 2995; x_wconf 89' lang='lat' dir='ltr'>eorum</span> <span class='ocrx_word' id='word_1_412' title='bbox 659 2944 1120 3011; x_wconf 85' lang='lat' dir='ltr'>magnitudinem</span> <span class='ocrx_word' id='word_1_413' title='bbox 1145 2945 1491 3006; x_wconf 89' lang='lat' dir='ltr'>atatemque</span> <span class='ocrx_word' id='word_1_414' title='bbox 1514 2955 1670 2993; x_wconf 92' lang='lat' dir='ltr'>com-</span> 
     </span>
    </p>
   </div>
   <div class='ocr_carea' id='block_1_59' title="bbox 60 3014 1669 3080">
    <p class='ocr_par' dir='ltr' id='par_1_59' title="bbox 60 3014 1669 3080">
     <span class='ocr_line' id='line_1_59' title="bbox 60 3014 1669 3080; baseline -0.002 -12"><span class='ocrx_word' id='word_1_415' title='bbox 60 3028 422 3079; x_wconf 88' lang='lat' dir='ltr'>memorans,</span> <span class='ocrx_word' id='word_1_416' title='bbox 446 3016 695 3068; x_wconf 90' lang='lat' dir='ltr'>ostendit</span> <span class='ocrx_word' id='word_1_417' title='bbox 727 3032 739 3067; x_wconf 88' lang='lat'>:</span> <span class='ocrx_word' id='word_1_418' title='bbox 786 3017 921 3080; x_wconf 86' lang='lat' dir='ltr'>quia</span> <span class='ocrx_word' id='word_1_419' title='bbox 945 3027 1189 3067; x_wconf 87' lang='lat' dir='ltr'>censura</span> <span class='ocrx_word' id='word_1_420' title='bbox 1212 3016 1338 3078; x_wconf 90' lang='lat' dir='ltr'>ejus</span> <span class='ocrx_word' id='word_1_421' title='bbox 1360 3014 1502 3066; x_wconf 92' lang='lat' dir='ltr'>nulli</span> <span class='ocrx_word' id='word_1_422' title='bbox 1538 3026 1669 3066; x_wconf 91' lang='lat' dir='ltr'>esse</span> 
     </span>
    </p>
   </div>
   <div class='ocr_carea' id='block_1_60' title="bbox 63 3086 1668 3153">
    <p class='ocr_par' dir='ltr' id='par_1_60' title="bbox 63 3086 1668 3153">
     <span class='ocr_line' id='line_1_60' title="bbox 63 3086 1668 3153; baseline -0.002 -14"><span class='ocrx_word' id='word_1_423' title='bbox 63 3089 328 3151; x_wconf 86' lang='lat' dir='ltr'>deberet,</span> <span class='ocrx_word' id='word_1_424' title='bbox 361 3088 432 3139; x_wconf 91' lang='lat' dir='ltr'>de</span> <span class='ocrx_word' id='word_1_425' title='bbox 456 3088 750 3141; x_wconf 90' lang='lat' dir='ltr'>nimietate</span> <span class='ocrx_word' id='word_1_426' title='bbox 779 3088 1117 3153; x_wconf 90' lang='lat' dir='ltr'>suspectior,</span> <span class='ocrx_word' id='word_1_427' title='bbox 1144 3099 1278 3138; x_wconf 91' lang='lat' dir='ltr'>cum</span> <span class='ocrx_word' id='word_1_428' title='bbox 1304 3100 1365 3137; x_wconf 90' lang='lat' dir='ltr'>se</span> <span class='ocrx_word' id='word_1_429' title='bbox 1391 3086 1668 3137; x_wconf 89' lang='lat' dir='ltr'>scelerum</span> 
     </span>
    </p>
   </div>
   <div class='ocr_carea' id='block_1_61' title="bbox 60 3157 1669 3224">
    <p class='ocr_par' dir='ltr' id='par_1_61' title="bbox 60 3157 1669 3224">
     <span class='ocr_line' id='line_1_61' title="bbox 60 3157 1669 3224; baseline -0.004 -13"><span class='ocrx_word' id='word_1_430' title='bbox 60 3159 159 3211; x_wconf 88' lang='lat' dir='ltr'>vel</span> <span class='ocrx_word' id='word_1_431' title='bbox 172 3159 613 3224; x_wconf 88' lang='lat' dir='ltr'>quantitatibus,</span> <span class='ocrx_word' id='word_1_432' title='bbox 630 3158 722 3211; x_wconf 93' lang='lat' dir='ltr'>vel</span> <span class='ocrx_word' id='word_1_433' title='bbox 738 3160 892 3211; x_wconf 88' lang='lat' dir='ltr'>atati</span> <span class='ocrx_word' id='word_1_434' title='bbox 901 3159 1011 3211; x_wconf 91' lang='lat' dir='ltr'>bus</span> <span class='ocrx_word' id='word_1_435' title='bbox 1027 3157 1371 3221; x_wconf 83' lang='lat' dir='ltr'>conferatur,</span> <span class='ocrx_word' id='word_1_436' title='bbox 1384 3169 1669 3209; x_wconf 82' lang='lat' dir='ltr'>excusan-</span> 
     </span>
    </p>
   </div>
   <div class='ocr_carea' id='block_1_62' title="bbox 58 3228 1668 3296">
    <p class='ocr_par' dir='ltr' id='par_1_62' title="bbox 58 3228 1668 3296">
     <span class='ocr_line' id='line_1_62' title="bbox 58 3228 1668 3296; baseline -0.003 -13"><span class='ocrx_word' id='word_1_437' title='bbox 58 3233 203 3285; x_wconf 88' lang='lat' dir='ltr'>dam</span> <span class='ocrx_word' id='word_1_438' title='bbox 219 3231 573 3296; x_wconf 88' lang='lat' dir='ltr'>parcitatem,</span> <span class='ocrx_word' id='word_1_439' title='bbox 588 3230 982 3282; x_wconf 81' lang='lat' dir='ltr'>excusandam</span> <span class='ocrx_word' id='word_1_440' title='bbox 993 3230 1203 3281; x_wconf 90' lang='lat' dir='ltr'>habeat</span> <span class='ocrx_word' id='word_1_441' title='bbox 1215 3228 1668 3280; x_wconf 85' lang='lat' dir='ltr'>tarditatem.Ve-</span> 
     </span>
    </p>
   </div>
   <div class='ocr_carea' id='block_1_63' title="bbox 60 3298 1672 3363">
    <p class='ocr_par' dir='ltr' id='par_1_63' title="bbox 60 3298 1672 3363">
     <span class='ocr_line' id='line_1_63' title="bbox 60 3298 1672 3363; baseline -0.004 -8"><span class='ocrx_word' id='word_1_442' title='bbox 60 3316 200 3356; x_wconf 88' lang='lat' dir='ltr'>rum</span> <span class='ocrx_word' id='word_1_443' title='bbox 223 3314 340 3354; x_wconf 90' lang='lat' dir='ltr'>non</span> <span class='ocrx_word' id='word_1_444' title='bbox 386 3314 504 3353; x_wconf 91' lang='lat' dir='ltr'>uno</span> <span class='ocrx_word' id='word_1_445' title='bbox 546 3301 655 3353; x_wconf 91' lang='lat' dir='ltr'>hoc</span> <span class='ocrx_word' id='word_1_446' title='bbox 700 3301 902 3359; x_wconf 89' lang='lat' dir='ltr'>colore,</span> <span class='ocrx_word' id='word_1_447' title='bbox 932 3301 1190 3363; x_wconf 90' lang='lat' dir='ltr'>inquam,</span> <span class='ocrx_word' id='word_1_448' title='bbox 1217 3303 1238 3329; x_wconf 74' lang='grc' dir='ltr'>ι’</span> <span class='ocrx_word' id='word_1_449' title='bbox 1261 3299 1487 3352; x_wconf 91' lang='lat' dir='ltr'>dulcem</span> <span class='ocrx_word' id='word_1_450' title='bbox 1512 3304 1567 3351; x_wconf 92' lang='lat' dir='ltr'>et</span> <span class='ocrx_word' id='word_1_451' title='bbox 1590 3298 1672 3349; x_wconf 77' lang='lat' dir='ltr'>fa-</span> 
     </span>
    </p>
   </div>
   <div class='ocr_carea' id='block_1_64' title="bbox 62 3368 1674 3432">
    <p class='ocr_par' dir='ltr' id='par_1_64' title="bbox 62 3368 1674 3432">
     <span class='ocr_line' id='line_1_64' title="bbox 62 3368 1674 3432; baseline -0.004 -6"><span class='ocrx_word' id='word_1_452' title='bbox 62 3374 350 3427; x_wconf 89' lang='lat' dir='ltr'>miliarem</span> <span class='ocrx_word' id='word_1_453' title='bbox 390 3374 498 3425; x_wconf 89' lang='lat' dir='ltr'>sibi</span> <span class='ocrx_word' id='word_1_454' title='bbox 536 3372 899 3425; x_wconf 89' lang='lat' dir='ltr'>clementiam</span> <span class='ocrx_word' id='word_1_455' title='bbox 940 3370 1374 3432; x_wconf 89' lang='lat' dir='ltr'>commendans,</span> <span class='ocrx_word' id='word_1_456' title='bbox 1407 3371 1578 3422; x_wconf 89' lang='lat' dir='ltr'>etiam</span> <span class='ocrx_word' id='word_1_457' title='bbox 1602 3368 1674 3420; x_wconf 94' lang='lat' dir='ltr'>de</span> 
     </span>
    </p>
   </div>
   <div class='ocr_carea' id='block_1_65' title="bbox 63 3442 1671 3512">
    <p class='ocr_par' dir='ltr' id='par_1_65' title="bbox 63 3442 1671 3512">
     <span class='ocr_line' id='line_1_65' title="bbox 63 3442 1671 3512; baseline -0.006 -15"><span class='ocrx_word' id='word_1_458' title='bbox 63 3458 474 3512; x_wconf 87' lang='lat' dir='ltr'>prosperorum</span> <span class='ocrx_word' id='word_1_459' title='bbox 500 3445 755 3497; x_wconf 91' lang='lat' dir='ltr'>illatione</span> <span class='ocrx_word' id='word_1_460' title='bbox 779 3444 964 3509; x_wconf 85' lang='lat' dir='ltr'>plagis</span> <span class='ocrx_word' id='word_1_461' title='bbox 987 3443 1341 3502; x_wconf 85' lang='lat' dir='ltr'>adharente,</span> <span class='ocrx_word' id='word_1_462' title='bbox 1366 3442 1518 3493; x_wconf 91' lang='lat' dir='ltr'>idem</span> <span class='ocrx_word' id='word_1_463' title='bbox 1542 3444 1671 3489; x_wconf 87' lang='lat' dir='ltr'>istud</span> 
     </span>
    </p>
   </div>
   <div class='ocr_carea' id='block_1_66' title="bbox 65 3512 1674 3581">
    <p class='ocr_par' dir='ltr' id='par_1_66' title="bbox 65 3512 1674 3581">
     <span class='ocr_line' id='line_1_66' title="bbox 65 3512 1674 3581; baseline -0.007 -12"><span class='ocrx_word' id='word_1_464' title='bbox 65 3517 391 3581; x_wconf 86' lang='lat' dir='ltr'>consignat,</span> <span class='ocrx_word' id='word_1_465' title='bbox 416 3519 473 3568; x_wconf 90' lang='lat' dir='ltr'>et</span> <span class='ocrx_word' id='word_1_466' title='bbox 488 3520 648 3569; x_wconf 90' lang='lat' dir='ltr'>tanto</span> <span class='ocrx_word' id='word_1_467' title='bbox 664 3528 731 3568; x_wconf 90' lang='lat' dir='ltr'>ea</span> <span class='ocrx_word' id='word_1_468' title='bbox 752 3516 971 3567; x_wconf 88' lang='lat' dir='ltr'>ambitu</span> <span class='ocrx_word' id='word_1_469' title='bbox 987 3515 1204 3579; x_wconf 85' lang='lat' dir='ltr'>majore</span> <span class='ocrx_word' id='word_1_470' title='bbox 1220 3512 1510 3574; x_wconf 89' lang='lat' dir='ltr'>describit,</span> <span class='ocrx_word' id='word_1_471' title='bbox 1528 3514 1674 3573; x_wconf 89' lang='lat' dir='ltr'>quasi</span> 
     </span>
    </p>
   </div>
   <div class='ocr_carea' id='block_1_67' title="bbox 67 3584 1675 3654">
    <p class='ocr_par' dir='ltr' id='par_1_67' title="bbox 67 3584 1675 3654">
     <span class='ocr_line' id='line_1_67' title="bbox 67 3584 1675 3654; baseline -0.004 -14"><span class='ocrx_word' id='word_1_472' title='bbox 67 3589 172 3654; x_wconf 86' lang='lat' dir='ltr'>qui</span> <span class='ocrx_word' id='word_1_473' title='bbox 193 3587 362 3641; x_wconf 89' lang='lat' dir='ltr'>vellet</span> <span class='ocrx_word' id='word_1_474' title='bbox 390 3601 505 3640; x_wconf 91' lang='lat' dir='ltr'>non</span> <span class='ocrx_word' id='word_1_475' title='bbox 528 3588 719 3640; x_wconf 90' lang='lat' dir='ltr'>solum</span> <span class='ocrx_word' id='word_1_476' title='bbox 742 3598 1133 3652; x_wconf 89' lang='lat' dir='ltr'>compensare,</span> <span class='ocrx_word' id='word_1_477' title='bbox 1162 3585 1261 3637; x_wconf 91' lang='lat' dir='ltr'>sed</span> <span class='ocrx_word' id='word_1_478' title='bbox 1288 3584 1463 3637; x_wconf 91' lang='lat' dir='ltr'>etiam</span> <span class='ocrx_word' id='word_1_479' title='bbox 1496 3595 1675 3634; x_wconf 81' lang='lat' dir='ltr'>excu-</span> 
     </span>
    </p>
   </div>
   <div class='ocr_carea' id='block_1_68' title="bbox 69 3656 1675 3723">
    <p class='ocr_par' dir='ltr' id='par_1_68' title="bbox 69 3656 1675 3723">
     <span class='ocr_line' id='line_1_68' title="bbox 69 3656 1675 3723; baseline -0.004 -12"><span class='ocrx_word' id='word_1_480' title='bbox 69 3671 200 3712; x_wconf 88' lang='lat' dir='ltr'>sare</span> <span class='ocrx_word' id='word_1_481' title='bbox 223 3659 375 3723; x_wconf 89' lang='lat' dir='ltr'>quod</span> <span class='ocrx_word' id='word_1_482' title='bbox 400 3658 658 3723; x_wconf 87' lang='lat' dir='ltr'>perculit.</span> <span class='ocrx_word' id='word_1_483' title='bbox 686 3661 832 3723; x_wconf 87' lang='lat' dir='ltr'>Ergo</span> <span class='ocrx_word' id='word_1_484' title='bbox 856 3671 990 3710; x_wconf 91' lang='lat' dir='ltr'>cum</span> <span class='ocrx_word' id='word_1_485' title='bbox 1014 3657 1277 3721; x_wconf 81' lang='lat' dir='ltr'>dixisset,</span> <span class='ocrx_word' id='word_1_486' title='bbox 1299 3656 1675 3719; x_wconf 87' lang='lat' dir='ltr'>quiaponeret</span> 
     </span>
    </p>
   </div>
   <div class='ocr_carea' id='block_1_69' title="bbox 69 3726 1673 3794">
    <p class='ocr_par' dir='ltr' id='par_1_69' title="bbox 69 3726 1673 3794">
     <span class='ocr_line' id='line_1_69' title="bbox 69 3726 1673 3794; baseline -0.004 -11"><span class='ocrx_word' id='word_1_487' title='bbox 69 3744 202 3783; x_wconf 88' lang='lat' dir='ltr'>eam</span> <span class='ocrx_word' id='word_1_488' title='bbox 226 3731 282 3781; x_wconf 90' lang='lat' dir='ltr'>in</span> <span class='ocrx_word' id='word_1_489' title='bbox 306 3731 531 3794; x_wconf 83' lang='lat' dir='ltr'>saltum,</span> <span class='ocrx_word' id='word_1_490' title='bbox 559 3736 623 3782; x_wconf 91' lang='lat' dir='ltr'>ut</span> <span class='ocrx_word' id='word_1_491' title='bbox 646 3730 1014 3782; x_wconf 86' lang='lat' dir='ltr'>comederent</span> <span class='ocrx_word' id='word_1_492' title='bbox 1034 3729 1187 3780; x_wconf 88' lang='lat' dir='ltr'>illam</span> <span class='ocrx_word' id='word_1_493' title='bbox 1214 3728 1415 3780; x_wconf 86' lang='lat' dir='ltr'>bestia</span> <span class='ocrx_word' id='word_1_494' title='bbox 1438 3726 1579 3790; x_wconf 84' lang='lat' dir='ltr'>agri,</span> <span class='ocrx_word' id='word_1_495' title='bbox 1616 3726 1673 3777; x_wconf 93' lang='lat' dir='ltr'>id</span> 
     </span>
    </p>
   </div>
   <div class='ocr_carea' id='block_1_70' title="bbox 70 3799 1676 3867">
    <p class='ocr_par' dir='ltr' id='par_1_70' title="bbox 70 3799 1676 3867">
     <span class='ocr_line' id='line_1_70' title="bbox 70 3799 1676 3867; baseline -0.007 -11"><span class='ocrx_word' id='word_1_496' title='bbox 70 3809 183 3864; x_wconf 88' lang='lat' dir='ltr'>est,</span> <span class='ocrx_word' id='word_1_497' title='bbox 210 3804 427 3855; x_wconf 88' lang='lat' dir='ltr'>cunctis</span> <span class='ocrx_word' id='word_1_498' title='bbox 457 3804 613 3867; x_wconf 86' lang='lat' dir='ltr'>regni</span> <span class='ocrx_word' id='word_1_499' title='bbox 638 3802 938 3855; x_wconf 90' lang='lat' dir='ltr'>eturbium</span> <span class='ocrx_word' id='word_1_500' title='bbox 960 3800 1382 3852; x_wconf 90' lang='lat' dir='ltr'>munitionibus</span> <span class='ocrx_word' id='word_1_501' title='bbox 1406 3799 1676 3858; x_wconf 87' lang='lat' dir='ltr'>amputatis</span> 
     </span>
    </p>
   </div>
   <div class='ocr_carea' id='block_1_71' title="bbox 72 3872 1676 3942">
    <p class='ocr_par' dir='ltr' id='par_1_71' title="bbox 72 3872 1676 3942">
     <span class='ocr_line' id='line_1_71' title="bbox 72 3872 1676 3942; baseline -0.005 -16"><span class='ocrx_word' id='word_1_502' title='bbox 72 3872 518 3942; x_wconf 70' lang='lat' dir='ltr'>potestati4|0</span> <span class='ocrx_word' id='word_1_503' title='bbox 568 3874 829 3927; x_wconf 89' lang='lat' dir='ltr'>hostium</span> <span class='ocrx_word' id='word_1_504' title='bbox 877 3872 1195 3923; x_wconf 87' lang='lat' dir='ltr'>traderetur</span> <span class='ocrx_word' id='word_1_505' title='bbox 1234 3874 1272 3934; x_wconf 72' lang='grc' dir='ltr'>(ε</span> <span class='ocrx_word' id='word_1_506' title='bbox 1301 3880 1563 3930; x_wconf 82' lang='lat' dir='ltr'>censura,</span> <span class='ocrx_word' id='word_1_507' title='bbox 1610 3873 1676 3919; x_wconf 92' lang='lat' dir='ltr'>ut</span> 
     </span>
    </p>
   </div>
   <div class='ocr_carea' id='block_1_72' title="bbox 73 3942 1674 4011">
    <p class='ocr_par' dir='ltr' id='par_1_72' title="bbox 73 3942 1674 4011">
     <span class='ocr_line' id='line_1_72' title="bbox 73 3942 1674 4011; baseline -0.005 -13"><span class='ocrx_word' id='word_1_508' title='bbox 73 3944 367 4011; x_wconf 90' lang='lat' dir='ltr'>quondam</span> <span class='ocrx_word' id='word_1_509' title='bbox 413 3947 475 3997; x_wconf 92' lang='lat' dir='ltr'>in</span> <span class='ocrx_word' id='word_1_510' title='bbox 496 3948 761 4011; x_wconf 72' lang='lat' dir='ltr'>Egypto,</span> <span class='ocrx_word' id='word_1_511' title='bbox 801 3944 1212 3996; x_wconf 89' lang='lat' dir='ltr'>contumeliam</span> <span class='ocrx_word' id='word_1_512' title='bbox 1238 3942 1331 3995; x_wconf 93' lang='lat' dir='ltr'>vel</span> <span class='ocrx_word' id='word_1_513' title='bbox 1357 3952 1674 3994; x_wconf 88' lang='lat' dir='ltr'>arumnam</span> 
     </span>
    </p>
   </div>
   <div class='ocr_carea' id='block_1_73' title="bbox 70 4013 1674 4083">
    <p class='ocr_par' dir='ltr' id='par_1_73' title="bbox 70 4013 1674 4083">
     <span class='ocr_line' id='line_1_73' title="bbox 70 4013 1674 4083; baseline -0.006 -12"><span class='ocrx_word' id='word_1_514' title='bbox 70 4019 248 4071; x_wconf 86' lang='lat' dir='ltr'>lutea</span> <span class='ocrx_word' id='word_1_515' title='bbox 269 4018 582 4081; x_wconf 86' lang='lat' dir='ltr'>servitutis)</span> <span class='ocrx_word' id='word_1_516' title='bbox 605 4018 814 4083; x_wconf 88' lang='lat' dir='ltr'>quippe</span> <span class='ocrx_word' id='word_1_517' title='bbox 838 4029 971 4081; x_wconf 86' lang='lat' dir='ltr'>qua</span> <span class='ocrx_word' id='word_1_518' title='bbox 1001 4016 1336 4068; x_wconf 88' lang='lat' dir='ltr'>consectatu</span> <span class='ocrx_word' id='word_1_519' title='bbox 1372 4013 1674 4073; x_wconf 90' lang='lat' dir='ltr'>idolorum,</span> 
     </span>
    </p>
   </div>
   <div class='ocr_carea' id='block_1_74' title="bbox 74 4085 1678 4151">
    <p class='ocr_par' dir='ltr' id='par_1_74' title="bbox 74 4085 1678 4151">
     <span class='ocr_line' id='line_1_74' title="bbox 74 4085 1678 4151; baseline -0.006 -8"><span class='ocrx_word' id='word_1_520' title='bbox 74 4089 181 4143; x_wconf 89' lang='lat' dir='ltr'>Dei</span> <span class='ocrx_word' id='word_1_521' title='bbox 206 4089 294 4141; x_wconf 90' lang='lat' dir='ltr'>sui</span> <span class='ocrx_word' id='word_1_522' title='bbox 317 4089 523 4142; x_wconf 85' lang='lat' dir='ltr'>fuisset</span> <span class='ocrx_word' id='word_1_523' title='bbox 544 4089 721 4141; x_wconf 88' lang='lat' dir='ltr'>oblita</span> <span class='ocrx_word' id='word_1_524' title='bbox 747 4106 758 4138; x_wconf 87' lang='lat'>:</span> <span class='ocrx_word' id='word_1_525' title='bbox 786 4094 981 4141; x_wconf 80' lang='lat' dir='ltr'>tamen</span> <span class='ocrx_word' id='word_1_526' title='bbox 1000 4087 1135 4151; x_wconf 90' lang='lat' dir='ltr'>quia</span> <span class='ocrx_word' id='word_1_527' title='bbox 1159 4086 1278 4150; x_wconf 87' lang='lat' dir='ltr'>ipse</span> <span class='ocrx_word' id='word_1_528' title='bbox 1305 4086 1608 4137; x_wconf 88' lang='lat' dir='ltr'>miserator</span> <span class='ocrx_word' id='word_1_529' title='bbox 1621 4085 1678 4134; x_wconf 90' lang='lat' dir='ltr'>et</span> 
     </span>
    </p>
   </div>
   <div class='ocr_carea' id='block_1_75' title="bbox 76 4156 1678 4225">
    <p class='ocr_par' dir='ltr' id='par_1_75' title="bbox 76 4156 1678 4225">
     <span class='ocr_line' id='line_1_75' title="bbox 76 4156 1678 4225; baseline -0.007 -12"><span class='ocrx_word' id='word_1_530' title='bbox 76 4160 400 4213; x_wconf 87' lang='lat' dir='ltr'>misericors</span> <span class='ocrx_word' id='word_1_531' title='bbox 423 4163 634 4225; x_wconf 83' lang='lat' dir='ltr'>ageret,</span> <span class='ocrx_word' id='word_1_532' title='bbox 648 4165 782 4225; x_wconf 90' lang='lat' dir='ltr'>post</span> <span class='ocrx_word' id='word_1_533' title='bbox 797 4158 1146 4223; x_wconf 87' lang='lat' dir='ltr'>captivitatis</span> <span class='ocrx_word' id='word_1_534' title='bbox 1165 4157 1473 4208; x_wconf 90' lang='lat' dir='ltr'>terminum</span> <span class='ocrx_word' id='word_1_535' title='bbox 1493 4156 1678 4216; x_wconf 84' lang='lat' dir='ltr'>gaudia</span> 
     </span>
    </p>
   </div>
   <div class='ocr_carea' id='block_1_76' title="bbox 77 4226 1676 4296">
    <p class='ocr_par' dir='ltr' id='par_1_76' title="bbox 77 4226 1676 4296">
     <span class='ocr_line' id='line_1_76' title="bbox 77 4226 1676 4296; baseline -0.016 1"><span class='ocrx_word' id='word_1_536' title='bbox 77 4232 452 4296; x_wconf 54' lang='lat' dir='ltr'>regressionis</span> <span class='ocrx_word' id='word_1_537' title='bbox 467 4232 793 4285; x_wconf 87' lang='lat' dir='ltr'>adnunciat.</span> <span class='ocrx_word' id='word_1_538' title='bbox 820 4232 887 4282; x_wconf 87' lang='lat' dir='ltr'>Et</span> <span class='ocrx_word' id='word_1_539' title='bbox 902 4231 1036 4294; x_wconf 88' lang='lat' dir='ltr'>quia</span> <span class='ocrx_word' id='word_1_540' title='bbox 1051 4241 1226 4292; x_wconf 86' lang='lat' dir='ltr'>supra</span> <span class='ocrx_word' id='word_1_541' title='bbox 1243 4226 1524 4291; x_wconf 75' lang='lat' dir='ltr'>Egyptia</span> <span class='ocrx_word' id='word_1_542' title='bbox 1554 4226 1676 4273; x_wconf 88' lang='lat' dir='ltr'>libe-</span> 
     </span>
    </p>
   </div>
   <div class='ocr_carea' id='block_1_77' title="bbox 79 4298 1678 4367">
    <p class='ocr_par' dir='ltr' id='par_1_77' title="bbox 79 4298 1678 4367">
     <span class='ocr_line' id='line_1_77' title="bbox 79 4298 1678 4367; baseline -0.007 -11"><span class='ocrx_word' id='word_1_543' title='bbox 79 4303 313 4356; x_wconf 88' lang='lat' dir='ltr'>rationis</span> <span class='ocrx_word' id='word_1_544' title='bbox 325 4303 518 4355; x_wconf 88' lang='lat' dir='ltr'>intulit</span> <span class='ocrx_word' id='word_1_545' title='bbox 534 4303 908 4367; x_wconf 89' lang='lat' dir='ltr'>mentionem,</span> <span class='ocrx_word' id='word_1_546' title='bbox 925 4300 1165 4353; x_wconf 89' lang='lat' dir='ltr'>adillius</span> <span class='ocrx_word' id='word_1_547' title='bbox 1182 4300 1380 4359; x_wconf 88' lang='lat' dir='ltr'>instar,</span> <span class='ocrx_word' id='word_1_548' title='bbox 1398 4298 1546 4349; x_wconf 91' lang='lat' dir='ltr'>hanc</span> <span class='ocrx_word' id='word_1_549' title='bbox 1556 4311 1678 4357; x_wconf 90' lang='lat' dir='ltr'>quo-</span> 
     </span>
    </p>
   </div>
   <div class='ocr_carea' id='block_1_78' title="bbox 80 4370 1678 4441">
    <p class='ocr_par' dir='ltr' id='par_1_78' title="bbox 80 4370 1678 4441">
     <span class='ocr_line' id='line_1_78' title="bbox 80 4370 1678 4441; baseline -0.006 -14"><span class='ocrx_word' id='word_1_550' title='bbox 80 4387 196 4440; x_wconf 91' lang='lat' dir='ltr'>que</span> <span class='ocrx_word' id='word_1_551' title='bbox 218 4374 540 4428; x_wconf 88' lang='lat' dir='ltr'>Israeliticis</span> <span class='ocrx_word' id='word_1_552' title='bbox 560 4374 783 4441; x_wconf 91' lang='lat' dir='ltr'>populis</span> <span class='ocrx_word' id='word_1_553' title='bbox 795 4387 1064 4425; x_wconf 89' lang='lat' dir='ltr'>asserens</span> <span class='ocrx_word' id='word_1_554' title='bbox 1080 4370 1502 4432; x_wconf 82' lang='lat' dir='ltr'>conferendam,</span> <span class='ocrx_word' id='word_1_555' title='bbox 1523 4380 1678 4420; x_wconf 91' lang='lat' dir='ltr'>nunc</span> 
     </span>
    </p>
   </div>
   <div class='ocr_carea' id='block_1_79' title="bbox 81 4442 1675 4512">
    <p class='ocr_par' dir='ltr' id='par_1_79' title="bbox 81 4442 1675 4512">
     <span class='ocr_line' id='line_1_79' title="bbox 81 4442 1675 4512; baseline -0.009 -12"><span class='ocrx_word' id='word_1_556' title='bbox 81 4459 306 4512; x_wconf 87' lang='lat' dir='ltr'>quoque</span> <span class='ocrx_word' id='word_1_557' title='bbox 326 4446 499 4498; x_wconf 88' lang='lat' dir='ltr'>latius</span> <span class='ocrx_word' id='word_1_558' title='bbox 522 4447 776 4511; x_wconf 89' lang='lat' dir='ltr'>quidem,</span> <span class='ocrx_word' id='word_1_559' title='bbox 793 4445 895 4497; x_wconf 92' lang='lat' dir='ltr'>sed</span> <span class='ocrx_word' id='word_1_560' title='bbox 908 4445 1061 4497; x_wconf 91' lang='lat' dir='ltr'>idem</span> <span class='ocrx_word' id='word_1_561' title='bbox 1083 4442 1675 4512; x_wconf 81' lang='lat' dir='ltr'>percurritexemplum.</span> 
     </span>
    </p>
   </div>
   <div class='ocr_carea' id='block_1_80' title="bbox 83 4511 1676 4582">
    <p class='ocr_par' dir='ltr' id='par_1_80' title="bbox 83 4511 1676 4582">
     <span class='ocr_line' id='line_1_80' title="bbox 83 4511 1676 4582; baseline -0.007 -13"><span class='ocrx_word' id='word_1_562' title='bbox 83 4520 210 4569; x_wconf 84' lang='lat' dir='ltr'>Ecce</span> <span class='ocrx_word' id='word_1_563' title='bbox 230 4533 337 4582; x_wconf 90' lang='lat' dir='ltr'>ego,</span> <span class='ocrx_word' id='word_1_564' title='bbox 370 4518 576 4582; x_wconf 89' lang='lat' dir='ltr'>inquit,</span> <span class='ocrx_word' id='word_1_565' title='bbox 603 4518 808 4567; x_wconf 89' lang='lat' dir='ltr'>lactabo</span> <span class='ocrx_word' id='word_1_566' title='bbox 844 4532 986 4580; x_wconf 85' lang='lat' dir='ltr'>eam,</span> <span class='ocrx_word' id='word_1_567' title='bbox 1022 4522 1069 4566; x_wconf 87' lang='lat' dir='ltr'>et</span> <span class='ocrx_word' id='word_1_568' title='bbox 1093 4516 1289 4580; x_wconf 84' lang='lat' dir='ltr'>loquar</span> <span class='ocrx_word' id='word_1_569' title='bbox 1311 4514 1385 4564; x_wconf 83' lang='lat' dir='ltr'>ad</span> <span class='ocrx_word' id='word_1_570' title='bbox 1406 4528 1498 4563; x_wconf 84' lang='lat' dir='ltr'>cor</span> <span class='ocrx_word' id='word_1_571' title='bbox 1526 4511 1640 4575; x_wconf 88' lang='lat' dir='ltr'>ejus</span> <span class='ocrx_word' id='word_1_572' title='bbox 1666 4526 1676 4582; x_wconf 79' lang='lat'>:_</span> 
     </span>
    </p>
   </div>
   <div class='ocr_carea' id='block_1_81' title="bbox 1767 1940 3368 2012">
    <p class='ocr_par' dir='ltr' id='par_1_81' title="bbox 1767 1940 3368 2012">
     <span class='ocr_line' id='line_1_81' title="bbox 1767 1940 3368 2012; baseline 0.002 -21"><span class='ocrx_word' id='word_1_573' title='bbox 1767 1940 1883 1992; x_wconf 88' lang='lat' dir='ltr'>fore</span> <span class='ocrx_word' id='word_1_574' title='bbox 1896 1943 2234 1997; x_wconf 88' lang='lat' dir='ltr'>Judaorum</span> <span class='ocrx_word' id='word_1_575' title='bbox 2245 1946 2491 1999; x_wconf 90' lang='lat' dir='ltr'>reditum</span> <span class='ocrx_word' id='word_1_576' title='bbox 2507 1947 2824 2012; x_wconf 91' lang='lat' dir='ltr'>pollicetur.</span> <span class='ocrx_word' id='word_1_577' title='bbox 2842 1948 3100 2011; x_wconf 88' lang='lat' dir='ltr'>Denique</span> <span class='ocrx_word' id='word_1_578' title='bbox 3115 1949 3368 2008; x_wconf 81' lang='lat' dir='ltr'>sequitur,</span> 
     </span>
    </p>
   </div>
   <div class='ocr_carea' id='block_1_82' title="bbox 1765 2013 3371 2083">
    <p class='ocr_par' dir='ltr' id='par_1_82' title="bbox 1765 2013 3371 2083">
     <span class='ocr_line' id='line_1_82' title="bbox 1765 2013 3371 2083; baseline 0.004 -23"><span class='ocrx_word' id='word_1_579' title='bbox 1765 2013 1834 2061; x_wconf 86' lang='lat' dir='ltr'>Et</span> <span class='ocrx_word' id='word_1_580' title='bbox 1857 2020 2008 2063; x_wconf 76' lang='lat' dir='ltr'>canet</span> <span class='ocrx_word' id='word_1_581' title='bbox 2042 2016 2115 2065; x_wconf 88' lang='lat' dir='ltr'>ibi</span> <span class='ocrx_word' id='word_1_582' title='bbox 2141 2020 2308 2082; x_wconf 83' lang='lat' dir='ltr'>juxta</span> <span class='ocrx_word' id='word_1_583' title='bbox 2341 2019 2451 2068; x_wconf 84' lang='lat' dir='ltr'>dies</span> <span class='ocrx_word' id='word_1_584' title='bbox 2475 2019 2775 2083; x_wconf 81' lang='lat' dir='ltr'>juventutis</span> <span class='ocrx_word' id='word_1_585' title='bbox 2809 2034 2937 2082; x_wconf 72' lang='lat' dir='ltr'>suae,</span> <span class='ocrx_word' id='word_1_586' title='bbox 2982 2024 3027 2068; x_wconf 88' lang='lat' dir='ltr'>cl</span> <span class='ocrx_word' id='word_1_587' title='bbox 3053 2017 3221 2081; x_wconf 84' lang='lat' dir='ltr'>juxta</span> <span class='ocrx_word' id='word_1_588' title='bbox 3257 2017 3371 2066; x_wconf 88' lang='lat' dir='ltr'>dies</span> 
     </span>
    </p>
   </div>
   <div class='ocr_carea' id='block_1_83' title="bbox 1765 2086 3368 2155">
    <p class='ocr_par' dir='ltr' id='par_1_83' title="bbox 1765 2086 3368 2155">
     <span class='ocr_line' id='line_1_83' title="bbox 1765 2086 3368 2155; baseline 0.005 -23"><span class='ocrx_word' id='word_1_589' title='bbox 1765 2086 2094 2137; x_wconf 85' lang='lat' dir='ltr'>ascensionis</span> <span class='ocrx_word' id='word_1_590' title='bbox 2130 2105 2238 2139; x_wconf 73' lang='lat' dir='ltr'>sua</span> <span class='ocrx_word' id='word_1_591' title='bbox 2277 2090 2341 2139; x_wconf 87' lang='lat' dir='ltr'>de</span> <span class='ocrx_word' id='word_1_592' title='bbox 2385 2096 2527 2140; x_wconf 84' lang='lat' dir='ltr'>terra</span> <span class='ocrx_word' id='word_1_593' title='bbox 2558 2091 2801 2155; x_wconf 59' lang='lat' dir='ltr'>zEgypli.</span> <span class='ocrx_word' id='word_1_594' title='bbox 2840 2091 2997 2141; x_wconf 87' lang='lat' dir='ltr'>Sicut</span> <span class='ocrx_word' id='word_1_595' title='bbox 3029 2088 3182 2141; x_wconf 91' lang='lat' dir='ltr'>enim</span> <span class='ocrx_word' id='word_1_596' title='bbox 3207 2092 3368 2151; x_wconf 92' lang='lat' dir='ltr'>tunc,</span> 
     </span>
    </p>
   </div>
   <div class='ocr_carea' id='block_1_84' title="bbox 1766 2154 3370 2227">
    <p class='ocr_par' dir='ltr' id='par_1_84' title="bbox 1766 2154 3370 2227">
     <span class='ocr_line' id='line_1_84' title="bbox 1766 2154 3370 2227; baseline 0.004 -22"><span class='ocrx_word' id='word_1_597' title='bbox 1766 2154 1966 2208; x_wconf 88' lang='lat' dir='ltr'>incisis</span> <span class='ocrx_word' id='word_1_598' title='bbox 1988 2159 2285 2224; x_wconf 80' lang='lat' dir='ltr'>fluctibus,</span> <span class='ocrx_word' id='word_1_599' title='bbox 2320 2162 2473 2213; x_wconf 90' lang='lat' dir='ltr'>sicco</span> <span class='ocrx_word' id='word_1_600' title='bbox 2513 2175 2613 2226; x_wconf 90' lang='lat' dir='ltr'>per</span> <span class='ocrx_word' id='word_1_601' title='bbox 2637 2154 2877 2227; x_wconf 82' lang='lat' dir='ltr'>pelagus</span> <span class='ocrx_word' id='word_1_602' title='bbox 2900 2162 3102 2213; x_wconf 90' lang='lat' dir='ltr'>itinere</span> <span class='ocrx_word' id='word_1_603' title='bbox 3127 2160 3370 2212; x_wconf 84' lang='lat' dir='ltr'>transie-</span> 
     </span>
    </p>
   </div>
   <div class='ocr_carea' id='block_1_85' title="bbox 1767 2233 3371 2297">
    <p class='ocr_par' dir='ltr' id='par_1_85' title="bbox 1767 2233 3371 2297">
     <span class='ocr_line' id='line_1_85' title="bbox 1767 2233 3371 2297; baseline 0.004 -20"><span class='ocrx_word' id='word_1_604' title='bbox 1767 2233 1919 2290; x_wconf 89' lang='lat' dir='ltr'>runt,</span> <span class='ocrx_word' id='word_1_605' title='bbox 1943 2242 2011 2282; x_wconf 92' lang='lat' dir='ltr'>ac</span> <span class='ocrx_word' id='word_1_606' title='bbox 2056 2233 2231 2283; x_wconf 85' lang='lat' dir='ltr'>Maria</span> <span class='ocrx_word' id='word_1_607' title='bbox 2276 2245 2435 2285; x_wconf 90' lang='lat' dir='ltr'>soror</span> <span class='ocrx_word' id='word_1_608' title='bbox 2480 2234 2681 2297; x_wconf 88' lang='lat' dir='ltr'>Moysi,</span> <span class='ocrx_word' id='word_1_609' title='bbox 2729 2234 2950 2284; x_wconf 89' lang='lat' dir='ltr'>musica</span> <span class='ocrx_word' id='word_1_610' title='bbox 2979 2234 3371 2284; x_wconf 88' lang='lat' dir='ltr'>instrumenta</span> 
     </span>
    </p>
   </div>
   <div class='ocr_carea' id='block_1_86' title="bbox 1768 2300 3370 2368">
    <p class='ocr_par' dir='ltr' id='par_1_86' title="bbox 1768 2300 3370 2368">
     <span class='ocr_line' id='line_1_86' title="bbox 1768 2300 3370 2368; baseline 0.002 -19"><span class='ocrx_word' id='word_1_611' title='bbox 1768 2300 2099 2367; x_wconf 89' lang='lat' dir='ltr'>corripiens,</span> <span class='ocrx_word' id='word_1_612' title='bbox 2125 2303 2329 2355; x_wconf 90' lang='lat' dir='ltr'>laudes</span> <span class='ocrx_word' id='word_1_613' title='bbox 2344 2305 2463 2363; x_wconf 87' lang='lat' dir='ltr'>Dei,</span> <span class='ocrx_word' id='word_1_614' title='bbox 2478 2305 2666 2356; x_wconf 90' lang='lat' dir='ltr'>choris</span> <span class='ocrx_word' id='word_1_615' title='bbox 2684 2304 3081 2368; x_wconf 87' lang='lat' dir='ltr'>sequentibus,</span> <span class='ocrx_word' id='word_1_616' title='bbox 3098 2303 3370 2367; x_wconf 87' lang='lat' dir='ltr'>pracine-</span> 
     </span>
    </p>
   </div>
   <div class='ocr_carea' id='block_1_87' title="bbox 1769 2371 3373 2439">
    <p class='ocr_par' dir='ltr' id='par_1_87' title="bbox 1769 2371 3373 2439">
     <span class='ocr_line' id='line_1_87' title="bbox 1769 2371 3373 2439; baseline 0.003 -19"><span class='ocrx_word' id='word_1_617' title='bbox 1769 2371 1867 2422; x_wconf 87' lang='lat' dir='ltr'>bat</span> <span class='ocrx_word' id='word_1_618' title='bbox 1888 2386 1900 2422; x_wconf 93' lang='lat'>:</span> <span class='ocrx_word' id='word_1_619' title='bbox 1925 2372 1985 2423; x_wconf 91' lang='lat' dir='ltr'>in</span> <span class='ocrx_word' id='word_1_620' title='bbox 2010 2373 2165 2426; x_wconf 90' lang='lat' dir='ltr'>hunc</span> <span class='ocrx_word' id='word_1_621' title='bbox 2188 2376 2427 2428; x_wconf 92' lang='lat' dir='ltr'>modum</span> <span class='ocrx_word' id='word_1_622' title='bbox 2451 2381 2735 2428; x_wconf 81' lang='lat' dir='ltr'>exeuntes</span> <span class='ocrx_word' id='word_1_623' title='bbox 2761 2376 2833 2427; x_wconf 91' lang='lat' dir='ltr'>de</span> <span class='ocrx_word' id='word_1_624' title='bbox 2858 2376 3096 2439; x_wconf 86' lang='lat' dir='ltr'>Assyria</span> <span class='ocrx_word' id='word_1_625' title='bbox 3129 2374 3373 2437; x_wconf 91' lang='lat' dir='ltr'>captivi-</span> 
     </span>
    </p>
   </div>
   <div class='ocr_carea' id='block_1_88' title="bbox 1771 2444 3371 2511">
    <p class='ocr_par' dir='ltr' id='par_1_88' title="bbox 1771 2444 3371 2511">
     <span class='ocr_line' id='line_1_88' title="bbox 1771 2444 3371 2511; baseline 0.001 -18"><span class='ocrx_word' id='word_1_626' title='bbox 1771 2446 1885 2494; x_wconf 87' lang='lat' dir='ltr'>tate</span> <span class='ocrx_word' id='word_1_627' title='bbox 1908 2446 2237 2509; x_wconf 88' lang='lat' dir='ltr'>cantabant,</span> <span class='ocrx_word' id='word_1_628' title='bbox 2260 2459 2378 2499; x_wconf 92' lang='lat' dir='ltr'>non</span> <span class='ocrx_word' id='word_1_629' title='bbox 2407 2448 2605 2511; x_wconf 88' lang='lat' dir='ltr'>utique</span> <span class='ocrx_word' id='word_1_630' title='bbox 2619 2448 2805 2499; x_wconf 86' lang='lat' dir='ltr'>Jerico</span> <span class='ocrx_word' id='word_1_631' title='bbox 2829 2446 3083 2509; x_wconf 88' lang='lat' dir='ltr'>aliquam</span> <span class='ocrx_word' id='word_1_632' title='bbox 3107 2444 3371 2509; x_wconf 91' lang='lat' dir='ltr'>deleturi,</span> 
     </span>
    </p>
   </div>
   <div class='ocr_carea' id='block_1_89' title="bbox 1769 2516 3374 2583">
    <p class='ocr_par' dir='ltr' id='par_1_89' title="bbox 1769 2516 3374 2583">
     <span class='ocr_line' id='line_1_89' title="bbox 1769 2516 3374 2583; baseline 0 -19"><span class='ocrx_word' id='word_1_633' title='bbox 1769 2519 1871 2566; x_wconf 92' lang='lat' dir='ltr'>aut</span> <span class='ocrx_word' id='word_1_634' title='bbox 1891 2516 2119 2567; x_wconf 91' lang='lat' dir='ltr'>botrum</span> <span class='ocrx_word' id='word_1_635' title='bbox 2136 2517 2327 2569; x_wconf 92' lang='lat' dir='ltr'>denuo</span> <span class='ocrx_word' id='word_1_636' title='bbox 2351 2520 2629 2583; x_wconf 89' lang='lat' dir='ltr'>reperturi</span> <span class='ocrx_word' id='word_1_637' title='bbox 2652 2518 2787 2570; x_wconf 91' lang='lat' dir='ltr'>:sed</span> <span class='ocrx_word' id='word_1_638' title='bbox 2814 2518 3028 2582; x_wconf 86' lang='lat' dir='ltr'>quibus</span> <span class='ocrx_word' id='word_1_639' title='bbox 3057 2519 3135 2569; x_wconf 87' lang='lat' dir='ltr'>ita</span> <span class='ocrx_word' id='word_1_640' title='bbox 3153 2523 3374 2578; x_wconf 85' lang='lat' dir='ltr'>tempora</span> 
     </span>
    </p>
   </div>
   <div class='ocr_carea' id='block_1_90' title="bbox 1769 2584 3373 2651">
    <p class='ocr_par' dir='ltr' id='par_1_90' title="bbox 1769 2584 3373 2651">
     <span class='ocr_line' id='line_1_90' title="bbox 1769 2584 3373 2651; baseline 0.001 -15"><span class='ocrx_word' id='word_1_641' title='bbox 1769 2584 2026 2638; x_wconf 87' lang='lat' dir='ltr'>latanda</span> <span class='ocrx_word' id='word_1_642' title='bbox 2054 2590 2385 2649; x_wconf 88' lang='lat' dir='ltr'>succedant,</span> <span class='ocrx_word' id='word_1_643' title='bbox 2419 2594 2484 2640; x_wconf 93' lang='lat' dir='ltr'>ut</span> <span class='ocrx_word' id='word_1_644' title='bbox 2521 2590 2677 2641; x_wconf 89' lang='lat' dir='ltr'>illam</span> <span class='ocrx_word' id='word_1_645' title='bbox 2711 2590 3022 2641; x_wconf 89' lang='lat' dir='ltr'>videantur</span> <span class='ocrx_word' id='word_1_646' title='bbox 3061 2600 3233 2651; x_wconf 83' lang='lat' dir='ltr'>quam</span> <span class='ocrx_word' id='word_1_647' title='bbox 3264 2586 3373 2638; x_wconf 91' lang='lat' dir='ltr'>sub</span> 
     </span>
    </p>
   </div>
   <div class='ocr_carea' id='block_1_91' title="bbox 1771 2657 3276 2724">
    <p class='ocr_par' dir='ltr' id='par_1_91' title="bbox 1771 2657 3276 2724">
     <span class='ocr_line' id='line_1_91' title="bbox 1771 2657 3276 2724; baseline 0.001 -18"><span class='ocrx_word' id='word_1_648' title='bbox 1771 2657 1963 2720; x_wconf 84' lang='lat' dir='ltr'>Moyse</span> <span class='ocrx_word' id='word_1_649' title='bbox 1994 2662 2050 2709; x_wconf 91' lang='lat' dir='ltr'>et</span> <span class='ocrx_word' id='word_1_650' title='bbox 2072 2660 2250 2712; x_wconf 89' lang='lat' dir='ltr'>Josue</span> <span class='ocrx_word' id='word_1_651' title='bbox 2278 2660 2617 2724; x_wconf 88' lang='lat' dir='ltr'>habuerant,</span> <span class='ocrx_word' id='word_1_652' title='bbox 2643 2660 2884 2724; x_wconf 86' lang='lat' dir='ltr'>gloriam</span> <span class='ocrx_word' id='word_1_653' title='bbox 2909 2658 3276 2722; x_wconf 90' lang='lat' dir='ltr'>consequuti.</span> 
     </span>
    </p>
   </div>
   <div class='ocr_carea' id='block_1_92' title="bbox 1831 2729 3374 2795">
    <p class='ocr_par' dir='ltr' id='par_1_92' title="bbox 1831 2729 3374 2795">
     <span class='ocr_line' id='line_1_92' title="bbox 1831 2729 3374 2795; baseline -0.003 -16"><span class='ocrx_word' id='word_1_654' title='bbox 1831 2729 2011 2791; x_wconf 87' lang='lat' dir='ltr'>Cujus</span> <span class='ocrx_word' id='word_1_655' title='bbox 2036 2732 2231 2781; x_wconf 90' lang='lat' dir='ltr'>tamen</span> <span class='ocrx_word' id='word_1_656' title='bbox 2253 2730 2514 2783; x_wconf 88' lang='lat' dir='ltr'>historia</span> <span class='ocrx_word' id='word_1_657' title='bbox 2538 2730 3028 2795; x_wconf 88' lang='lat' dir='ltr'>quemadmodum</span> <span class='ocrx_word' id='word_1_658' title='bbox 3047 2729 3374 2780; x_wconf 85' lang='lat' dir='ltr'>sitmemoria</span> 
     </span>
    </p>
   </div>
   <div class='ocr_carea' id='block_1_93' title="bbox 1768 2797 3372 2865">
    <p class='ocr_par' dir='ltr' id='par_1_93' title="bbox 1768 2797 3372 2865">
     <span class='ocr_line' id='line_1_93' title="bbox 1768 2797 3372 2865; baseline 0.001 -17"><span class='ocrx_word' id='word_1_659' title='bbox 1768 2797 1904 2850; x_wconf 86' lang='lat' dir='ltr'>lata</span> <span class='ocrx_word' id='word_1_660' title='bbox 1921 2800 2222 2865; x_wconf 89' lang='lat' dir='ltr'>perpende,</span> <span class='ocrx_word' id='word_1_661' title='bbox 2250 2801 2646 2854; x_wconf 86' lang='lat' dir='ltr'>videlicettam</span> <span class='ocrx_word' id='word_1_662' title='bbox 2658 2802 2730 2853; x_wconf 91' lang='lat' dir='ltr'>ad</span> <span class='ocrx_word' id='word_1_663' title='bbox 2747 2800 3081 2865; x_wconf 84' lang='lat' dir='ltr'>exemplum</span> <span class='ocrx_word' id='word_1_664' title='bbox 3100 2799 3372 2860; x_wconf 89' lang='lat' dir='ltr'>tristium,</span> 
     </span>
    </p>
   </div>
   <div class='ocr_carea' id='block_1_94' title="bbox 1770 2869 3375 2937">
    <p class='ocr_par' dir='ltr' id='par_1_94' title="bbox 1770 2869 3375 2937">
     <span class='ocr_line' id='line_1_94' title="bbox 1770 2869 3375 2937; baseline -0.001 -17"><span class='ocrx_word' id='word_1_665' title='bbox 1770 2881 1946 2932; x_wconf 90' lang='lat' dir='ltr'>quam</span> <span class='ocrx_word' id='word_1_666' title='bbox 1969 2869 2257 2923; x_wconf 88' lang='lat' dir='ltr'>latorum.</span> <span class='ocrx_word' id='word_1_667' title='bbox 2281 2873 2517 2924; x_wconf 78' lang='lat' dir='ltr'>Dixerat</span> <span class='ocrx_word' id='word_1_668' title='bbox 2540 2874 2753 2937; x_wconf 91' lang='lat' dir='ltr'>quippe</span> <span class='ocrx_word' id='word_1_669' title='bbox 2784 2884 2959 2936; x_wconf 90' lang='lat' dir='ltr'>supra</span> <span class='ocrx_word' id='word_1_670' title='bbox 2984 2886 3047 2920; x_wconf 86' lang='lat' dir='ltr'>ne</span> <span class='ocrx_word' id='word_1_671' title='bbox 3082 2870 3220 2933; x_wconf 80' lang='lat' dir='ltr'>forte</span> <span class='ocrx_word' id='word_1_672' title='bbox 3252 2886 3375 2931; x_wconf 83' lang='lat' dir='ltr'>spo-</span> 
     </span>
    </p>
   </div>
   <div class='ocr_carea' id='block_1_95' title="bbox 1770 2939 3371 3003">
    <p class='ocr_par' dir='ltr' id='par_1_95' title="bbox 1770 2939 3371 3003">
     <span class='ocr_line' id='line_1_95' title="bbox 1770 2939 3371 3003; baseline 0 -14"><span class='ocrx_word' id='word_1_673' title='bbox 1770 2939 1892 2989; x_wconf 90' lang='lat' dir='ltr'>liem</span> <span class='ocrx_word' id='word_1_674' title='bbox 1904 2955 2022 2990; x_wconf 88' lang='lat' dir='ltr'>eam</span> <span class='ocrx_word' id='word_1_675' title='bbox 2035 2943 2265 3003; x_wconf 84' lang='lat' dir='ltr'>nudam,</span> <span class='ocrx_word' id='word_1_676' title='bbox 2279 2949 2572 2994; x_wconf 85' lang='lat' dir='ltr'>etstatuam</span> <span class='ocrx_word' id='word_1_677' title='bbox 2581 2959 2701 2995; x_wconf 86' lang='lat' dir='ltr'>eam</span> <span class='ocrx_word' id='word_1_678' title='bbox 2713 2943 3007 2993; x_wconf 83' lang='lat' dir='ltr'>secundum</span> <span class='ocrx_word' id='word_1_679' title='bbox 3020 2941 3161 2991; x_wconf 88' lang='lat' dir='ltr'>diem</span> <span class='ocrx_word' id='word_1_680' title='bbox 3173 2942 3295 2991; x_wconf 89' lang='lat' dir='ltr'>nati</span> <span class='ocrx_word' id='word_1_681' title='bbox 3302 2941 3371 2990; x_wconf 83' lang='lat' dir='ltr'>vi-</span> 
     </span>
    </p>
   </div>
   <div class='ocr_carea' id='block_1_96' title="bbox 1770 3013 3374 3081">
    <p class='ocr_par' dir='ltr' id='par_1_96' title="bbox 1770 3013 3374 3081">
     <span class='ocr_line' id='line_1_96' title="bbox 1770 3013 3374 3081; baseline 0.001 -21"><span class='ocrx_word' id='word_1_682' title='bbox 1770 3013 1893 3061; x_wconf 86' lang='lat' dir='ltr'>tatis</span> <span class='ocrx_word' id='word_1_683' title='bbox 1908 3028 2033 3069; x_wconf 77' lang='lat' dir='ltr'>suae,</span> <span class='ocrx_word' id='word_1_684' title='bbox 2064 3019 2110 3062; x_wconf 88' lang='lat' dir='ltr'>et</span> <span class='ocrx_word' id='word_1_685' title='bbox 2133 3029 2335 3079; x_wconf 82' lang='lat' dir='ltr'>ponam</span> <span class='ocrx_word' id='word_1_686' title='bbox 2360 3031 2477 3066; x_wconf 88' lang='lat' dir='ltr'>eam</span> <span class='ocrx_word' id='word_1_687' title='bbox 2503 3017 2663 3081; x_wconf 86' lang='lat' dir='ltr'>quasi</span> <span class='ocrx_word' id='word_1_688' title='bbox 2691 3015 3058 3077; x_wconf 83' lang='lat' dir='ltr'>solitudinem,</span> <span class='ocrx_word' id='word_1_689' title='bbox 3076 3019 3121 3062; x_wconf 92' lang='lat' dir='ltr'>et</span> <span class='ocrx_word' id='word_1_690' title='bbox 3135 3018 3374 3062; x_wconf 87' lang='lat' dir='ltr'>statuam</span> 
     </span>
    </p>
   </div>
   <div class='ocr_carea' id='block_1_97' title="bbox 1773 3083 3369 3152">
    <p class='ocr_par' dir='ltr' id='par_1_97' title="bbox 1773 3083 3369 3152">
     <span class='ocr_line' id='line_1_97' title="bbox 1773 3083 3369 3152; baseline 0 -20"><span class='ocrx_word' id='word_1_691' title='bbox 1773 3083 1926 3133; x_wconf 80' lang='lat' dir='ltr'>illam</span> <span class='ocrx_word' id='word_1_692' title='bbox 1944 3085 2079 3135; x_wconf 79' lang='lat' dir='ltr'>velut</span> <span class='ocrx_word' id='word_1_693' title='bbox 2105 3091 2305 3136; x_wconf 88' lang='lat' dir='ltr'>terram</span> <span class='ocrx_word' id='word_1_694' title='bbox 2334 3088 2564 3152; x_wconf 79' lang='lat' dir='ltr'>inviam,</span> <span class='ocrx_word' id='word_1_695' title='bbox 2589 3093 2634 3138; x_wconf 92' lang='lat' dir='ltr'>et</span> <span class='ocrx_word' id='word_1_696' title='bbox 2656 3087 2982 3150; x_wconf 79' lang='lat' dir='ltr'>interﬁciam</span> <span class='ocrx_word' id='word_1_697' title='bbox 3003 3100 3124 3135; x_wconf 89' lang='lat' dir='ltr'>eam</span> <span class='ocrx_word' id='word_1_698' title='bbox 3167 3085 3229 3133; x_wconf 89' lang='lat' dir='ltr'>in</span> <span class='ocrx_word' id='word_1_699' title='bbox 3260 3085 3369 3134; x_wconf 87' lang='lat' dir='ltr'>siti.</span> 
     </span>
    </p>
   </div>
   <div class='ocr_carea' id='block_1_98' title="bbox 1771 3154 3371 3222">
    <p class='ocr_par' dir='ltr' id='par_1_98' title="bbox 1771 3154 3371 3222">
     <span class='ocr_line' id='line_1_98' title="bbox 1771 3154 3371 3222; baseline 0 -18"><span class='ocrx_word' id='word_1_700' title='bbox 1771 3154 1859 3205; x_wconf 81' lang='lat' dir='ltr'>Ad</span> <span class='ocrx_word' id='word_1_701' title='bbox 1876 3154 2105 3208; x_wconf 89' lang='lat' dir='ltr'>illorum</span> <span class='ocrx_word' id='word_1_702' title='bbox 2128 3158 2326 3221; x_wconf 91' lang='lat' dir='ltr'>utique</span> <span class='ocrx_word' id='word_1_703' title='bbox 2344 3159 2800 3221; x_wconf 88' lang='lat' dir='ltr'>similitudinem,</span> <span class='ocrx_word' id='word_1_704' title='bbox 2829 3172 3065 3222; x_wconf 81' lang='lat' dir='ltr'>quorum</span> <span class='ocrx_word' id='word_1_705' title='bbox 3087 3156 3371 3215; x_wconf 82' lang='lat' dir='ltr'>cadavera,</span> 
     </span>
    </p>
   </div>
   <div class='ocr_carea' id='block_1_99' title="bbox 1699 3222 3375 3296">
    <p class='ocr_par' dir='ltr' id='par_1_99' title="bbox 1699 3222 3375 3296">
     <span class='ocr_line' id='line_1_99' title="bbox 1699 3222 3375 3296; baseline -0.003 -17"><span class='ocrx_word' id='word_1_706' title='bbox 1699 3222 1748 3296; x_wconf 82' lang='lat' dir='ltr'><strong><em>C</em></strong></span> <span class='ocrx_word' id='word_1_707' title='bbox 1776 3223 1865 3293; x_wconf 75' lang='lat'>4|</span> <span class='ocrx_word' id='word_1_708' title='bbox 1888 3224 1907 3293; x_wconf 91' lang='grc' dir='ltr'><strong>Ι</strong></span> <span class='ocrx_word' id='word_1_709' title='bbox 1953 3230 2019 3278; x_wconf 92' lang='lat' dir='ltr'>ut</span> <span class='ocrx_word' id='word_1_710' title='bbox 2039 3227 2120 3279; x_wconf 85' lang='lat' dir='ltr'>ait</span> <span class='ocrx_word' id='word_1_711' title='bbox 2143 3229 2354 3281; x_wconf 87' lang='lat' dir='ltr'>Paulus</span> <span class='ocrx_word' id='word_1_712' title='bbox 2378 3230 2709 3295; x_wconf 83' lang='lat' dir='ltr'>Apostolus,</span> <span class='ocrx_word' id='word_1_713' title='bbox 2748 3233 3025 3295; x_wconf 78' lang='lat' dir='ltr'>prostrata</span> <span class='ocrx_word' id='word_1_714' title='bbox 3047 3233 3173 3276; x_wconf 85' lang='lat' dir='ltr'>sunt</span> <span class='ocrx_word' id='word_1_715' title='bbox 3197 3226 3259 3275; x_wconf 84' lang='lat' dir='ltr'>in</span> <span class='ocrx_word' id='word_1_716' title='bbox 3284 3226 3375 3274; x_wconf 86' lang='lat' dir='ltr'>de-</span> 
     </span>
    </p>
   </div>
   <div class='ocr_carea' id='block_1_100' title="bbox 1771 3296 3375 3365">
    <p class='ocr_par' dir='ltr' id='par_1_100' title="bbox 1771 3296 3375 3365">
     <span class='ocr_line' id='line_1_100' title="bbox 1771 3296 3375 3365; baseline 0.002 -20"><span class='ocrx_word' id='word_1_717' title='bbox 1771 3302 1906 3346; x_wconf 87' lang='lat' dir='ltr'>serto</span> <span class='ocrx_word' id='word_1_718' title='bbox 1930 3296 2079 3360; x_wconf 87' lang='lat' dir='ltr'>(Heb.</span> <span class='ocrx_word' id='word_1_719' title='bbox 2106 3298 2157 3354; x_wconf 89' lang='lat'>3.</span> <span class='ocrx_word' id='word_1_720' title='bbox 2186 3300 2291 3365; x_wconf 85' lang='grc'>17.)</span> <span class='ocrx_word' id='word_1_721' title='bbox 2322 3317 2333 3352; x_wconf 89' lang='lat'>:</span> <span class='ocrx_word' id='word_1_722' title='bbox 2365 3314 2520 3353; x_wconf 91' lang='lat' dir='ltr'>nunc</span> <span class='ocrx_word' id='word_1_723' title='bbox 2546 3314 2681 3353; x_wconf 92' lang='lat' dir='ltr'>vero</span> <span class='ocrx_word' id='word_1_724' title='bbox 2710 3314 2844 3353; x_wconf 90' lang='lat' dir='ltr'>cum</span> <span class='ocrx_word' id='word_1_725' title='bbox 2882 3298 3222 3352; x_wconf 89' lang='lat' dir='ltr'>solvendam</span> <span class='ocrx_word' id='word_1_726' title='bbox 3245 3309 3375 3362; x_wconf 93' lang='lat' dir='ltr'>pro-</span> 
     </span>
    </p>
   </div>
   <div class='ocr_carea' id='block_1_101' title="bbox 1774 3369 3372 3437">
    <p class='ocr_par' dir='ltr' id='par_1_101' title="bbox 1774 3369 3372 3437">
     <span class='ocr_line' id='line_1_101' title="bbox 1774 3369 3372 3437; baseline 0 -18"><span class='ocrx_word' id='word_1_727' title='bbox 1774 3369 2025 3422; x_wconf 88' lang='lat' dir='ltr'>mitteret</span> <span class='ocrx_word' id='word_1_728' title='bbox 2049 3371 2410 3434; x_wconf 77' lang='lat' dir='ltr'>servitutem,</span> <span class='ocrx_word' id='word_1_729' title='bbox 2432 3377 2489 3425; x_wconf 90' lang='lat' dir='ltr'>et</span> <span class='ocrx_word' id='word_1_730' title='bbox 2504 3371 2715 3437; x_wconf 87' lang='lat' dir='ltr'>gaudia</span> <span class='ocrx_word' id='word_1_731' title='bbox 2730 3371 2800 3423; x_wconf 88' lang='lat' dir='ltr'>de</span> <span class='ocrx_word' id='word_1_732' title='bbox 2822 3371 3084 3422; x_wconf 84' lang='lat' dir='ltr'>libertate</span> <span class='ocrx_word' id='word_1_733' title='bbox 3109 3372 3372 3429; x_wconf 87' lang='lat' dir='ltr'>ventura,</span> 
     </span>
    </p>
   </div>
   <div class='ocr_carea' id='block_1_102' title="bbox 1772 3439 3374 3508">
    <p class='ocr_par' dir='ltr' id='par_1_102' title="bbox 1772 3439 3374 3508">
     <span class='ocr_line' id='line_1_102' title="bbox 1772 3439 3374 3508; baseline -0.002 -17"><span class='ocrx_word' id='word_1_734' title='bbox 1772 3440 2030 3504; x_wconf 90' lang='lat' dir='ltr'>ipsorum</span> <span class='ocrx_word' id='word_1_735' title='bbox 2055 3442 2294 3494; x_wconf 90' lang='lat' dir='ltr'>totidem</span> <span class='ocrx_word' id='word_1_736' title='bbox 2319 3444 2421 3508; x_wconf 83' lang='grc' dir='ltr'>[Αι.</span> <span class='ocrx_word' id='word_1_737' title='bbox 2444 3444 2664 3507; x_wconf 93' lang='lat' dir='ltr'>itidem]</span> <span class='ocrx_word' id='word_1_738' title='bbox 2690 3447 3012 3507; x_wconf 91' lang='lat' dir='ltr'>temporum</span> <span class='ocrx_word' id='word_1_739' title='bbox 3036 3439 3374 3492; x_wconf 88' lang='lat' dir='ltr'>recordatus</span> 
     </span>
    </p>
   </div>
   <div class='ocr_carea' id='block_1_103' title="bbox 1773 3511 3376 3580">
    <p class='ocr_par' dir='ltr' id='par_1_103' title="bbox 1773 3511 3376 3580">
     <span class='ocr_line' id='line_1_103' title="bbox 1773 3511 3376 3580; baseline -0.001 -18"><span class='ocrx_word' id='word_1_740' title='bbox 1773 3516 1881 3574; x_wconf 91' lang='lat' dir='ltr'>est,</span> <span class='ocrx_word' id='word_1_741' title='bbox 1907 3511 2122 3574; x_wconf 86' lang='lat' dir='ltr'>quibus</span> <span class='ocrx_word' id='word_1_742' title='bbox 2149 3514 2413 3567; x_wconf 90' lang='lat' dir='ltr'>videlicet</span> <span class='ocrx_word' id='word_1_743' title='bbox 2435 3515 2683 3580; x_wconf 90' lang='lat' dir='ltr'>gloriosa</span> <span class='ocrx_word' id='word_1_744' title='bbox 2704 3514 2962 3566; x_wconf 87' lang='lat' dir='ltr'>liberatio</span> <span class='ocrx_word' id='word_1_745' title='bbox 2988 3512 3166 3563; x_wconf 89' lang='lat' dir='ltr'>sacris</span> <span class='ocrx_word' id='word_1_746' title='bbox 3190 3511 3376 3562; x_wconf 81' lang='lat' dir='ltr'>fuerat</span> 
     </span>
    </p>
   </div>
   <div class='ocr_carea' id='block_1_104' title="bbox 1772 3581 3375 3653">
    <p class='ocr_par' dir='ltr' id='par_1_104' title="bbox 1772 3581 3375 3653">
     <span class='ocr_line' id='line_1_104' title="bbox 1772 3581 3375 3653; baseline -0.001 -20"><span class='ocrx_word' id='word_1_747' title='bbox 1772 3582 2004 3635; x_wconf 84' lang='lat' dir='ltr'>laudata</span> <span class='ocrx_word' id='word_1_748' title='bbox 2036 3586 2413 3639; x_wconf 88' lang='lat' dir='ltr'>carminibus.</span> <span class='ocrx_word' id='word_1_749' title='bbox 2445 3587 2622 3653; x_wconf 86' lang='lat' dir='ltr'>Cujus</span> <span class='ocrx_word' id='word_1_750' title='bbox 2659 3598 2799 3638; x_wconf 89' lang='lat' dir='ltr'>sane</span> <span class='ocrx_word' id='word_1_751' title='bbox 2841 3583 3170 3645; x_wconf 76' lang='lat' dir='ltr'>falicitatis,</span> <span class='ocrx_word' id='word_1_752' title='bbox 3204 3581 3375 3644; x_wconf 89' lang='lat' dir='ltr'>idest,</span> 
     </span>
    </p>
   </div>
   <div class='ocr_carea' id='block_1_105' title="bbox 1774 3654 3377 3723">
    <p class='ocr_par' dir='ltr' id='par_1_105' title="bbox 1774 3654 3377 3723">
     <span class='ocr_line' id='line_1_105' title="bbox 1774 3654 3377 3723; baseline -0.004 -18"><span class='ocrx_word' id='word_1_753' title='bbox 1774 3656 1908 3718; x_wconf 92' lang='lat' dir='ltr'>post</span> <span class='ocrx_word' id='word_1_754' title='bbox 1930 3656 2324 3718; x_wconf 87' lang='lat' dir='ltr'>captivitatem</span> <span class='ocrx_word' id='word_1_755' title='bbox 2335 3658 2705 3723; x_wconf 88' lang='lat' dir='ltr'>Babyloniam</span> <span class='ocrx_word' id='word_1_756' title='bbox 2728 3654 3065 3715; x_wconf 88' lang='lat' dir='ltr'>sentienda,</span> <span class='ocrx_word' id='word_1_757' title='bbox 3080 3656 3144 3705; x_wconf 94' lang='lat' dir='ltr'>ut</span> <span class='ocrx_word' id='word_1_758' title='bbox 3163 3655 3377 3701; x_wconf 84' lang='lat' dir='ltr'>dulcedo</span> 
     </span>
    </p>
   </div>
   <div class='ocr_carea' id='block_1_106' title="bbox 1774 3724 3380 3793">
    <p class='ocr_par' dir='ltr' id='par_1_106' title="bbox 1774 3724 3380 3793">
     <span class='ocr_line' id='line_1_106' title="bbox 1774 3724 3380 3793; baseline -0.003 -17"><span class='ocrx_word' id='word_1_759' title='bbox 1774 3724 2179 3779; x_wconf 85' lang='lat' dir='ltr'>consolabatur</span> <span class='ocrx_word' id='word_1_760' title='bbox 2200 3729 2457 3792; x_wconf 87' lang='lat' dir='ltr'>Judaos,</span> <span class='ocrx_word' id='word_1_761' title='bbox 2481 3730 2561 3781; x_wconf 90' lang='lat' dir='ltr'>ita</span> <span class='ocrx_word' id='word_1_762' title='bbox 2584 3727 2923 3793; x_wconf 85' lang='lat' dir='ltr'>magnitudo</span> <span class='ocrx_word' id='word_1_763' title='bbox 2942 3726 3209 3789; x_wconf 84' lang='lat' dir='ltr'>signabat</span> <span class='ocrx_word' id='word_1_764' title='bbox 3224 3738 3380 3785; x_wconf 89' lang='lat' dir='ltr'>popu-</span> 
     </span>
    </p>
   </div>
   <div class='ocr_carea' id='block_1_107' title="bbox 1773 3793 3379 3865">
    <p class='ocr_par' dir='ltr' id='par_1_107' title="bbox 1773 3793 3379 3865">
     <span class='ocr_line' id='line_1_107' title="bbox 1773 3793 3379 3865; baseline -0.001 -19"><span class='ocrx_word' id='word_1_765' title='bbox 1773 3800 1859 3847; x_wconf 87' lang='lat' dir='ltr'>los</span> <span class='ocrx_word' id='word_1_766' title='bbox 1880 3794 1953 3847; x_wconf 90' lang='lat' dir='ltr'>ad</span> <span class='ocrx_word' id='word_1_767' title='bbox 1978 3797 2443 3859; x_wconf 88' lang='lat' dir='ltr'>pradicationem</span> <span class='ocrx_word' id='word_1_768' title='bbox 2468 3801 2765 3865; x_wconf 88' lang='lat' dir='ltr'>Evangelii</span> <span class='ocrx_word' id='word_1_769' title='bbox 2784 3796 3238 3864; x_wconf 89' lang='lat' dir='ltr'>congregandos.</span> <span class='ocrx_word' id='word_1_770' title='bbox 3272 3793 3379 3856; x_wconf 90' lang='lat' dir='ltr'>Qui</span> 
     </span>
    </p>
   </div>
   <div class='ocr_carea' id='block_1_108' title="bbox 1776 3865 3381 3933">
    <p class='ocr_par' dir='ltr' id='par_1_108' title="bbox 1776 3865 3381 3933">
     <span class='ocr_line' id='line_1_108' title="bbox 1776 3865 3381 3933; baseline -0.003 -15"><span class='ocrx_word' id='word_1_771' title='bbox 1776 3881 1910 3920; x_wconf 91' lang='lat' dir='ltr'>vero</span> <span class='ocrx_word' id='word_1_772' title='bbox 1935 3879 2154 3920; x_wconf 90' lang='lat' dir='ltr'>novum</span> <span class='ocrx_word' id='word_1_773' title='bbox 2189 3883 2421 3923; x_wconf 88' lang='lat' dir='ltr'>carmen</span> <span class='ocrx_word' id='word_1_774' title='bbox 2461 3873 2577 3923; x_wconf 89' lang='lat' dir='ltr'>Deo</span> <span class='ocrx_word' id='word_1_775' title='bbox 2601 3876 2819 3924; x_wconf 89' lang='lat' dir='ltr'>canunt</span> <span class='ocrx_word' id='word_1_776' title='bbox 2842 3872 3052 3933; x_wconf 87' lang='lat' dir='ltr'>(notum</span> <span class='ocrx_word' id='word_1_777' title='bbox 3076 3868 3231 3920; x_wconf 90' lang='lat' dir='ltr'>enim</span> <span class='ocrx_word' id='word_1_778' title='bbox 3258 3865 3381 3926; x_wconf 80' lang='lat' dir='ltr'>fecit</span> 
     </span>
    </p>
   </div>
   <div class='ocr_carea' id='block_1_109' title="bbox 1775 3939 3381 4007">
    <p class='ocr_par' dir='ltr' id='par_1_109' title="bbox 1775 3939 3381 4007">
     <span class='ocr_line' id='line_1_109' title="bbox 1775 3939 3381 4007; baseline -0.002 -17"><span class='ocrx_word' id='word_1_779' title='bbox 1775 3939 1893 3990; x_wconf 88' lang='lat' dir='ltr'>orbi</span> <span class='ocrx_word' id='word_1_780' title='bbox 1913 3941 2150 3990; x_wconf 87' lang='lat' dir='ltr'>salutare</span> <span class='ocrx_word' id='word_1_781' title='bbox 2182 3955 2363 4002; x_wconf 85' lang='lat' dir='ltr'>suum,</span> <span class='ocrx_word' id='word_1_782' title='bbox 2380 3948 2425 3991; x_wconf 87' lang='lat' dir='ltr'>et</span> <span class='ocrx_word' id='word_1_783' title='bbox 2452 3949 2577 3992; x_wconf 84' lang='lat' dir='ltr'>ante</span> <span class='ocrx_word' id='word_1_784' title='bbox 2598 3947 2934 4007; x_wconf 82' lang='lat' dir='ltr'>conspectum</span> <span class='ocrx_word' id='word_1_785' title='bbox 2960 3940 3212 3991; x_wconf 84' lang='lat' dir='ltr'>Gentium</span> <span class='ocrx_word' id='word_1_786' title='bbox 3238 3952 3381 3987; x_wconf 87' lang='lat' dir='ltr'>reve-</span> 
     </span>
    </p>
   </div>
   <div class='ocr_carea' id='block_1_110' title="bbox 1777 4009 3382 4076">
    <p class='ocr_par' dir='ltr' id='par_1_110' title="bbox 1777 4009 3382 4076">
     <span class='ocr_line' id='line_1_110' title="bbox 1777 4009 3382 4076; baseline -0.001 -16"><span class='ocrx_word' id='word_1_787' title='bbox 1777 4011 1905 4060; x_wconf 82' lang='lat' dir='ltr'>lavit</span> <span class='ocrx_word' id='word_1_788' title='bbox 1912 4011 2188 4075; x_wconf 81' lang='lat' dir='ltr'>justitiam</span> <span class='ocrx_word' id='word_1_789' title='bbox 2210 4026 2366 4062; x_wconf 85' lang='lat' dir='ltr'>suam</span> <span class='ocrx_word' id='word_1_790' title='bbox 2388 4012 2552 4076; x_wconf 84' lang='lat' dir='ltr'>[Psal.</span> <span class='ocrx_word' id='word_1_791' title='bbox 2570 4010 2779 4075; x_wconf 51' lang='lat'>972]),</span> <span class='ocrx_word' id='word_1_792' title='bbox 2811 4012 2833 4041; x_wconf 76' lang='lat'><strong>&quot;</strong></span> <span class='ocrx_word' id='word_1_793' title='bbox 2859 4024 3103 4073; x_wconf 87' lang='lat' dir='ltr'>eamque</span> <span class='ocrx_word' id='word_1_794' title='bbox 3127 4009 3382 4061; x_wconf 84' lang='lat' dir='ltr'>servitu-</span> 
     </span>
    </p>
   </div>
   <div class='ocr_carea' id='block_1_111' title="bbox 1777 4080 3384 4147">
    <p class='ocr_par' dir='ltr' id='par_1_111' title="bbox 1777 4080 3384 4147">
     <span class='ocr_line' id='line_1_111' title="bbox 1777 4080 3384 4147; baseline -0.002 -14"><span class='ocrx_word' id='word_1_795' title='bbox 1777 4084 1911 4147; x_wconf 91' lang='lat' dir='ltr'>tem,</span> <span class='ocrx_word' id='word_1_796' title='bbox 1942 4095 2059 4147; x_wconf 90' lang='lat' dir='ltr'>qua</span> <span class='ocrx_word' id='word_1_797' title='bbox 2082 4083 2331 4147; x_wconf 89' lang='lat' dir='ltr'>peccatis</span> <span class='ocrx_word' id='word_1_798' title='bbox 2355 4088 2413 4135; x_wconf 92' lang='lat' dir='ltr'>et</span> <span class='ocrx_word' id='word_1_799' title='bbox 2435 4083 2755 4134; x_wconf 89' lang='lat' dir='ltr'>immundis</span> <span class='ocrx_word' id='word_1_800' title='bbox 2772 4082 3069 4145; x_wconf 88' lang='lat' dir='ltr'>spiritibus</span> <span class='ocrx_word' id='word_1_801' title='bbox 3096 4080 3384 4131; x_wconf 88' lang='lat' dir='ltr'>subdeba-</span> 
     </span>
    </p>
   </div>
   <div class='ocr_carea' id='block_1_112' title="bbox 1777 4152 3377 4219">
    <p class='ocr_par' dir='ltr' id='par_1_112' title="bbox 1777 4152 3377 4219">
     <span class='ocr_line' id='line_1_112' title="bbox 1777 4152 3377 4219; baseline -0.005 -14"><span class='ocrx_word' id='word_1_802' title='bbox 1777 4166 1925 4216; x_wconf 90' lang='lat' dir='ltr'>mur,</span> <span class='ocrx_word' id='word_1_803' title='bbox 1944 4154 2197 4218; x_wconf 90' lang='lat' dir='ltr'>gratuita</span> <span class='ocrx_word' id='word_1_804' title='bbox 2211 4154 2566 4219; x_wconf 90' lang='lat' dir='ltr'>indulgentia</span> <span class='ocrx_word' id='word_1_805' title='bbox 2585 4158 2642 4205; x_wconf 92' lang='lat' dir='ltr'>et</span> <span class='ocrx_word' id='word_1_806' title='bbox 2659 4152 3112 4204; x_wconf 79' lang='lat' dir='ltr'>sanctificatione</span> <span class='ocrx_word' id='word_1_807' title='bbox 3124 4153 3333 4199; x_wconf 83' lang='lat' dir='ltr'>dissolvi</span> <span class='ocrx_word' id='word_1_808' title='bbox 3344 4160 3377 4212; x_wconf 86' lang='grc' dir='ltr'>ι,</span> 
     </span>
    </p>
   </div>
   <div class='ocr_carea' id='block_1_113' title="bbox 1778 4221 3382 4289">
    <p class='ocr_par' dir='ltr' id='par_1_113' title="bbox 1778 4221 3382 4289">
     <span class='ocr_line' id='line_1_113' title="bbox 1778 4221 3382 4289; baseline -0.002 -13"><span class='ocrx_word' id='word_1_809' title='bbox 1778 4226 1843 4276; x_wconf 91' lang='lat' dir='ltr'>ut</span> <span class='ocrx_word' id='word_1_810' title='bbox 1865 4224 2087 4278; x_wconf 88' lang='lat' dir='ltr'>liberati</span> <span class='ocrx_word' id='word_1_811' title='bbox 2107 4226 2180 4277; x_wconf 92' lang='lat' dir='ltr'>ab</span> <span class='ocrx_word' id='word_1_812' title='bbox 2198 4226 2627 4289; x_wconf 85' lang='lat' dir='ltr'>iniquitatibus,</span> <span class='ocrx_word' id='word_1_813' title='bbox 2639 4224 2882 4288; x_wconf 87' lang='lat' dir='ltr'>justitia</span> <span class='ocrx_word' id='word_1_814' title='bbox 2907 4221 3274 4283; x_wconf 87' lang='lat' dir='ltr'>serviremus,</span> <span class='ocrx_word' id='word_1_815' title='bbox 3292 4225 3382 4272; x_wconf 89' lang='lat' dir='ltr'>at—</span> 
     </span>
    </p>
   </div>
   <div class='ocr_carea' id='block_1_114' title="bbox 1779 4292 3383 4362">
    <p class='ocr_par' dir='ltr' id='par_1_114' title="bbox 1779 4292 3383 4362">
     <span class='ocr_line' id='line_1_114' title="bbox 1779 4292 3383 4362; baseline -0.004 -13"><span class='ocrx_word' id='word_1_816' title='bbox 1779 4308 1889 4361; x_wconf 89' lang='lat' dir='ltr'>que</span> <span class='ocrx_word' id='word_1_817' title='bbox 1914 4297 2164 4362; x_wconf 90' lang='lat' dir='ltr'>populus</span> <span class='ocrx_word' id='word_1_818' title='bbox 2188 4297 2595 4361; x_wconf 87' lang='lat' dir='ltr'>adquisitionis</span> <span class='ocrx_word' id='word_1_819' title='bbox 2620 4296 2819 4356; x_wconf 75' lang='lat' dir='ltr'>effecti,</span> <span class='ocrx_word' id='word_1_820' title='bbox 2847 4294 3028 4345; x_wconf 88' lang='lat' dir='ltr'>divini</span> <span class='ocrx_word' id='word_1_821' title='bbox 3058 4292 3383 4344; x_wconf 88' lang='lat' dir='ltr'>stemmatis</span> 
     </span>
    </p>
   </div>
   <div class='ocr_carea' id='block_1_115' title="bbox 1776 4366 3381 4435">
    <p class='ocr_par' dir='ltr' id='par_1_115' title="bbox 1776 4366 3381 4435">
     <span class='ocr_line' id='line_1_115' title="bbox 1776 4366 3381 4435; baseline -0.007 -12"><span class='ocrx_word' id='word_1_822' title='bbox 1776 4370 2104 4434; x_wconf 89' lang='lat' dir='ltr'>insignibus</span> <span class='ocrx_word' id='word_1_823' title='bbox 2127 4368 2787 4435; x_wconf 85' lang='lat' dir='ltr'>fulgeremus,habentes</span> <span class='ocrx_word' id='word_1_824' title='bbox 2820 4366 2892 4417; x_wconf 89' lang='lat' dir='ltr'>de</span> <span class='ocrx_word' id='word_1_825' title='bbox 2907 4369 3104 4435; x_wconf 91' lang='lat' dir='ltr'>nostro</span> <span class='ocrx_word' id='word_1_826' title='bbox 3128 4375 3381 4435; x_wconf 87' lang='lat' dir='ltr'>corpore,</span> 
     </span>
    </p>
   </div>
   <div class='ocr_carea' id='block_1_116' title="bbox 1780 4432 3383 4505">
    <p class='ocr_par' dir='ltr' id='par_1_116' title="bbox 1780 4432 3383 4505">
     <span class='ocr_line' id='line_1_116' title="bbox 1780 4432 3383 4505; baseline -0.006 -11"><span class='ocrx_word' id='word_1_827' title='bbox 1780 4441 1851 4494; x_wconf 88' lang='lat' dir='ltr'>de</span> <span class='ocrx_word' id='word_1_828' title='bbox 1877 4432 2095 4503; x_wconf 81' lang='lat' dir='ltr'>nostro,</span> <span class='ocrx_word' id='word_1_829' title='bbox 2138 4432 2395 4505; x_wconf 78' lang='lat' dir='ltr'>inquam,</span> <span class='ocrx_word' id='word_1_830' title='bbox 2425 4439 2636 4505; x_wconf 90' lang='lat' dir='ltr'>popqu</span> <span class='ocrx_word' id='word_1_831' title='bbox 2681 4438 2974 4496; x_wconf 88' lang='lat' dir='ltr'>vinitores,</span> <span class='ocrx_word' id='word_1_832' title='bbox 3004 4434 3097 4487; x_wconf 92' lang='lat' dir='ltr'>vel</span> <span class='ocrx_word' id='word_1_833' title='bbox 3129 4432 3383 4505; x_wconf 79' lang='lat' dir='ltr'>ingentis</span> 
     </span>
    </p>
   </div>
   <div class='ocr_carea' id='block_1_117' title="bbox 1782 4503 3384 4578">
    <p class='ocr_par' dir='ltr' id='par_1_117' title="bbox 1782 4503 3384 4578">
     <span class='ocr_line' id='line_1_117' title="bbox 1782 4503 3384 4578; baseline -0.006 -14"><span class='ocrx_word' id='word_1_834' title='bbox 1782 4513 1928 4565; x_wconf 89' lang='lat' dir='ltr'>botri</span> <span class='ocrx_word' id='word_1_835' title='bbox 1954 4513 2198 4578; x_wconf 89' lang='lat' dir='ltr'>gratiam</span> <span class='ocrx_word' id='word_1_836' title='bbox 2220 4503 2404 4564; x_wconf 46' lang='lat' dir='ltr'>&#39;nobis</span> <span class='ocrx_word' id='word_1_837' title='bbox 2429 4503 2486 4563; x_wconf 85' lang='lat' dir='ltr'>in</span> <span class='ocrx_word' id='word_1_838' title='bbox 2503 4503 2814 4577; x_wconf 73' lang='lat' dir='ltr'>mysteriis</span> <span class='ocrx_word' id='word_1_839' title='bbox 2841 4507 3272 4578; x_wconf 86' lang='lat' dir='ltr'>contradentes,</span> <span class='ocrx_word' id='word_1_840' title='bbox 3295 4503 3384 4555; x_wconf 91' lang='lat' dir='ltr'>vel</span> 
     </span>
    </p>
   </div>
   <div class='ocr_carea' id='block_1_118' title="bbox 82 4577 3383 4662">
    <p class='ocr_par' dir='ltr' id='par_1_118' title="bbox 82 4577 3383 4662">
     <span class='ocr_line' id='line_1_118' title="bbox 82 4577 3383 4662; baseline -0.004 -22"><span class='ocrx_word' id='word_1_841' title='bbox 82 4596 130 4640; x_wconf 84' lang='lat' dir='ltr'>et</span> <span class='ocrx_word' id='word_1_842' title='bbox 168 4577 297 4640; x_wconf 73' lang='lat' dir='ltr'>dabo</span> <span class='ocrx_word' id='word_1_843' title='bbox 322 4577 582 4640; x_wconf 58' lang='lat' dir='ltr'>vinitores</span> <span class='ocrx_word' id='word_1_844' title='bbox 630 4605 696 4639; x_wconf 89' lang='lat' dir='ltr'>ex</span> <span class='ocrx_word' id='word_1_845' title='bbox 720 4589 905 4662; x_wconf 85' lang='lat' dir='ltr'>eodem</span> <span class='ocrx_word' id='word_1_846' title='bbox 942 4577 1069 4662; x_wconf 77' lang='lat' dir='ltr'>loco,</span> <span class='ocrx_word' id='word_1_847' title='bbox 1115 4577 1167 4637; x_wconf 76' lang='lat' dir='ltr'>et</span> <span class='ocrx_word' id='word_1_848' title='bbox 1189 4586 1381 4662; x_wconf 59' lang='lat' dir='ltr'>uallem</span> <span class='ocrx_word' id='word_1_849' title='bbox 1407 4584 1589 4662; x_wconf 83' lang='lat' dir='ltr'>Achor</span> <span class='ocrx_word' id='word_1_850' title='bbox 1612 4580 1684 4630; x_wconf 87' lang='lat' dir='ltr'>ad</span> <span class='ocrx_word' id='word_1_851' title='bbox 1705 4588 1763 4662; x_wconf 87' lang='lat' dir='ltr'>D</span> <span class='ocrx_word' id='word_1_852' title='bbox 1780 4577 2169 4662; x_wconf 67' lang='lat' dir='ltr'>ipsamartelu</span> <span class='ocrx_word' id='word_1_853' title='bbox 2177 4587 2353 4662; x_wconf 75' lang='lat' dir='ltr'>atque</span> <span class='ocrx_word' id='word_1_854' title='bbox 2374 4583 2866 4662; x_wconf 78' lang='lat' dir='ltr'>indus_triam,qua</span> <span class='ocrx_word' id='word_1_855' title='bbox 2880 4578 3051 4632; x_wconf 89' lang='lat' dir='ltr'>vinea</span> 
     </span>
    </p>
   </div>
   <div class='ocr_carea' id='block_1_119' title="bbox 86 4658 1678 4729">
    <p class='ocr_par' dir='ltr' id='par_1_119' title="bbox 86 4658 1678 4729">
     <span class='ocr_line' id='line_1_119' title="bbox 86 4658 1678 4729; baseline -0.006 -16"><span class='ocrx_word' id='word_1_856' title='bbox 86 4662 431 4729; x_wconf 76' lang='lat' dir='ltr'>aperienda-7n</span> <span class='ocrx_word' id='word_1_857' title='bbox 445 4661 767 4726; x_wconf 81' lang='lat' dir='ltr'>spem:quia</span> <span class='ocrx_word' id='word_1_858' title='bbox 789 4660 1155 4713; x_wconf 84' lang='lat' dir='ltr'>nativitatem</span> <span class='ocrx_word' id='word_1_859' title='bbox 1184 4660 1505 4723; x_wconf 87' lang='lat' dir='ltr'>Synagoga</span> <span class='ocrx_word' id='word_1_860' title='bbox 1534 4658 1678 4706; x_wconf 87' lang='lat' dir='ltr'>tem-</span> 
     </span>
    </p>
   </div>
   <div class='ocr_carea' id='block_1_120' title="bbox 85 4729 1679 4800">
    <p class='ocr_par' dir='ltr' id='par_1_120' title="bbox 85 4729 1679 4800">
     <span class='ocr_line' id='line_1_120' title="bbox 85 4729 1679 4800; baseline -0.007 -13"><span class='ocrx_word' id='word_1_861' title='bbox 85 4747 192 4800; x_wconf 88' lang='lat' dir='ltr'>pus</span> <span class='ocrx_word' id='word_1_862' title='bbox 214 4734 489 4798; x_wconf 75' lang='lat' dir='ltr'>Egyptia</span> <span class='ocrx_word' id='word_1_863' title='bbox 512 4732 867 4784; x_wconf 90' lang='lat' dir='ltr'>liberationis</span> <span class='ocrx_word' id='word_1_864' title='bbox 895 4731 1163 4796; x_wconf 90' lang='lat' dir='ltr'>appellat,</span> <span class='ocrx_word' id='word_1_865' title='bbox 1194 4729 1425 4782; x_wconf 88' lang='lat' dir='ltr'>iactatio</span> <span class='ocrx_word' id='word_1_866' title='bbox 1449 4737 1679 4800; x_wconf 79' lang='lat' dir='ltr'>quoque</span> 
     </span>
    </p>
   </div>
   <div class='ocr_carea' id='block_1_121' title="bbox 85 4796 1679 4860">
    <p class='ocr_par' dir='ltr' id='par_1_121' title="bbox 85 4796 1679 4860">
     <span class='ocr_line' id='line_1_121' title="bbox 85 4796 1679 4860; baseline -0.006 -3"><span class='ocrx_word' id='word_1_867' title='bbox 85 4796 269 4860; x_wconf 73' lang='lat' dir='ltr'>cibum</span> <span class='ocrx_word' id='word_1_868' title='bbox 280 4796 510 4856; x_wconf 74' lang='lat' dir='ltr'>Manna</span> <span class='ocrx_word' id='word_1_869' title='bbox 533 4804 760 4855; x_wconf 78' lang='lat' dir='ltr'>videtur</span> <span class='ocrx_word' id='word_1_870' title='bbox 775 4803 1101 4855; x_wconf 89' lang='lat' dir='ltr'>ostendere.</span> <span class='ocrx_word' id='word_1_871' title='bbox 1127 4801 1364 4854; x_wconf 89' lang='lat' dir='ltr'>Locutio</span> <span class='ocrx_word' id='word_1_872' title='bbox 1379 4804 1577 4853; x_wconf 91' lang='lat' dir='ltr'>autem</span> <span class='ocrx_word' id='word_1_873' title='bbox 1606 4796 1679 4849; x_wconf 89' lang='lat' dir='ltr'>ad</span> 
     </span>
    </p>
   </div>
   <div class='ocr_carea' id='block_1_122' title="bbox 147 4936 1680 5011">
    <p class='ocr_par' dir='ltr' id='par_1_122' title="bbox 147 4936 1680 5011">
     <span class='ocr_line' id='line_1_122' title="bbox 147 4936 1680 5011; baseline -0.008 -9"><span class='ocrx_word' id='word_1_874' title='bbox 147 4960 163 4978; x_wconf 89' lang='grc'>·</span> <span class='ocrx_word' id='word_1_875' title='bbox 191 4948 324 5001; x_wconf 80' lang='lat' dir='ltr'>Heio</span> <span class='ocrx_word' id='word_1_876' title='bbox 346 4947 537 5011; x_wconf 88' lang='lat' dir='ltr'>legere</span> <span class='ocrx_word' id='word_1_877' title='bbox 560 4946 758 4999; x_wconf 89' lang='lat' dir='ltr'>malim</span> <span class='ocrx_word' id='word_1_878' title='bbox 782 4946 1056 4996; x_wconf 76' lang='lat' dir='ltr'>convexit:</span> <span class='ocrx_word' id='word_1_879' title='bbox 1093 4957 1431 5009; x_wconf 88' lang='lat' dir='ltr'>quanquam</span> <span class='ocrx_word' id='word_1_880' title='bbox 1456 4949 1515 4996; x_wconf 90' lang='lat' dir='ltr'>et</span> <span class='ocrx_word' id='word_1_881' title='bbox 1545 4936 1680 5005; x_wconf 83' lang='lat' dir='ltr'>quod</span> 
     </span>
    </p>
   </div>
   <div class='ocr_carea' id='block_1_123' title="bbox 90 5016 1682 5087">
    <p class='ocr_par' dir='ltr' id='par_1_123' title="bbox 90 5016 1682 5087">
     <span class='ocr_line' id='line_1_123' title="bbox 90 5016 1682 5087; baseline -0.007 -13"><span class='ocrx_word' id='word_1_882' title='bbox 90 5018 622 5087; x_wconf 80' lang='lat' dir='ltr'>praceditproxime</span> <span class='ocrx_word' id='word_1_883' title='bbox 634 5018 878 5071; x_wconf 90' lang='lat' dir='ltr'>verbum</span> <span class='ocrx_word' id='word_1_884' title='bbox 892 5017 1215 5082; x_wconf 83' lang='lat' dir='ltr'>impiala,de</span> <span class='ocrx_word' id='word_1_885' title='bbox 1226 5016 1484 5082; x_wconf 91' lang='lat' dir='ltr'>graviore</span> <span class='ocrx_word' id='word_1_886' title='bbox 1500 5018 1682 5087; x_wconf 85' lang='lat' dir='ltr'>mendo</span> 
     </span>
    </p>
   </div>
   <div class='ocr_carea' id='block_1_124' title="bbox 91 5086 1683 5158">
    <p class='ocr_par' dir='ltr' id='par_1_124' title="bbox 91 5086 1683 5158">
     <span class='ocr_line' id='line_1_124' title="bbox 91 5086 1683 5158; baseline -0.008 -12"><span class='ocrx_word' id='word_1_887' title='bbox 91 5086 470 5158; x_wconf 77' lang='lat' dir='ltr'>suspicionem</span> <span class='ocrx_word' id='word_1_888' title='bbox 503 5092 713 5141; x_wconf 87' lang='lat' dir='ltr'>movet.</span> <span class='ocrx_word' id='word_1_889' title='bbox 751 5089 1139 5153; x_wconf 90' lang='lat' dir='ltr'>Subsequenti</span> <span class='ocrx_word' id='word_1_890' title='bbox 1180 5101 1352 5139; x_wconf 90' lang='lat' dir='ltr'>versu</span> <span class='ocrx_word' id='word_1_891' title='bbox 1376 5100 1478 5153; x_wconf 92' lang='lat' dir='ltr'>pro</span> <span class='ocrx_word' id='word_1_892' title='bbox 1501 5086 1683 5136; x_wconf 76' lang='lat' dir='ltr'>erube-</span> 
     </span>
    </p>
   </div>
   <div class='ocr_carea' id='block_1_125' title="bbox 90 5158 1683 5226">
    <p class='ocr_par' dir='ltr' id='par_1_125' title="bbox 90 5158 1683 5226">
     <span class='ocr_line' id='line_1_125' title="bbox 90 5158 1683 5226; baseline -0.006 -12"><span class='ocrx_word' id='word_1_893' title='bbox 90 5163 358 5225; x_wconf 85' lang='lat' dir='ltr'>scentibus,</span> <span class='ocrx_word' id='word_1_894' title='bbox 399 5166 596 5213; x_wconf 91' lang='lat' dir='ltr'>monet</span> <span class='ocrx_word' id='word_1_895' title='bbox 629 5161 784 5226; x_wconf 89' lang='lat' dir='ltr'>prior</span> <span class='ocrx_word' id='word_1_896' title='bbox 816 5159 1012 5212; x_wconf 83' lang='lat' dir='ltr'>Editor</span> <span class='ocrx_word' id='word_1_897' title='bbox 1048 5159 1357 5224; x_wconf 88' lang='lat' dir='ltr'>legendum</span> <span class='ocrx_word' id='word_1_898' title='bbox 1382 5158 1683 5207; x_wconf 84' lang='lat' dir='ltr'>erubescen-</span> 
     </span>
    </p>
   </div>
   <div class='ocr_carea' id='block_1_126' title="bbox 94 5229 1683 5297">
    <p class='ocr_par' dir='ltr' id='par_1_126' title="bbox 94 5229 1683 5297">
     <span class='ocr_line' id='line_1_126' title="bbox 94 5229 1683 5297; baseline -0.004 -11"><span class='ocrx_word' id='word_1_899' title='bbox 94 5237 187 5287; x_wconf 86' lang='lat' dir='ltr'>dis.</span> <span class='ocrx_word' id='word_1_900' title='bbox 214 5233 471 5297; x_wconf 87' lang='lat' dir='ltr'>Denique</span> <span class='ocrx_word' id='word_1_901' title='bbox 503 5232 674 5296; x_wconf 89' lang='lat' dir='ltr'>paulo</span> <span class='ocrx_word' id='word_1_902' title='bbox 710 5236 844 5296; x_wconf 88' lang='lat' dir='ltr'>post</span> <span class='ocrx_word' id='word_1_903' title='bbox 866 5232 977 5283; x_wconf 87' lang='lat' dir='ltr'>sub</span> <span class='ocrx_word' id='word_1_904' title='bbox 1000 5230 1176 5281; x_wconf 80' lang='lat' dir='ltr'>finem</span> <span class='ocrx_word' id='word_1_905' title='bbox 1200 5230 1436 5295; x_wconf 87' lang='lat' dir='ltr'>periodi,</span> <span class='ocrx_word' id='word_1_906' title='bbox 1462 5229 1561 5280; x_wconf 91' lang='lat' dir='ltr'>ubi</span> <span class='ocrx_word' id='word_1_907' title='bbox 1592 5229 1683 5280; x_wconf 86' lang='lat' dir='ltr'>in-</span> 
     </span>
    </p>
   </div>
   <div class='ocr_carea' id='block_1_127' title="bbox 92 5300 1681 5361">
    <p class='ocr_par' dir='ltr' id='par_1_127' title="bbox 92 5300 1681 5361">
     <span class='ocr_line' id='line_1_127' title="bbox 92 5300 1681 5361; baseline -0.008 0"><span class='ocrx_word' id='word_1_908' title='bbox 92 5305 386 5361; x_wconf 87' lang='lat' dir='ltr'>commoda</span> <span class='ocrx_word' id='word_1_909' title='bbox 431 5303 577 5355; x_wconf 89' lang='lat' dir='ltr'>serie</span> <span class='ocrx_word' id='word_1_910' title='bbox 621 5305 932 5356; x_wconf 90' lang='lat' dir='ltr'>verborum</span> <span class='ocrx_word' id='word_1_911' title='bbox 975 5308 1032 5354; x_wconf 91' lang='lat' dir='ltr'>et</span> <span class='ocrx_word' id='word_1_912' title='bbox 1072 5314 1245 5352; x_wconf 89' lang='lat' dir='ltr'>sensu</span> <span class='ocrx_word' id='word_1_913' title='bbox 1290 5300 1513 5357; x_wconf 85' lang='lat' dir='ltr'>dicitur,</span> <span class='ocrx_word' id='word_1_914' title='bbox 1562 5316 1681 5349; x_wconf 88' lang='lat' dir='ltr'>eam</span> 
     </span>
    </p>
   </div>
   <div class='ocr_carea' id='block_1_128' title="bbox 88 5372 1679 5445">
    <p class='ocr_par' dir='ltr' id='par_1_128' title="bbox 88 5372 1679 5445">
     <span class='ocr_line' id='line_1_128' title="bbox 88 5372 1679 5445; baseline -0.008 -15"><span class='ocrx_word' id='word_1_915' title='bbox 88 5381 245 5445; x_wconf 85' lang='lat' dir='ltr'>plena</span> <span class='ocrx_word' id='word_1_916' title='bbox 288 5382 343 5427; x_wconf 89' lang='lat' dir='ltr'>ut</span> <span class='ocrx_word' id='word_1_917' title='bbox 382 5376 553 5426; x_wconf 83' lang='lat' dir='ltr'>nostri</span> <span class='ocrx_word' id='word_1_918' title='bbox 597 5376 863 5437; x_wconf 85' lang='lat' dir='ltr'>numinis,</span> <span class='ocrx_word' id='word_1_919' title='bbox 889 5380 1021 5433; x_wconf 88' lang='lat' dir='ltr'>etc.,</span> <span class='ocrx_word' id='word_1_920' title='bbox 1054 5372 1264 5445; x_wconf 79' lang='lat' dir='ltr'>legesis</span> <span class='ocrx_word' id='word_1_921' title='bbox 1301 5387 1421 5445; x_wconf 76' lang='lat' dir='ltr'>eam</span> <span class='ocrx_word' id='word_1_922' title='bbox 1448 5387 1581 5435; x_wconf 84' lang='lat' dir='ltr'>pene</span> <span class='ocrx_word' id='word_1_923' title='bbox 1604 5378 1679 5429; x_wconf 82' lang='lat' dir='ltr'>ut,</span> 
     </span>
    </p>
   </div>
   <div class='ocr_carea' id='block_1_129' title="bbox 91 5443 1683 5514">
    <p class='ocr_par' dir='ltr' id='par_1_129' title="bbox 91 5443 1683 5514">
     <span class='ocr_line' id='line_1_129' title="bbox 91 5443 1683 5514; baseline -0.007 -10"><span class='ocrx_word' id='word_1_924' title='bbox 91 5443 193 5504; x_wconf 83' lang='lat' dir='ltr'>etc.</span> <span class='ocrx_word' id='word_1_925' title='bbox 220 5466 234 5514; x_wconf 88' lang='lat'><strong>;</strong></span> <span class='ocrx_word' id='word_1_926' title='bbox 261 5449 504 5503; x_wconf 84' lang='lat' dir='ltr'>fortasse</span> <span class='ocrx_word' id='word_1_927' title='bbox 527 5447 698 5499; x_wconf 87' lang='lat' dir='ltr'>etiam</span> <span class='ocrx_word' id='word_1_928' title='bbox 723 5446 966 5497; x_wconf 78' lang='lat' dir='ltr'>nominis</span> <span class='ocrx_word' id='word_1_929' title='bbox 993 5444 1203 5497; x_wconf 88' lang='lat' dir='ltr'>rectius</span> <span class='ocrx_word' id='word_1_930' title='bbox 1222 5443 1476 5503; x_wconf 89' lang='lat' dir='ltr'>haberet,</span> <span class='ocrx_word' id='word_1_931' title='bbox 1508 5454 1683 5505; x_wconf 89' lang='lat' dir='ltr'>quam</span> 
     </span>
    </p>
   </div>
   <div class='ocr_carea' id='block_1_130' title="bbox 91 5536 352 5573">
    <p class='ocr_par' dir='ltr' id='par_1_130' title="bbox 91 5536 352 5573">
     <span class='ocr_line' id='line_1_130' title="bbox 91 5536 352 5573; baseline -0.015 0"><span class='ocrx_word' id='word_1_932' title='bbox 91 5536 352 5573; x_wconf 79' lang='lat' dir='ltr'>nummis.</span> 
     </span>
    </p>
   </div>
   <div class='ocr_carea' id='block_1_131' title="bbox 152 5584 1684 5655">
    <p class='ocr_par' dir='ltr' id='par_1_131' title="bbox 152 5584 1684 5655">
     <span class='ocr_line' id='line_1_131' title="bbox 152 5584 1684 5655; baseline -0.008 -8"><span class='ocrx_word' id='word_1_933' title='bbox 152 5595 173 5624; x_wconf 82' lang='lat'><strong>&quot;</strong></span> <span class='ocrx_word' id='word_1_934' title='bbox 193 5595 325 5655; x_wconf 81' lang='lat' dir='ltr'>Aut,</span> <span class='ocrx_word' id='word_1_935' title='bbox 340 5590 531 5649; x_wconf 85' lang='lat' dir='ltr'>colore,</span> <span class='ocrx_word' id='word_1_936' title='bbox 560 5590 656 5638; x_wconf 87' lang='lat' dir='ltr'>hoc</span> <span class='ocrx_word' id='word_1_937' title='bbox 678 5588 932 5654; x_wconf 84' lang='lat' dir='ltr'>inquam,</span> <span class='ocrx_word' id='word_1_938' title='bbox 948 5591 1050 5639; x_wconf 89' lang='lat' dir='ltr'>aut</span> <span class='ocrx_word' id='word_1_939' title='bbox 1066 5585 1274 5635; x_wconf 84' lang='lat' dir='ltr'>dulcem</span> <span class='ocrx_word' id='word_1_940' title='bbox 1296 5585 1551 5648; x_wconf 86' lang='lat' dir='ltr'>inquam,</span> <span class='ocrx_word' id='word_1_941' title='bbox 1576 5584 1684 5655; x_wconf 71' lang='lat' dir='ltr'>etc.</span> 
     </span>
    </p>
   </div>
   <div class='ocr_carea' id='block_1_132' title="bbox 91 5653 1685 5734">
    <p class='ocr_par' dir='ltr' id='par_1_132' title="bbox 91 5653 1685 5734">
     <span class='ocr_line' id='line_1_132' title="bbox 91 5653 1685 5734; baseline -0.008 -15"><span class='ocrx_word' id='word_1_942' title='bbox 91 5653 379 5734; x_wconf 84' lang='lat' dir='ltr'>prastabit</span> <span class='ocrx_word' id='word_1_943' title='bbox 417 5660 659 5721; x_wconf 80' lang='lat' dir='ltr'>legisse:</span> <span class='ocrx_word' id='word_1_944' title='bbox 703 5653 804 5711; x_wconf 81' lang='lat' dir='ltr'>sed</span> <span class='ocrx_word' id='word_1_945' title='bbox 838 5658 1108 5724; x_wconf 77' lang='lat' dir='ltr'>persequi</span> <span class='ocrx_word' id='word_1_946' title='bbox 1154 5657 1376 5709; x_wconf 87' lang='lat' dir='ltr'>minuta</span> <span class='ocrx_word' id='word_1_947' title='bbox 1398 5653 1685 5725; x_wconf 86' lang='lat' dir='ltr'>ejusmodi</span> 
     </span>
    </p>
   </div>
   <div class='ocr_carea' id='block_1_133' title="bbox 92 5734 786 5796">
    <p class='ocr_par' dir='ltr' id='par_1_133' title="bbox 92 5734 786 5796">
     <span class='ocr_line' id='line_1_133' title="bbox 92 5734 786 5796; baseline -0.012 -5"><span class='ocrx_word' id='word_1_948' title='bbox 92 5736 311 5791; x_wconf 89' lang='lat' dir='ltr'>menda.</span> <span class='ocrx_word' id='word_1_949' title='bbox 334 5734 577 5796; x_wconf 89' lang='lat' dir='ltr'>longum</span> <span class='ocrx_word' id='word_1_950' title='bbox 614 5736 786 5784; x_wconf 88' lang='lat' dir='ltr'>esset.</span> 
     </span>
    </p>
   </div>
   <div class='ocr_carea' id='block_1_134' title="bbox 153 5798 1687 5871">
    <p class='ocr_par' dir='ltr' id='par_1_134' title="bbox 153 5798 1687 5871">
     <span class='ocr_line' id='line_1_134' title="bbox 153 5798 1687 5871; baseline -0.007 -12"><span class='ocrx_word' id='word_1_951' title='bbox 153 5821 171 5840; x_wconf 69' lang='grc' dir='ltr'><strong>ι</strong></span> <span class='ocrx_word' id='word_1_952' title='bbox 193 5810 328 5871; x_wconf 81' lang='lat' dir='ltr'>Qua</span> <span class='ocrx_word' id='word_1_953' title='bbox 356 5802 691 5871; x_wconf 89' lang='lat' dir='ltr'>parenthesi</span> <span class='ocrx_word' id='word_1_954' title='bbox 736 5799 1098 5865; x_wconf 88' lang='lat' dir='ltr'>inclusimus,</span> <span class='ocrx_word' id='word_1_955' title='bbox 1132 5814 1205 5852; x_wconf 81' lang='lat' dir='ltr'>ex</span> <span class='ocrx_word' id='word_1_956' title='bbox 1256 5812 1371 5852; x_wconf 88' lang='lat' dir='ltr'>una</span> <span class='ocrx_word' id='word_1_957' title='bbox 1393 5798 1687 5871; x_wconf 80' lang='lat' dir='ltr'>alteraque</span> 
     </span>
    </p>
   </div>
   <div class='ocr_carea' id='block_1_135' title="bbox 94 5867 1684 5936">
    <p class='ocr_par' dir='ltr' id='par_1_135' title="bbox 94 5867 1684 5936">
     <span class='ocr_line' id='line_1_135' title="bbox 94 5867 1684 5936; baseline -0.011 0"><span class='ocrx_word' id='word_1_958' title='bbox 94 5882 162 5936; x_wconf 87' lang='lat' dir='ltr'>ad</span> <span class='ocrx_word' id='word_1_959' title='bbox 189 5867 307 5933; x_wconf 87' lang='lat' dir='ltr'>libri</span> <span class='ocrx_word' id='word_1_960' title='bbox 350 5867 514 5929; x_wconf 82' lang='lat' dir='ltr'>oram</span> <span class='ocrx_word' id='word_1_961' title='bbox 539 5878 677 5926; x_wconf 87' lang='lat' dir='ltr'>nota</span> <span class='ocrx_word' id='word_1_962' title='bbox 707 5873 768 5925; x_wconf 91' lang='lat' dir='ltr'>in</span> <span class='ocrx_word' id='word_1_963' title='bbox 804 5875 1028 5926; x_wconf 83' lang='lat' dir='ltr'>textum</span> <span class='ocrx_word' id='word_1_964' title='bbox 1068 5871 1338 5925; x_wconf 88' lang='lat' dir='ltr'>videntur</span> <span class='ocrx_word' id='word_1_965' title='bbox 1366 5867 1684 5935; x_wconf 88' lang='lat' dir='ltr'>irrepsisse.</span> 
     </span>
    </p>
   </div>
   <div class='ocr_carea' id='block_1_136' title="bbox 1779 4648 3385 4719">
    <p class='ocr_par' dir='ltr' id='par_1_136' title="bbox 1779 4648 3385 4719">
     <span class='ocr_line' id='line_1_136' title="bbox 1779 4648 3385 4719; baseline -0.007 -10"><span class='ocrx_word' id='word_1_966' title='bbox 1779 4648 2122 4709; x_wconf 85' lang='lat' dir='ltr'>indicantes.</span> <span class='ocrx_word' id='word_1_967' title='bbox 2150 4657 2214 4707; x_wconf 91' lang='lat' dir='ltr'>In</span> <span class='ocrx_word' id='word_1_968' title='bbox 2238 4654 2334 4707; x_wconf 92' lang='lat' dir='ltr'>illo</span> <span class='ocrx_word' id='word_1_969' title='bbox 2357 4654 2595 4719; x_wconf 89' lang='lat' dir='ltr'>proinde</span> <span class='ocrx_word' id='word_1_970' title='bbox 2628 4656 2905 4717; x_wconf 91' lang='lat' dir='ltr'>tempore,</span> <span class='ocrx_word' id='word_1_971' title='bbox 2942 4662 3074 4701; x_wconf 91' lang='lat' dir='ltr'>cum</span> <span class='ocrx_word' id='word_1_972' title='bbox 3099 4648 3227 4700; x_wconf 86' lang='lat' dir='ltr'>hac</span> <span class='ocrx_word' id='word_1_973' title='bbox 3252 4657 3385 4709; x_wconf 89' lang='lat' dir='ltr'>qua</span> 
     </span>
    </p>
   </div>
   <div class='ocr_carea' id='block_1_137' title="bbox 1780 4719 3391 4791">
    <p class='ocr_par' dir='ltr' id='par_1_137' title="bbox 1780 4719 3391 4791">
     <span class='ocr_line' id='line_1_137' title="bbox 1780 4719 3391 4791; baseline -0.011 -8"><span class='ocrx_word' id='word_1_974' title='bbox 1780 4728 2252 4783; x_wconf 90' lang='lat' dir='ltr'>enumeravimus</span> <span class='ocrx_word' id='word_1_975' title='bbox 2264 4731 2456 4791; x_wconf 84' lang='lat' dir='ltr'>optata</span> <span class='ocrx_word' id='word_1_976' title='bbox 2472 4724 2833 4790; x_wconf 84' lang='lat' dir='ltr'>contigerint,</span> <span class='ocrx_word' id='word_1_977' title='bbox 2846 4724 3063 4787; x_wconf 87' lang='lat' dir='ltr'>quanta</span> <span class='ocrx_word' id='word_1_978' title='bbox 3075 4719 3247 4772; x_wconf 89' lang='lat' dir='ltr'>fuerit</span> <span class='ocrx_word' id='word_1_979' title='bbox 3262 4733 3391 4781; x_wconf 88' lang='lat' dir='ltr'>pra-</span> 
     </span>
    </p>
   </div>
   <div class='ocr_carea' id='block_1_138' title="bbox 1781 4791 3387 4864">
    <p class='ocr_par' dir='ltr' id='par_1_138' title="bbox 1781 4791 3387 4864">
     <span class='ocr_line' id='line_1_138' title="bbox 1781 4791 3387 4864; baseline -0.011 -11"><span class='ocrx_word' id='word_1_980' title='bbox 1781 4801 1983 4853; x_wconf 87' lang='lat' dir='ltr'>missa</span> <span class='ocrx_word' id='word_1_981' title='bbox 1998 4799 2392 4864; x_wconf 89' lang='lat' dir='ltr'>castigationis</span> <span class='ocrx_word' id='word_1_982' title='bbox 2408 4797 2645 4860; x_wconf 89' lang='lat' dir='ltr'>utilitas,</span> <span class='ocrx_word' id='word_1_983' title='bbox 2665 4795 2835 4850; x_wconf 89' lang='lat' dir='ltr'>etiam</span> <span class='ocrx_word' id='word_1_984' title='bbox 2850 4803 3080 4846; x_wconf 91' lang='lat' dir='ltr'>morum</span> <span class='ocrx_word' id='word_1_985' title='bbox 3105 4791 3387 4841; x_wconf 86' lang='lat' dir='ltr'>emendatio</span> 
     </span>
    </p>
   </div>
   <div class='ocr_carea' id='block_1_139' title="bbox 1847 4933 3389 5009">
    <p class='ocr_par' dir='ltr' id='par_1_139' title="bbox 1847 4933 3389 5009">
     <span class='ocr_line' id='line_1_139' title="bbox 1847 4933 3389 5009; baseline -0.008 -12"><span class='ocrx_word' id='word_1_986' title='bbox 1847 4944 1868 4974; x_wconf 70' lang='grc' dir='ltr'><em>δ</em></span> <span class='ocrx_word' id='word_1_987' title='bbox 1889 4943 2312 5009; x_wconf 87' lang='lat' dir='ltr'>Rescripsimus</span> <span class='ocrx_word' id='word_1_988' title='bbox 2334 4942 2461 4994; x_wconf 89' lang='lat' dir='ltr'>heic</span> <span class='ocrx_word' id='word_1_989' title='bbox 2485 4941 2732 5006; x_wconf 84' lang='lat' dir='ltr'>accipito,</span> <span class='ocrx_word' id='word_1_990' title='bbox 2757 4952 2858 5005; x_wconf 86' lang='lat' dir='ltr'>pro</span> <span class='ocrx_word' id='word_1_991' title='bbox 2887 4949 3004 5003; x_wconf 91' lang='lat' dir='ltr'>quo</span> <span class='ocrx_word' id='word_1_992' title='bbox 3027 4939 3152 4991; x_wconf 88' lang='lat' dir='ltr'>erat</span> <span class='ocrx_word' id='word_1_993' title='bbox 3182 4933 3389 4987; x_wconf 90' lang='lat' dir='ltr'>vitiose</span> 
     </span>
    </p>
   </div>
   <div class='ocr_carea' id='block_1_140' title="bbox 1783 5016 2035 5067">
    <p class='ocr_par' dir='ltr' id='par_1_140' title="bbox 1783 5016 2035 5067">
     <span class='ocr_line' id='line_1_140' title="bbox 1783 5016 2035 5067; baseline 0.004 -1"><span class='ocrx_word' id='word_1_994' title='bbox 1783 5016 2035 5067; x_wconf 72' lang='lat' dir='ltr'>acceptio.</span> 
     </span>
    </p>
   </div>
   <div class='ocr_carea' id='block_1_141' title="bbox 1847 5032 3391 5149">
    <p class='ocr_par' dir='ltr' id='par_1_141' title="bbox 1847 5032 3391 5149">
     <span class='ocr_line' id='line_1_141' title="bbox 1876 5032 2035 5067; baseline 0.013 -2"><span class='ocrx_word' id='word_1_995' title='bbox 1876 5032 1901 5065; x_wconf 71' lang='grc' dir='ltr'><em>ρ</em></span> <span class='ocrx_word' id='word_1_996' title='bbox 1946 5032 2035 5067; x_wconf 74' lang='lat' dir='ltr'>HO.</span> 
     </span>
     <span class='ocr_line' id='line_1_142' title="bbox 1847 5032 3391 5149; baseline -0.01 -9"><span class='ocrx_word' id='word_1_997' title='bbox 1847 5032 1874 5116; x_wconf 53' lang='grc' dir='ltr'><em>ξ</em></span> <span class='ocrx_word' id='word_1_998' title='bbox 1889 5032 2280 5139; x_wconf 63' lang='grc' dir='ltr'>ἔωθηᾱειωιιε</span> <span class='ocrx_word' id='word_1_999' title='bbox 2300 5086 2413 5149; x_wconf 78' lang='lat' dir='ltr'>fur,</span> <span class='ocrx_word' id='word_1_1000' title='bbox 2438 5097 2539 5149; x_wconf 91' lang='lat' dir='ltr'>pro</span> <span class='ocrx_word' id='word_1_1001' title='bbox 2562 5096 2676 5149; x_wconf 89' lang='lat' dir='ltr'>quo</span> <span class='ocrx_word' id='word_1_1002' title='bbox 2699 5086 2873 5135; x_wconf 88' lang='lat' dir='ltr'>antea</span> <span class='ocrx_word' id='word_1_1003' title='bbox 2896 5078 3056 5133; x_wconf 91' lang='lat' dir='ltr'>nullo</span> <span class='ocrx_word' id='word_1_1004' title='bbox 3081 5088 3256 5149; x_wconf 87' lang='lat' dir='ltr'>sensu</span> <span class='ocrx_word' id='word_1_1005' title='bbox 3267 5080 3391 5127; x_wconf 88' lang='lat' dir='ltr'>erat</span> 
     </span>
    </p>
   </div>
   <div class='ocr_carea' id='block_1_142' title="bbox 1783 5148 3393 5223">
    <p class='ocr_par' dir='ltr' id='par_1_142' title="bbox 1783 5148 3393 5223">
     <span class='ocr_line' id='line_1_143' title="bbox 1783 5148 3393 5223; baseline -0.006 -16"><span class='ocrx_word' id='word_1_1006' title='bbox 1783 5173 1899 5207; x_wconf 87' lang='lat' dir='ltr'>suo.</span> <span class='ocrx_word' id='word_1_1007' title='bbox 1927 5160 2009 5210; x_wconf 90' lang='lat' dir='ltr'>De</span> <span class='ocrx_word' id='word_1_1008' title='bbox 2032 5159 2160 5223; x_wconf 90' lang='lat' dir='ltr'>ejus</span> <span class='ocrx_word' id='word_1_1009' title='bbox 2191 5148 2640 5221; x_wconf 23' lang='lat' dir='ltr'>nomine,’quem</span> <span class='ocrx_word' id='word_1_1010' title='bbox 2665 5155 3053 5217; x_wconf 81' lang='lat' dir='ltr'>Hieronymus</span> <span class='ocrx_word' id='word_1_1011' title='bbox 3082 5148 3393 5223; x_wconf 71' lang='lat' dir='ltr'>Achan_vo-</span> 
     </span>
    </p>
   </div>
   <div class='ocr_carea' id='block_1_143' title="bbox 1785 5218 3389 5295">
    <p class='ocr_par' dir='ltr' id='par_1_143' title="bbox 1785 5218 3389 5295">
     <span class='ocr_line' id='line_1_144' title="bbox 1785 5218 3389 5295; baseline -0.009 -13"><span class='ocrx_word' id='word_1_1012' title='bbox 1785 5231 1897 5287; x_wconf 87' lang='lat' dir='ltr'>cat.</span> <span class='ocrx_word' id='word_1_1013' title='bbox 1922 5218 2219 5295; x_wconf 44' lang='lat' dir='ltr'>vide&#39;qua</span> <span class='ocrx_word' id='word_1_1014' title='bbox 2254 5243 2361 5280; x_wconf 92' lang='lat' dir='ltr'>nos</span> <span class='ocrx_word' id='word_1_1015' title='bbox 2385 5218 2553 5280; x_wconf 81' lang='lat' dir='ltr'>Tom.</span> <span class='ocrx_word' id='word_1_1016' title='bbox 2584 5230 2679 5279; x_wconf 90' lang='lat' dir='ltr'><strong>III.</strong></span> <span class='ocrx_word' id='word_1_1017' title='bbox 2715 5226 2788 5278; x_wconf 92' lang='lat' dir='ltr'>ad</span> <span class='ocrx_word' id='word_1_1018' title='bbox 2814 5226 2935 5276; x_wconf 93' lang='lat' dir='ltr'>Lib.</span> <span class='ocrx_word' id='word_1_1019' title='bbox 2962 5226 3245 5275; x_wconf 87' lang='lat' dir='ltr'>Locorum</span> <span class='ocrx_word' id='word_1_1020' title='bbox 3268 5218 3389 5270; x_wconf 85' lang='lat' dir='ltr'>He-</span> 
     </span>
    </p>
   </div>
   <div class='ocr_carea' id='block_1_144' title="bbox 1788 5300 2543 5353">
    <p class='ocr_par' dir='ltr' id='par_1_144' title="bbox 1788 5300 2543 5353">
     <span class='ocr_line' id='line_1_145' title="bbox 1788 5300 2543 5353; baseline -0.001 -2"><span class='ocrx_word' id='word_1_1021' title='bbox 1788 5300 2110 5352; x_wconf 89' lang='lat' dir='ltr'>braicorum</span> <span class='ocrx_word' id='word_1_1022' title='bbox 2146 5301 2543 5353; x_wconf 89' lang='lat' dir='ltr'>observamus.</span> 
     </span>
    </p>
   </div>
   <div class='ocr_carea' id='block_1_145' title="bbox 1850 5365 3390 5430">
    <p class='ocr_par' dir='ltr' id='par_1_145' title="bbox 1850 5365 3390 5430">
     <span class='ocr_line' id='line_1_146' title="bbox 1850 5365 3390 5430; baseline -0.007 -6"><span class='ocrx_word' id='word_1_1023' title='bbox 1850 5370 1866 5399; x_wconf 81' lang='lat'><strong><em>&#39;</em></strong></span> <span class='ocrx_word' id='word_1_1024' title='bbox 1903 5370 2200 5423; x_wconf 76' lang='lat' dir='ltr'>Maluisset</span> <span class='ocrx_word' id='word_1_1025' title='bbox 2266 5376 2435 5423; x_wconf 88' lang='lat' dir='ltr'>vetus</span> <span class='ocrx_word' id='word_1_1026' title='bbox 2486 5369 2681 5421; x_wconf 87' lang='lat' dir='ltr'>Editor</span> <span class='ocrx_word' id='word_1_1027' title='bbox 2745 5367 2981 5419; x_wconf 89' lang='lat' dir='ltr'>rescribi</span> <span class='ocrx_word' id='word_1_1028' title='bbox 3056 5365 3390 5430; x_wconf 83' lang='lat' dir='ltr'>placandum</span> 
     </span>
    </p>
   </div>
   <div class='ocr_carea' id='block_1_146' title="bbox 1792 5437 3392 5507">
    <p class='ocr_par' dir='ltr' id='par_1_146' title="bbox 1792 5437 3392 5507">
     <span class='ocr_line' id='line_1_147' title="bbox 1792 5437 3392 5507; baseline -0.006 -14"><span class='ocrx_word' id='word_1_1029' title='bbox 1792 5443 2182 5494; x_wconf 81' lang='lat' dir='ltr'>Deum.Malim</span> <span class='ocrx_word' id='word_1_1030' title='bbox 2195 5455 2302 5507; x_wconf 90' lang='lat' dir='ltr'>ego</span> <span class='ocrx_word' id='word_1_1031' title='bbox 2319 5442 2488 5507; x_wconf 90' lang='lat' dir='ltr'>paulo</span> <span class='ocrx_word' id='word_1_1032' title='bbox 2519 5444 2667 5505; x_wconf 91' lang='lat' dir='ltr'>post,</span> <span class='ocrx_word' id='word_1_1033' title='bbox 2700 5439 2799 5489; x_wconf 88' lang='lat' dir='ltr'>ubi</span> <span class='ocrx_word' id='word_1_1034' title='bbox 2828 5437 3054 5498; x_wconf 89' lang='lat' dir='ltr'>dicitur,</span> <span class='ocrx_word' id='word_1_1035' title='bbox 3088 5452 3231 5486; x_wconf 73' lang='lat' dir='ltr'>nova</span> <span class='ocrx_word' id='word_1_1036' title='bbox 3254 5452 3392 5484; x_wconf 86' lang='lat' dir='ltr'>arva</span> 
     </span>
    </p>
   </div>
   <div class='ocr_carea' id='block_1_147' title="bbox 1788 5508 3365 5646">
    <p class='ocr_par' dir='ltr' id='par_1_147' title="bbox 1788 5508 3365 5646">
     <span class='ocr_line' id='line_1_148' title="bbox 1788 5508 3326 5578; baseline -0.004 -14"><span class='ocrx_word' id='word_1_1037' title='bbox 1788 5513 2137 5578; x_wconf 82' lang='lat' dir='ltr'>capientibus,</span> <span class='ocrx_word' id='word_1_1038' title='bbox 2162 5513 2392 5565; x_wconf 86' lang='lat' dir='ltr'>rescribi</span> <span class='ocrx_word' id='word_1_1039' title='bbox 2416 5527 2594 5563; x_wconf 88' lang='lat' dir='ltr'>arma.</span> <span class='ocrx_word' id='word_1_1040' title='bbox 2618 5508 2818 5560; x_wconf 87' lang='lat' dir='ltr'>Confer</span> <span class='ocrx_word' id='word_1_1041' title='bbox 2830 5510 2861 5559; x_wconf 88' lang='lat' dir='ltr'><strong>J</strong></span> <span class='ocrx_word' id='word_1_1042' title='bbox 2868 5519 3007 5558; x_wconf 89' lang='lat' dir='ltr'>osue</span> <span class='ocrx_word' id='word_1_1043' title='bbox 3021 5518 3143 5570; x_wconf 89' lang='lat' dir='ltr'>cap.</span> <span class='ocrx_word' id='word_1_1044' title='bbox 3178 5509 3326 5558; x_wconf 89' lang='lat' dir='ltr'><strong>VIII.</strong></span> 
     </span>
     <span class='ocr_line' id='line_1_149' title="bbox 1853 5577 3365 5646; baseline -0.006 -11"><span class='ocrx_word' id='word_1_1045' title='bbox 1853 5596 1869 5623; x_wconf 76' lang='grc' dir='ltr'><strong>ε</strong></span> <span class='ocrx_word' id='word_1_1046' title='bbox 1905 5584 2061 5635; x_wconf 92' lang='lat' dir='ltr'>Idem</span> <span class='ocrx_word' id='word_1_1047' title='bbox 2088 5590 2258 5635; x_wconf 90' lang='lat' dir='ltr'>vetus</span> <span class='ocrx_word' id='word_1_1048' title='bbox 2278 5584 2474 5635; x_wconf 88' lang='lat' dir='ltr'>Editor</span> <span class='ocrx_word' id='word_1_1049' title='bbox 2497 5581 2825 5646; x_wconf 88' lang='lat' dir='ltr'>suspicatur</span> <span class='ocrx_word' id='word_1_1050' title='bbox 2846 5577 3241 5642; x_wconf 90' lang='lat' dir='ltr'>reponendum</span> <span class='ocrx_word' id='word_1_1051' title='bbox 3266 5592 3365 5642; x_wconf 87' lang='lat' dir='ltr'>ape</span> 
     </span>
    </p>
   </div>
   <div class='ocr_carea' id='block_1_148' title="bbox 1970 5597 3390 5635">
    <p class='ocr_par' dir='ltr' id='par_1_148' title="bbox 1970 5597 3390 5635">
     <span class='ocr_line' id='line_1_150' title="bbox 1970 5597 3390 5635; baseline -0.007 0"><span class='ocrx_word' id='word_1_1052' title='bbox 1970 5597 2061 5635; x_wconf 87' lang='lat' dir='ltr'>em</span> <span class='ocrx_word' id='word_1_1053' title='bbox 2088 5597 2258 5635; x_wconf 72' lang='grc' dir='ltr'>νθιυε</span> <span class='ocrx_word' id='word_1_1054' title='bbox 2279 5597 2474 5635; x_wconf 63' lang='grc' dir='ltr'>Εαιιοῐ*</span> <span class='ocrx_word' id='word_1_1055' title='bbox 2497 5597 2825 5635; x_wconf 69' lang='lat' dir='ltr'>suspicatur</span> <span class='ocrx_word' id='word_1_1056' title='bbox 2846 5597 3131 5635; x_wconf 77' lang='lat' dir='ltr'>reponeuu</span> <span class='ocrx_word' id='word_1_1057' title='bbox 3143 5597 3241 5629; x_wconf 83' lang='lat' dir='ltr'>um</span> <span class='ocrx_word' id='word_1_1058' title='bbox 3266 5597 3390 5635; x_wconf 82' lang='lat' dir='ltr'>ape-</span> 
     </span>
    </p>
   </div>
   <div class='ocr_carea' id='block_1_149' title="bbox 1793 5653 2676 5718">
    <p class='ocr_par' dir='ltr' id='par_1_149' title="bbox 1793 5653 2676 5718">
     <span class='ocr_line' id='line_1_151' title="bbox 1793 5653 2676 5718; baseline -0.001 -14"><span class='ocrx_word' id='word_1_1059' title='bbox 1793 5657 1904 5705; x_wconf 79' lang='lat' dir='ltr'>ruit</span> <span class='ocrx_word' id='word_1_1060' title='bbox 1932 5672 1944 5707; x_wconf 93' lang='lat'>:</span> <span class='ocrx_word' id='word_1_1061' title='bbox 1973 5667 2079 5717; x_wconf 79' lang='lat' dir='ltr'>ego</span> <span class='ocrx_word' id='word_1_1062' title='bbox 2104 5653 2334 5705; x_wconf 86' lang='lat' dir='ltr'>mallem</span> <span class='ocrx_word' id='word_1_1063' title='bbox 2368 5653 2676 5718; x_wconf 78' lang='lat' dir='ltr'>apparavit.</span> 
     </span>
    </p>
   </div>
   <div class='ocr_carea' id='block_1_150' title="bbox 1854 5716 3391 5788">
    <p class='ocr_par' dir='ltr' id='par_1_150' title="bbox 1854 5716 3391 5788">
     <span class='ocr_line' id='line_1_152' title="bbox 1854 5716 3391 5788; baseline -0.008 -9"><span class='ocrx_word' id='word_1_1064' title='bbox 1854 5728 1875 5757; x_wconf 75' lang='grc' dir='ltr'><strong>¹ι</strong></span> <span class='ocrx_word' id='word_1_1065' title='bbox 1900 5716 2105 5778; x_wconf 83' lang='lat' dir='ltr'>Hiulca</span> <span class='ocrx_word' id='word_1_1066' title='bbox 2129 5725 2307 5777; x_wconf 89' lang='lat' dir='ltr'>oratio</span> <span class='ocrx_word' id='word_1_1067' title='bbox 2331 5716 2595 5788; x_wconf 25' lang='lat' dir='ltr'>est,‘qua</span> <span class='ocrx_word' id='word_1_1068' title='bbox 2616 5721 2841 5777; x_wconf 90' lang='lat' dir='ltr'>restitui</span> <span class='ocrx_word' id='word_1_1069' title='bbox 2858 5716 3157 5771; x_wconf 89' lang='lat' dir='ltr'>commode</span> <span class='ocrx_word' id='word_1_1070' title='bbox 3174 5719 3391 5780; x_wconf 88' lang='lat' dir='ltr'>posset,</span> 
     </span>
    </p>
   </div>
   <div class='ocr_carea' id='block_1_151' title="bbox 1789 5787 3392 5860">
    <p class='ocr_par' dir='ltr' id='par_1_151' title="bbox 1789 5787 3392 5860">
     <span class='ocr_line' id='line_1_153' title="bbox 1789 5787 3392 5860; baseline -0.008 -10"><span class='ocrx_word' id='word_1_1071' title='bbox 1789 5798 1902 5850; x_wconf 91' lang='lat' dir='ltr'>nisi</span> <span class='ocrx_word' id='word_1_1072' title='bbox 1939 5797 2206 5850; x_wconf 86' lang='lat' dir='ltr'>Auctoris</span> <span class='ocrx_word' id='word_1_1073' title='bbox 2259 5787 2565 5860; x_wconf 79' lang='lat' dir='ltr'>ipsiusmet</span> <span class='ocrx_word' id='word_1_1074' title='bbox 2609 5794 2817 5847; x_wconf 89' lang='lat' dir='ltr'>vitium</span> <span class='ocrx_word' id='word_1_1075' title='bbox 2851 5789 3043 5856; x_wconf 84' lang='lat' dir='ltr'>potius</span> <span class='ocrx_word' id='word_1_1076' title='bbox 3084 5800 3261 5851; x_wconf 88' lang='lat' dir='ltr'>quam</span> <span class='ocrx_word' id='word_1_1077' title='bbox 3291 5787 3392 5839; x_wconf 87' lang='lat' dir='ltr'>lib-</span> 
     </span>
    </p>
   </div>
   <div class='ocr_carea' id='block_1_152' title="bbox 1790 5867 2404 5923">
    <p class='ocr_par' dir='ltr' id='par_1_152' title="bbox 1790 5867 2404 5923">
     <span class='ocr_line' id='line_1_154' title="bbox 1790 5867 2404 5923; baseline -0.008 -1"><span class='ocrx_word' id='word_1_1078' title='bbox 1790 5869 2074 5923; x_wconf 89' lang='lat' dir='ltr'>rariorum</span> <span class='ocrx_word' id='word_1_1079' title='bbox 2096 5867 2404 5922; x_wconf 89' lang='lat' dir='ltr'>videretur.</span> 
     </span>
    </p>
   </div>
  </div>
