3880 6222
454 231 559 286 979

1512 214 1775 269 RUFINO
1815 210 2280 267 PRESBYTERO
2313 210 2695 264 ASCRIPTUS

3708 208 3791 264 Ml

452 340 783 407 publicavit.
811 340 954 391 Toto
979 331 1507 407 siquidem,inquit,
1524 328 1713 407 corde,
1722 327 1867 407 mihi
1882 330 2046 376 socia-
2070 330 2130 400 Α
2191 322 2615 407 ’.νει-8.,21π2ῥ.
2657 351 2719 407 τ-
2751 324 2831 407 Ει¹
2979 325 3043 373 in
3198 322 3311 407 die,
3329 320 3702 407 exaudiam,
3722 322 3791 370 di-

453 399 625 473 bitur,
641 412 723 464 ita
745 415 810 463 ut
824 421 941 462 non
952 418 1046 465 me
1070 403 1310 456 ulterius
1321 415 1395 473 ex
1413 399 1861 473 interpolatione‘
1872 409 2047 450 vene-

454 469 627 548 retur,
655 481 756 534 sed
780 480 1123 533 continuum
1150 474 1291 526 mihi
1302 471 1689 533 cultum,mihi
1711 469 2051 548 continuum

452 541 747 621 impendet
768 552 1074 621 allectum:
1105 557 1122 576 ·
1147 558 1354 609 meque
1380 547 1634 621 tantum_
1661 555 1835 621 suum
1861 541 2051 621 virum

453 612 761 693 appellabit
805 627 863 674 et
892 619 1205 672 Dominum
1237 629 1387 693 :__nec
1424 614 1575 693 ultra
1596 612 2050 693 Baalim,__idest,

455 682 647 761 Idalis,
672 703 869 747 meum
891 704 1108 744 nomen
1129 689 1392 761 ascribat.
1426 688 1509 737 De
1533 698 1648 748 quo
1674 696 1814 761 sane
1836 682 2055 761 Baalim

455 755 736 830 vocabulo
751 764 1089 817 Judmorum
1106 760 1338 813 traditio
1353 758 1374 786 δ
1392 769 1631 830 sensum
1645 757 1867 830 aliquem
1895 755 2055 830 voluit

455 826 830 893 comminisci.
855 834 963 888 Sed
987 836 1227 898 apparet
1246 831 1357 882 hoc
1381 841 1510 880 esse
1533 826 1908 898 solidius,_per
1918 826 2052 886 quod

456 908 874 974 consequentia
896 895 1310 974 tota—decurrit,
1342 902 1405 951 ut
1428 899 1500 950 de
1524 911 1618 951 ore
1632 895 1910 974 _videlicet
1929 908 2054 974 cor-_

455 988 629 1036 rectae
644 969 836 1045 gentis
853 974 1165 1028 auferenda
1180 971 1472 1023 Idolorum
1488 969 1729 1045 nomina
1748 969 2055 1045 repromittat

456 1058 513 1107 et
536 1038 720 1104 Deu'm
744 1062 811 1101 ac
822 1046 1128 1100 Dominum
1147 1056 1210 1096 se
1227 1045 1451 1094 tantum
1475 1040 1819 1093 vocandum.
1838 1038 2056 1088 Dicendo

456 1130 647 1178 autem
666 1136 775 1172 non
792 1116 1160 1169 recordabitur
1176 1114 1321 1164 ultra
1337 1112 1579 1162 nominis
1594 1126 1800 1171 eorum,
1814 1108 1909 1162 vel
1931 1120 2057 1160 cor-

457 1196 793 1255 rectionem,
820 1200 955 1254 qua‘.
977 1190 1134 1240 esset
1144 1185 1317 1250 plena
1340 1180 1956 1255 signavit,veladillud
1968 1191 2056 1230 as-

458 1267 635 1333 pexit,
690 1253 855 1328 quad,
893 1271 1074 1333 supra
1111 1259 1403 1333 posuerat,
1452 1253 1571 1333 Ibat
1594 1256 1745 1333 _post
1790 1255 2057 1333 amatores

458 1322 599 1397 suos,
622 1322 633 1329 ’
677 1322 727 1384 et
801 1332 907 1380 mei
967 1322 1388 1397 obliviscebatur,
1444 1324 1532 1397 ait
1584 1322 1870 1397 Dominus.
1933 1322 2057 1397 ῌοο

459 1391 594 1471 ergd
615 1405 827 1457 vitium
852 1398 1226 1465 castigatione
1241 1391 1595 1471 discludens,
1617 1395 1682 1471 in
1706 1393 2057 1471 contrarium

461 1465 733 1542 migrabit
774 1474 1063 1536 affectum,
1118 1474 1182 1521 ut
1215 1468 1474 1520 studium
1503 1466 1865 1532 profanitatis
1890 1465 2059 1531 plena

460 1549 750 1601 oblivione
782 1545 1055 1610 deponat.

523 1621 686 1672 Vers.
736 1605 946 1672 18.320.
978 1641 1041 1652 —
1084 1610 1400 1662 Percutiam
1424 1619 1444 1638 °
1487 1609 1534 1658 ei
1555 1608 1731 1668 foedus
1764 1607 1827 1657 in
1855 1606 1940 1656 die
1965 1605 2063 1656 illa

2150 395 2219 444 cit
2241 394 2526 456 Dominus,
2552 403 2572 425 ο
2597 394 2761 458 caelos,
2785 400 2833 443 et
2855 394 2939 445 illi
2960 394 3265 445 exaudient
3291 399 3553 456 terram,
3589 398 3641 443 et
3670 399 3790 444 terra

2152 466 2404 515 exaudiet
2421 467 2679 525 triticum,
2704 467 2917 530 vinum,
2942 472 2989 516 et
3013 466 3230 517 oleum:
3258 471 3305 515 et
3344 466 3471 515 haec
3497 466 3791 514 exaudiant

2151 537 2408 587 Jesrahel.
2426 538 2494 587 Et
2508 537 2787 587 seminabo
2803 553 2924 587 eam
2936 538 3084 588 mihi
3100 540 3163 588 in
3177 545 3417 597 terram,
3440 543 3496 586 et
3512 538 3793 587 miserebor

2152 608 2285 673 ejus,
2332 624 2450 673 quae
2491 610 2600 672 fuit
2641 607 2853 674 Absque
2899 609 3309 662 misericordia.
3345 610 3429 660 Et
3460 608 3664 659 dicam
3687 608 3791 659 Non

2154 679 2350 744 papula
2368 695 2500 741 meo,
2531 680 2772 745 Populus
2806 695 2957 730 meus
2989 697 3041 731 es
3068 687 3156 731 tu:
3176 687 3225 731 et
3247 682 3369 745 ipse
3394 681 3573 741 dicet,
3617 680 3791 730 Domi-

2156 765 2262 799 nus
2289 765 2437 800 meus
2458 766 2509 800 es
2543 757 2616 800 tu.
2644 752 2858 803 Seriem
2891 752 3112 805 votiva;
3137 751 3581 816 promissionis
3605 756 3794 803 exten-

2156 821 2259 886 dit,
2277 834 2344 873 ac
2365 835 2466 887 per
2484 822 2717 874 diversa
2740 822 2982 887 species,
3007 824 3251 875 schema
3275 823 3790 875 voluminibusa-

2156 893 2268 945 cris
2291 891 2567 944 familiare
2591 893 2900 956 componit,
2926 897 2991 945 ut
3012 893 3312 945 elementa
3326 894 3615 946 invicem
3642 894 3788 957 fungi

2157 976 2326 1027 opere
2352 976 2459 1016 suo
2476 964 2712 1028 cupiant
2722 963 2795 1015 ad
2809 965 3304 1017 sustentationem
3317 964 3681 1028 tragilitatis
3698 964 3785 1018 hu-

2157 1046 2368 1096 manae,
2380 1047 2488 1087 nec
2511 1038 2706 1087 tamen
2722 1039 2959 1100 queant,
2974 1036 3090 1088 nisi
3100 1038 3345 1089 Creator
3360 1039 3679 1088 annuerit.
3696 1039 3783 1097 Qui

2159 1118 2299 1159 sane
2320 1105 2416 1157 illo
2441 1110 2715 1170 tempore,
2750 1118 2868 1169 quo
2892 1106 3154 1171 placidus
3191 1107 3470 1159 adversa
3495 1107 3784 1171 depulerit,

2157 1177 2375 1229 ati‘atim
2391 1177 2770 1242 praebiturum
2793 1190 2856 1231 se
2873 1179 3067 1230 omnia
3078 1176 3402 1243 pollicetur
3428 1196 3441 1229 :
3462 1179 3709 1244 incipiet
3723 1181 3784 1231 s-

2159 1248 2393 1312 quidem
2417 1248 2738 1300 claudicare
2762 1248 3049 1312 fcelicitas,
3068 1250 3118 1301 si
3141 1250 3459 1302 desideret
3486 1254 3719 1315 copiam
3734 1260 3786 1298 toi

2160 1319 2371 1371 seculis
2414 1320 2667 1384 expetita
2687 1320 2940 1372 libertas.
2968 1322 3108 1374 Hac
3130 1326 3356 1385 autem,
3416 1328 3494 1374 ut
3520 1321 3786 1385 diximus,

2161 1390 2419 1443 suavitas
2429 1390 2773 1455 gaudiorum
2785 1393 2843 1443 et
2854 1393 2915 1444 in
2930 1392 3028 1443 illa
3044 1397 3220 1445 atate
3237 1392 3588 1457 praeclusit,
3606 1409 3714 1442 eum
3725 1404 3784 1442 est

2160 1461 2469 1526 Babylonis
2486 1460 2675 1514 soluta
2696 1463 3026 1526 captivitas:
3051 1467 3108 1515 et
3129 1463 3376 1516 reddita.
3426 1468 3532 1516 est
3554 1468 3783 1528 Aposto-

2160 1533 2349 1585 lorum
2370 1536 2627 1598 tempore
2639 1532 3141 1595 cumulatior,cum
3158 1535 3243 1587 ita
3258 1535 3471 1587 omnis
3482 1538 3781 1585 credentium

2164 1604 2472 1656 multitudo
2492 1604 2697 1656 sobriis
2720 1617 2914 1656 rerum
2930 1605 3113 1669 copiis
3136 1607 3438 1668 uteretur,
3455 1612 3532 1658 ut
3552 1612 3709 1659 esset
3722 1612 3779 1655 eis

460 1706 583 1743 cum
606 1690 768 1740 bestia
811 1686 953 1752 agri,
1000 1690 1045 1735 et
1233 1680 1455 1768 volucre.
1490 1679 1616 1768 caeli,
1662 1684 1708 1729 et
1738 1693 1859 1768 cum
1881 1677 2061 1768 reptiJIi
2086 1692 2141 1768 B
2165 1676 2358 1728 anima
2390 1679 2453 1768 et
2483 1688 2580 1727 cor
2610 1688 2791 1768 unum
2834 1678 2969 1758 (Act.
3128 1678 3522 1768 Atquejgun‘c

464 1769 611 1813 terra:
656 1778 669 1812 :
729 1749 921 1810 arcum
944 1749 988 1807 et
1032 1754 1302 1820 gladium,
1348 1759 1393 1802 et
1439 1751 1633 1801 bellum
1678 1756 1952 1801 conteram
1997 1749 2059 1799 de

462 1840 625 1896 terra,
649 1839 695 1883 et
721 1830 960 1881 dormire
994 1827 1201 1890 faciam
1225 1840 1310 1875 eos
1345 1822 1693 1896 ﬁducialiter.
1717 1820 1992 1896 Sponsabo
2018 1826 2063 1869 te

462 1892 679 1954 mihiin
694 1902 1100 1967 sempiternum,
1125 1903 1171 1947 et
1192 1894 1456 1962 sponsabo
1483 1899 1527 1943 te
1717 1894 1779 1942 in
1794 1892 2005 1967 judicio
2016 1897 2064 1943 et

455 1975 690 2041 justitia,
710 1979 754 2024 et
778 1964 841 2022 in
868 1969 1242 2041 misericordia
1266 1972 1310 2016 et
1335 1964 1790 2041 miserationibus,
1810 1965 1878 2014 Et
1901 1978 2065 2041 spon-

462 2035 587 2096 sabo
613 2052 657 2095 te
680 2045 823 2094 mihi
851 2043 911 2092 in
940 2042 1061 2104 fide,
1087 2044 1131 2090 et
1160 2040 1285 2089 scies
1310 2038 1446 2102 quia
1498 2051 1591 2098 ego
1621 2035 1912 2085 Dominus.
1944 2037 2064 2099 Est,

465 2117 673 2181 inquit,
690 2128 799 2167 con
807 2125 1076 2177 sequens,
1094 2115 1161 2162 ut
1184 2122 1316 2173 qua:
1328 2108 1512 2181 plagis
1523 2107 1739 2181 findata
1754 2105 2063 2181 subjacuit,

467 2176 635 2241 bonis
664 2176 935 2239 Omnibus
959 2186 1214 2235 correcta
1246 2180 1518 2244 potiatur.
1566 2180 1634 2228 Et
1655 2177 1784 2229 ideo
1828 2177 1980 2228 sicut
2014 2176 2067 2229 ei

466 2271 670 2312 omnes
693 2261 989 2308 creaturas
1003 2266 1123 2304 non
1147 2251 1337 2303 solum
1357 2251 1645 2310 adversas,
1673 2248 1773 2299 sed
1793 2249 1962 2300 etiam
1976 2248 2068 2299 in-

468 2329 664 2381 fensas
682 2324 1001 2388 indignatio
1015 2324 1213 2373 nostra
1228 2319 1571 2383 reddiderat,
1587 2319 1666 2371 ita
1680 2331 1884 2370 rursus
1900 2319 2070 2371 bene-

468 2399 632 2450 volas
654 2402 714 2449 et
750 2394 1084 2448 commodas
1113 2392 1347 2445 easdem
1385 2390 1555 2442 faciat
1581 2392 1779 2441 nostra
1802 2390 2065 2453 placatio.

469 2466 777 2521 Percutiam
799 2468 991 2530 itaque
1006 2465 1183 2526 foedus
1206 2464 1253 2513 ei
1270 2477 1393 2513 cum
1417 2461 1579 2511 bestia
1597 2462 1739 2524 agri,
1758 2464 1823 2512 ut
1845 2473 1951 2513 nec
1973 2474 2068 2513 ar-

468 2553 677 2594 vorum
698 2539 895 2604 fruges
909 2536 1161 2590 saavities
1177 2534 1358 2587 ferina
1389 2534 1710 2598 populetur,
1735 2545 1843 2584 nec
1867 2533 2071 2604 vinde-

468 2613 616 2665 mias
646 2602 845 2663 eorum
871 2614 973 2661 aut
996 2608 1203 2660 oliveta
1240 2605 1541 2658 volucrum
1580 2604 1875 2669 praecipiat
1908 2602 2065 2671 4|2

470 2682 799 2743 multitudo,
826 2693 931 2732 nec
950 2692 1047 2744 per
1057 2678 1319 2730 membra
1339 2676 1624 2728 lassorum
1642 2687 1861 2740 angues
1875 2691 2071 2724 venena

469 2754 814 2808 diffundant.
833 2752 974 2814 Qum
1005 2751 1197 2803 omnia
1207 2763 1338 2802 cum
1352 2747 1705 2800 liberationis
1730 2755 1949 2808 tempore
1971 2761 2071 2795 ces-

474 2830 670 2879 satura
688 2825 978 2888 dicuntur,
1002 2822 1205 2874 diebus
1239 2822 1439 2884 utique
1468 2820 1767 2884 plagarum
1790 2817 2070 2870 docentur

470 2898 644 2951 illata.
671 2899 809 2949 Cum
836 2896 927 2947 his
945 2894 1205 2947 cladibus
1220 2892 1394 2945 etiam
1415 2891 1564 2943 bella
1578 2890 1912 2952 cessabunt,
1924 2889 2005 2940 ita
2017 2895 2072 2937 ut

466 2970 528 3021 in
552 2969 750 3033 patriis
765 2967 979 3019 ﬁnibus
994 2964 1242 3017 dormire
1263 2962 1504 3028 possint,
1520 2961 1687 3024 idest,
1711 2960 2071 3033 requiescere

473 3031 842 3101 conﬁdenter,
858 3038 1069 3103 quippe
1084 3049 1190 3088 nec
1204 3034 1554 3099 irruptiones
1578 3046 1684 3084 nec
1707 3032 1949 3097 insidias
1966 3031 2071 3083 for-

470 3112 775 3164 midantes.
814 3108 1089 3175 Sponsabo
1136 3113 1181 3157 te
1204 3106 1347 3156 mihi
1370 3106 1431 3154 in
1457 3105 1864 3179 sempiternum,
1898 3103 2065 3179 idest,
2093 3105 2143 3179 ρ

471 3186 646 3236 rebus
660 3183 802 3249 ipsis
814 3182 1038 3234 erudita
1052 3191 1388 3245 cognosces,
1403 3190 1522 3230 non
1538 3189 1685 3249 meo,
1704 3175 1807 3228 sed
1823 3180 1922 3228 tuo
1937 3176 2071 3223 vicio

467 3248 746 3320 illud,quo
769 3253 978 3306 afﬂicta
993 3250 1396 3315 es,contigisse
1418 3248 2070 3320 dissidium.r(_3aaterum,

470 3339 563 3379 me
586 3318 853 3391 paratum
886 3336 1033 3388 esse,
1069 3328 1136 3375 ut
1163 3323 1224 3374 in
1247 3322 1663 3391 sempiternum
1690 3318 1834 3370 mihi
1858 3328 2075 3391 sponsa

470 3388 828 3464 permaneas,
855 3395 1021 3458 idest,
1037 3394 1086 3446 si
1109 3392 1242 3445 talis
1255 3393 1452 3452 fueris,
1464 3390 1693 3464 qualem
1717 3402 1886 3464 nunc
1894 3388 2074 3464 casti-

469 3459 667 3534 gantia
683 3466 901 3531 judicia
924 3464 1391 3534 reddiderunt,in
1411 3461 1825 3534 sempiternum
1848 3460 1952 3511 tibi
1969 3459 2072 3534 fa;-

472 3531 690 3590 deratio
723 3537 913 3602 prisca
948 3534 1290 3586 servabitur.
1343 3533 1433 3583 Sic
1456 3533 1610 3583 enim
1636 3532 1908 3596 paciscor,
1937 3535 1992 3582 te
2016 3531 2077 3581 in

472 3615 669 3661 nostro
695 3617 1026 3672 permanere
1042 3604 1350 3665 consortio,
1377 3606 1441 3654 ut
1469 3604 1771 3668 explorent
1789 3602 2074 3667 justitiam

474 3685 632 3731 tuam
654 3677 887 3728 admota
905 3674 1139 3739 judicia.
1164 3673 1270 3725 Vel
1293 3674 1408 3725 site
1434 3674 1910 3739 subrepens[Ant.
1937 3673 2077 3724 sub-

472 3748 702 3814 ripiens]
735 3745 1085 3811 negligentia
1113 3745 1519 3808 vuineraverit,
1533 3749 1589 3797 et
1609 3758 1645 3797 a
1666 3758 1758 3796 me
1782 3750 1977 3797 tamen
1998 3756 2082 3796 re-

475 3819 736 3872 medium
758 3822 880 3872 toto
894 3816 1302 3869 ﬂendiambitu
1322 3816 1723 3880 postulaveris,
1739 3819 2078 3866 nihilominus

477 3890 844 3955 desponsabo
870 3893 925 3941 te
948 3888 1088 3939 mihi
1111 3888 1171 3940 in
1192 3887 1586 3941 misericordia
1606 3893 1664 3940 et
1678 3889 1739 3940 in
1758 3888 2080 3940 miseratio-

478 3962 654 4014 nibus
680 3976 691 4012 :
711 3973 856 4024 quas
868 3973 1001 4012 cum
1016 3972 1155 4012 sane
1172 3958 1369 4012 ﬁdeles
1386 3964 1837 4024 constantesque
1850 3960 1870 3989 δ
1887 3975 2082 4022 persen-

479 4033 622 4085 seris
659 4032 788 4095 (hoc
829 4035 921 4083 est
957 4030 1115 4083 enim
1149 4030 1305 4094 quod
1348 4030 1447 4092 ait,
1475 4030 1749 4096 Sponsabo
1789 4037 1833 4080 te
1868 4031 1931 4080 in
1951 4031 2077 4095 ﬁde)

477 4104 773 4157 alacritate
786 4102 979 4156 debita
998 4101 1356 4166 praedicabis,
1375 4102 1510 4166 quia
1534 4115 1641 4168 ego
1660 4114 1791 4154 sum
1814 4106 2077 4152 Dominus.

480 4174 643 4239 Quod
662 4180 844 4227 totum
873 4173 956 4226 sic
985 4173 1362 4235 instituimus,
1380 4174 1427 4225 si
1449 4173 1522 4225 ad
1543 4174 1898 4225 vocationem
1917 4176 2081 4222 Evan—

480 4248 612 4311 gelii
642 4246 1070 4306 transferamus,
1082 4244 1443 4297 manifestius
1460 4244 1745 4296 constabit
1759 4245 2077 4309 impletum.

484 4317 765 4384 Speciosus
780 4320 914 4367 enim
930 4317 1113 4381 forma
1125 4331 1239 4381 prae
1253 4315 1383 4379 ﬁliis
1395 4315 1684 4365 hominum
1700 4316 1860 4378 (Psal.
1881 4315 1967 4370 44.
1985 4315 2077 4379 3.),

481 4389 553 4442 de
578 4391 748 4455 cujus
766 4388 934 4441 labiis
957 4388 1091 4440 fusa
1112 4387 1522 4453 gratiamundo
1533 4387 1696 4440 dedit
1711 4387 2079 4447 salutem,re-

478 4463 673 4526 ginam
687 4474 861 4526 quam
878 4461 987 4512 sibi
1010 4460 1072 4511 in
1082 4459 1437 4512 consortium
1452 4458 1681 4511 thalami
1695 4472 1796 4524 pro
1808 4462 1993 4518 virgini
2003 4465 2076 4506 ta-

481 4534 555 4584 tis
574 4534 790 4585 honore
812 4531 1136 4596 despondit,
1154 4531 1401 4584 adscivit
1415 4531 1475 4582 in
1492 4531 2079 4596 justitia,quamjusti-

482 4603 710 4657 ﬂcando
733 4604 919 4656 dedit:
946 4602 1193 4656 adscivit
1210 4603 1265 4654 in
1285 4602 1503 4667 judicio
1523 4615 1654 4655 cum
1685 4616 1830 4666 eam,
1854 4602 2079 4668 quasie-

476 4674 677 4738 gitime
691 4674 1199 4737 essetlaboratura,
1224 4673 1438 4738 delegit
1462 4691 1474 4725 :
1499 4675 1748 4727 adscivit
1768 4676 1829 4727 in
1851 4675 2071 4727 miseri-

479 4745 672 4797 cordia
691 4749 748 4796 et
783 4745 841 4796 in
885 4744 1371 4807 miserationibus,
1415 4759 1547 4797 cum
1572 4746 1861 4811 praeterita
1883 4745 2075 4798 debita

477 4816 773 4880 relaxavit,
804 4820 864 4868 et
885 4815 1193 4879 despondit
1206 4815 1268 4867 in
1288 4816 1421 4881 ﬁde,
1438 4829 1553 4881 qua
1567 4817 1659 4870 vel
1668 4818 1823 4867 corde
1837 4818 2075 4867 creditur

478 4887 552 4936 ad
554 4885 848 4951 justitiam,
874 4902 963 4936 ore
986 4892 1165 4936 autem
1188 4889 1449 4952 confessio
1473 4890 1533 4951 ﬁt
1555 4888 1630 4938 ad
1650 4888 1875 4939 salutem
1898 4890 2069 4951 (Rom.

479 4955 671 5011 10.10.
697 4956 850 5020 ):vel
874 4956 1029 5020 quod
1054 4969 1172 5010 non
1196 4963 1284 5010 est
1299 4959 1558 5022 dubium,
1581 4960 1717 5023 quia
1743 4962 2071 5022 diligentibus

478 5027 791 5080 Dominum
819 5028 1014 5081 omnia
1026 5029 1341 5095 procedant
1364 5030 1423 5082 in
1445 5030 1665 5082 bonum
1692 5029 1845 5092 (Ibid.
1864 5029 1916 5085 8.
1942 5029 2070 5096 28.).

540 5199 666 5320 -bltta
688 5198 1064 5251 emendamus
1095 5211 1301 5264 meque,
1326 5210 1429 5262 pro
1465 5209 1582 5262 quo
1604 5203 1777 5252 antea
1803 5215 1970 5266 neque
1991 5201 2071 5255 le-

540 5284 545 5316 :
588 5279 623 5319 a
650 5281 736 5320 ur.

474 5279 736 5333 genatur.

537 5339 558 5367 ‘
582 5338 786 5404 Fallor,
810 5344 913 5392 aut
947 5352 1082 5404 qua
1116 5340 1187 5392 de
1213 5338 1430 5391 Baalim
1464 5352 1538 5392 ex
1590 5340 1839 5395 Hebraea
1873 5342 2075 5409 lingua

475 5410 864 5474 Hieronymus
898 5411 1012 5463 huc
1036 5412 1223 5473 refert,
1252 5413 1456 5463 Noster
1480 5411 1733 5477 sugillat.

541 5492 558 5511 ο
582 5482 789 5535 Verius
814 5484 991 5537 habet
1010 5483 1457 5551 Hieronymiana
1493 5485 1678 5537 Editio
1707 5486 1799 5538 eis.
1826 5487 2073 5541 Omnino

472 5557 669 5603 autem
696 5554 1024 5618 supplenda
1038 5557 1134 5609 illa
1158 5557 1263 5609 fuit
1283 5555 1455 5621 paulo
1480 5562 1611 5622 post
1632 5570 1765 5622 pars
1788 5559 2074 5620 versiculi,

474 5623 539 5693 lit
566 5625 831 5686 sponsabo
855 5632 900 5676 te
926 5628 1071 5677 mihi
1094 5630 1157 5677 in
1205 5629 1613 5693 smpiternam,
1653 5641 1831 5692 quam
1855 5642 2074 5682 eorum-

475 5690 607 5743 dem
634 5704 881 5764 occursu
921 5699 1225 5752 verborum
1249 5690 1524 5764 deceptus
1547 5690 1926 5764 Ahtiquarius
1949 5701 2077 5755 heic

477 5763 937 5829 praetermiserat,
948 5773 1015 5821 ut
1025 5781 1099 5820 ex
1114 5770 1240 5833 ipso
1257 5763 1636 5835 expositionis
1648 5763 1930 5826 subnexae
1940 5785 2075 5826 con-

2165 1748 2495 1810 exaaquatio
2510 1759 2545 1798 a
2568 1746 2790 1799 cunctis
2814 1748 3177 1812 sapientibus
3194 1748 3538 1813 praedicata
3552 1751 3776 1809 conlinit,

2162 1817 2321 1886 413
2348 1824 2415 1871 ut
2435 1818 2497 1870 in
2523 1823 2683 1871 tanto
2698 1818 3113 1883 discipulorum
3137 1823 3298 1873 coetu
3324 1835 3516 1874 nemo
3540 1821 3778 1873 essetdi-

2164 1889 2321 1941 vitiis
2332 1890 2592 1954 erectior,
2603 1903 2774 1943 nemo
2786 1895 3123 1956 paupertate
3139 1892 3495 1956 depressior
3510 1910 3524 1945 :
3560 1901 3777 1944 caeterum

2165 1962 2316 2013 sicut
2338 1973 2453 2012 una
2475 1967 2815 2013 cunctorum
2838 1963 2899 2014 in
2923 1964 3161 2028 virtute,
3179 1967 3512 2018 consensio
3535 1981 3549 2017 :
3569 1966 3776 2017 itacom-

2164 2032 2327 2083 muni
2334 2033 2464 2097 jure
2474 2037 2630 2084 esset
2640 2034 2948 2096 possessio.
2967 2036 3170 2098 Neque
3182 2036 3350 2087 enim
3366 2036 3777 2102 aliquiseornm,

2165 2116 2297 2166 quas
2320 2102 2714 2168 possidebant,
2729 2117 2902 2156 suum
2926 2106 3240 2170 quicquam
3253 2120 3399 2160 esse
3410 2109 3671 2160 dicebat:
3690 2108 3775 2159 sed

2166 2187 2299 2227 cum
2312 2177 2509 2226 essent
2520 2174 2627 2225 illis
2641 2176 2911 2227 universa
2938 2190 3126 2228 comm
3134 2178 3294 2236 unia,
3310 2191 3599 2243 agrorum
3623 2180 3778 2231 etiam

2166 2246 2349 2309 pretia
2368 2245 2612 2310 pedibus
2633 2247 3041 2311 Apostolorum
3055 2250 3482 2314 otl'erebantur,
3502 2256 3573 2303 ut
3582 2254 3778 2316 prcsiu-

2167 2318 2433 2381 gulorum
2445 2317 2886 2369 necessitatibus
2911 2318 3000 2370 dis
3007 2317 3161 2371 tribu
3168 2320 3247 2372 tio
3267 2326 3596 2383 proveniret.
3608 2326 3663 2371 Et
3673 2326 3779 2384 quis

2169 2388 2442 2454 spiritalis
2466 2389 2658 2454 populi
2674 2390 3026 2443 statusintra
3040 2391 3347 2444 historiam
3362 2388 3604 2447 Ju’daici
3620 2397 3775 2456 populi

2169 2460 2472 2511 tenebatur
2498 2478 2509 2509 :
2539 2462 2845 2514 revertitur
2863 2461 2937 2514 ad
2958 2462 3055 2514 illa
3065 2463 3334 2527 nomina,
3359 2468 3634 2529 aquibus
3652 2466 3776 2519 vati-

2169 2531 2383 2583 cinium
2419 2531 2605 2584 fuerat
2635 2544 2894 2594 exorsus,
2922 2538 2981 2586 et
3002 2534 3123 2586 ait:
3156 2535 3329 2586 Terra
3366 2539 3635 2588 exaudiet
3652 2538 3778 2587 triti.

2169 2618 2311 2663 cum,
2335 2603 2529 2652 vinum
2552 2603 2860 2667 etoleum,et
2876 2605 2981 2655 haec
3002 2606 3306 2657 exaudient
3329 2608 3611 2672 Jesrahel,
3627 2608 3778 2669 idest,

2171 2674 2468 2738 populum,
2484 2675 2766 2727 vocabulo
2790 2675 2975 2741 vallis,
2993 2677 3055 2728 in
3073 2690 3191 2742 qua
3214 2683 3310 2730 est
3327 2680 3775 2744 superatus.Os-

2172 2750 2425 2811 tensum,
2453 2747 2625 2811 cujus
2649 2751 2899 2812 peccata,
2927 2760 3062 2806 dum
3087 2751 3209 2801 erat
3235 2751 3590 2815 puniturus,
3623 2763 3773 2816 supra

2168 2817 2471 2880 expressit,
2508 2818 2715 2882 ipsam,
2746 2819 3004 2882 inquam,
3042 2825 3277 2885 gentem
3327 2835 3456 2875 non
3483 2824 3547 2875 in
3571 2822 3771 2875 eisdem

2171 2888 2449 2959 personis,
2483 2889 2583 2941 sed
2605 2890 2664 2941 in
2696 2889 2912 2942 eisdem
2948 2891 3198 2945 tribulus
3224 2899 3701 2959 permanentem,
3726 2898 3775 2944 et

2171 2958 2467 3023 plagarum
2479 2961 2815 3013 verberibus
2832 2963 3142 3027 expiatam,
3165 2964 3227 3016 in
3252 2968 3631 3019 consortium
3644 2980 3770 3016 suum

2170 3031 2510 3095 propitiatus
2525 3031 2833 3097 adsciscat,
2845 3036 2900 3085 et
2915 3035 3081 3098 quasi
3098 3039 3270 3089 terrm
3279 3039 3471 3089 etiam
3485 3038 3658 3090 bonas
3669 3051 3772 3098 prae-

2168 3105 2465 3173 ceptorum
2478 3102 2700 3154 semina
2712 3104 2943 3157 diversa
2958 3107 3285 3168 concredat,
3312 3111 3387 3160 ut
3398 3122 3506 3172 per
3520 3107 3773 3173 amplitu—

2169 3169 2364 3223 dinem
2391 3173 2824 3227 succedentium
2866 3188 3293 3242 prosperorum,
3329 3169 3521 3232 etiam
3553 3169 3648 3233 ille
3668 3179 3771 3230 dies

2168 3243 2501 3316 .lesrahelis,
2550 3257 2664 3310 quo
2702 3251 2791 3299 est
2840 3247 3079 3300 inducta
3118 3248 3450 3313 calamitas,
3500 3251 3771 3316 pretiosus

2169 3313 2350 3387 fuisse
2369 3316 2547 3387 atque
2571 3317 2835 3381 optabilis
2859 3322 3187 3372 censeatur.
3211 3313 3560 3387 Miserebor,
3580 3324 3771 3387 quippe

2177 3384 2349 3449 [Forte
2364 3386 2571 3451 inquit]
2585 3401 2742 3443 nunc
2758 3390 2887 3455 ejus
2900 3392 3072 3455 cujus
3085 3391 3256 3457 paulo
3279 3398 3426 3447 ante
3436 3384 3656 3449 nomen
3670 3384 3773 3441 tior-

2172 3469 2418 3518 rueram,
2444 3462 2503 3511 et
2522 3460 2797 3525 populum
2820 3474 3017 3514 meum
3032 3465 3273 3524 vocabo,
3303 3465 3412 3529 qui
3434 3466 3558 3518 mei
3572 3468 3772 3515 desertor

2173 3529 2495 3591 exstiterat,
2507 3535 2565 3583 et
2574 3531 3013 3586 adversantium
3024 3535 3167 3586 mihi
3180 3536 3315 3598 jure
3326 3535 3645 3590 defecerat.
3663 3537 3771 3598 Ipsi-

2175 3613 2288 3665 que
2304 3601 2558 3654 vicissim
2571 3602 2800 3667 ﬂducia,
2823 3610 2891 3658 ut
2899 3618 2993 3658 me
3016 3606 3265 3672 appellet
3275 3620 3489 3660 verum
3505 3613 3568 3661 et
3580 3611 3767 3659 unicum

2176 3673 2503 3739 Dominum,
2529 3676 2867 3729 conferetur.
2893 3678 3108 3729 Verum
3132 3677 3247 3729 huc
3269 3691 3472 3744 usque
3494 3690 3771 3745 prospero-

2176 3756 2304 3796 rum
2343 3745 2787 3800 denunciatione
2831 3747 3070 3811 prolata,
3119 3761 3324 3801 rursus
3378 3750 3458 3802 ad
3484 3749 3770 3816 praesentis

2181 3818 2455 3939 tezinporis
2524 3822 2742 3872 statum
2803 3831 3127 3872 sermonem
3179 3820 3455 3874 reducit:
3516 3821 3770 3886 Sequitur

2181 3900 2249 3939 en
2273 3901 2368 3939 m:

2178 3900 2329 3940 enim
2355 3903 2368 3939 Ξ

2798 3988 3030 4040 CAPUT
3053 3988 3147 4040 III.
3190 4001 3194 4004 ‘

2241 4105 2403 4156 Vers.
2456 4102 2580 4158 1.-5.
2628 4131 2687 4140 -—
2725 4103 2793 4153 Et
2826 4103 2955 4152 dicit
2999 4102 3272 4155 Dominus
3306 4104 3386 4155 ad
3432 4120 3527 4156 me
3552 4120 3566 4158 :
3596 4104 3767 4157 Adhuc

2179 4175 2328 4234 vade,
2367 4175 2531 4238 dilige
2562 4174 2843 4224 mulierem
2879 4174 3127 4224 dilectam
3160 4175 3361 4240 amico,
3387 4181 3436 4225 et
3458 4177 3765 4235 adulteram,

2178 4249 2315 4297 sicut
2343 4246 2521 4311 diligit
2536 4247 2804 4297 Dominus
2813 4244 2961 4309 filios
2985 4246 3170 4310 Israel,
3193 4251 3240 4296 et
3264 4247 3373 4311 ipsi
3393 4252 3691 4313 respectant
3709 4246 3767 4296 ad

2180 4319 2320 4368 Deus
2343 4317 2570 4381 alienos,
2594 4323 2640 4368 et
2663 4317 2903 4382 diligunt
2921 4317 3143 4368 vinacia
3164 4320 3519 4369 uvarum.Et
3541 4320 3655 4383 fodi
3667 4332 3765 4369 eam

2180 4389 2324 4438 mihi
2349 4388 2658 4453 quindecim
2695 4388 2979 4453 argenteis,
3017 4393 3064 4438 et
3105 4403 3228 4439 coro
3270 4389 3444 4451 Ordei,
3476 4398 3528 4442 et
3563 4388 3765 4443 dimidio

2184 4475 2305 4511 coro
2337 4460 2503 4520 ordei,
2536 4466 2581 4509 et
2621 4459 2744 4509 disci
2794 4460 2868 4510 ad
2901 4474 3020 4510 eam
3048 4474 3062 4510 :
3100 4460 3221 4509 Dies
3244 4461 3445 4512 multos
3469 4460 3766 4527 «expectabis

2184 4546 2290 4593 me,
2310 4546 2423 4581 non
2443 4531 2813 4595 fornicaberis,
2829 4536 2875 4581 ct
2895 4547 3007 4581 non
3024 4531 3130 4580 eris
3145 4533 3284 4592 viro,
3300 4533 3396 4583 sed
3418 4539 3473 4584 et
3491 4550 3588 4600 ego
3608 4547 3767 4597 etspo-

2179 4602 2325 4653 ctabo
2362 4608 2425 4655 te.
2456 4604 2598 4662 Quia
2642 4603 2755 4653 dies
2796 4602 2993 4652 multos
3030 4601 3280 4652 sedebant
3315 4604 3434 4666 filii
3465 4605 3638 4656 Israel
3672 4605 3769 4653 sine

2172 4676 2323 4739 Rege,
2368 4679 2414 4724 et
2460 4675 2577 4724 sine
2626 4674 2898 4739 Principe,
2950 4678 2997 4723 et
3029 4674 3145 4724 sine
3167 4675 3476 4737 sacrificio,
3509 4683 3557 4728 et
3576 4677 3685 4729 sine
3703 4673 3768 4725 alo

2174 4746 2302 4810 tari,
2345 4750 2390 4795 et
2431 4746 2548 4796 sine
2581 4745 2794 4811 Ephod,
2841 4751 2887 4795 et
2923 4746 3040 4795 sine
3084 4746 3383 4811 Teraphin.
3416 4748 3493 4797 Et
3536 4753 3651 4815 post
3679 4748 3768 4799 Iw:

2173 4821 2505 4866 revertentur
2538 4816 2652 4881 filii
2684 4815 2865 4877 Israel,
2907 4820 2952 4865 et
2995 4822 3236 4881 quaerent
3281 4817 3598 4869 Dominum
3622 4818 3768 4869 Deum

2172 4902 2355 4951 suum,
2380 4892 2427 4937 et
2463 4887 2643 4938 David
2677 4902 2853 4952 regem
2892 4902 3074 4949 suum,
3113 4893 3161 4938 et
3197 4888 3481 4953 parebunt
3503 4888 3767 4942 adDomi-

2173 4974 2327 5024 num,
2350 4967 2396 5009 et
2418 4960 2491 5010 ad
2510 4960 2711 5009 bonum
2733 4958 2846 5023 ejus
2869 4959 2931 5009 in
2942 4959 3233 5010 novissimo
3247 4960 3495 5013 dierum.
3509 4966 3637 5022 Quia
3654 4975 3771 5012 exor-

2172 5030 2336 5084 dium
2367 5030 2645 5096 vaticinii,
2682 5030 3073 5096 captivitatem
3113 5031 3311 5097 populi
3346 5031 3514 5087 illius
3546 5032 3769 5089 reversis

2200 5206 2339 5254 extu
2353 5200 2557 5266 liquet.

2237 5272 2259 5301 ⁴
2285 5272 2492 5325 Visum
2516 5276 2607 5325 est
2629 5271 2803 5325 scribi
2828 5270 3033 5325 vitiose
3051 5275 3223 5326 antea
3232 5280 3584 5339 persenseret.
3610 5278 3765 5328 Inter-

2175 5344 2506 5409 punctionis
2523 5345 2662 5398 vitia
2683 5343 3098 5410 propemodum
3110 5345 3443 5412 innumera,
3460 5360 3644 5413 eaque
3662 5356 3769 5411 gra-

2181 5417 2422 5468 vissima
2448 5418 2599 5469 taciti
2625 5417 2994 5481 castigamus.

2240 5497 2257 5516 ο
2280 5489 2511 5553 Repetit
2551 5489 2998 5553 Hieronymiana
3043 5491 3100 5539 et
3130 5487 3301 5553 Vulg.
3350 5488 3546 5542 Editio
3582 5488 3647 5543 ad
3668 5488 3762 5539 ile-

2178 5559 2401 5612 brseum
2437 5561 2689 5626 pressius
2712 5559 3031 5609 exaudiam.
3060 5558 3295 5611 Rectius
3326 5572 3573 5625 quoque
3598 5561 3651 5612 in
3668 5559 3759 5609 line

2176 5630 2368 5689 habet,
2404 5637 2450 5681 et
2484 5633 2592 5696 ipse
2633 5631 2785 5691 dicet,
2821 5632 2961 5679 Deus
2992 5644 3142 5679 meus
3164 5645 3219 5679 es
3243 5637 3319 5679 tu.
3348 5633 3544 5685 Antea
3565 5628 3759 5685 eratdi-

2177 5702 2263 5763 cit,
2289 5709 2397 5756 etc.
