3880 6222
150 339 256 396 981

1049 340 1120 391 ΙΝ
1156 338 1395 391 OSEAM
1428 336 2014 392 COMMENTARIUS.
2049 337 2260 390 LIBER
2293 338 2576 390 PRIMUS.

3361 337 3466 394 982

153 437 267 528 Lat.
289 453 562 528 diversis]
587 454 828 528 vocibus
853 452 1192 516 pollicentis,
1221 451 1334 514 hic,
1359 451 1512 504 sicut
1534 451 1592 503 in
1607 452 1765 528 prim
1785 457 1846 528 Α
1867 450 2276 528 lium,_cornua
2296 449 2615 528 circumdet
2639 449 2855 528 altaris,
2887 449 3137 528 reddens
3168 451 3285 528 Deo
3310 456 3468 517 vota,

149 525 303 588 cipio
336 525 554 589 docuit,
587 525 870 588 Propheta
903 529 1254 587 susceperat,
1282 529 1341 574 et
1381 536 1630 588 persona
1659 525 1762 575 Dei

155 597 361 659 tristia,
381 597 482 648 sed
493 598 616 661 jam
630 595 1021 660 impendentia
1031 595 1366 652 nunciabat,
1384 600 1440 646 et
1457 595 1662 646 eodem
1676 608 1768 646 sa-

150 668 238 719 cri
262 668 510 732 Spiritus
535 669 880 731 gubernatu,
899 667 1064 730 quasi
1088 679 1160 717 ex
1177 667 1475 717 contrariis
1493 668 1638 718 texit
1652 683 1768 715 ora-

152 738 373 791 culum.
394 741 539 791 Nam
553 753 686 791 cum
699 739 1057 790 infremuerit
1068 738 1432 800 truculentis,
1447 739 1640 789 statim
1659 740 1770 799 qui-

152 811 268 861 bus
281 812 590 863 confoveat
607 811 912 870 sauciatos,
930 810 1064 862 laeta
1084 809 1350 872 subjecit,
1362 814 1428 860 ut
1445 809 1535 861 vel
1553 811 1765 858 audien-

152 881 250 934 dis
265 882 535 934 tristibus
548 883 794 947 populus
810 884 1128 944 assuescat,
1143 880 1236 932 vel
1247 881 1439 944 ipsum
1456 880 1765 931 Dominum

151 958 558 1015 cunctantem,
572 956 627 1005 et
648 953 798 1005 sicut
815 953 1262 1017 supradiximus,
1287 952 1480 1003 studio
1501 951 1768 1003 ditl'eren-

151 1030 304 1087 tem,
331 1038 465 1077 cum
492 1025 997 1084 sitvindicaturus,
1016 1023 1297 1075 ostendat.
1325 1025 1426 1075 Per
1441 1023 1594 1085 quod
1610 1025 1765 1072 simul

151 1095 354 1156 docet,
394 1109 467 1148 ne
500 1108 762 1159 unquam
796 1096 906 1146 sub
940 1095 1036 1147 tali
1067 1094 1259 1157 judice
1282 1094 1586 1157 desperent
1609 1093 1766 1144 salu-

152 1172 302 1228 tem,
330 1167 602 1219 nimirum
630 1168 794 1219 itaad
824 1166 1243 1230 indulgendum
1267 1169 1482 1229 parato,
1507 1168 1574 1216 ut
1595 1163 1768 1229 placi-

150 1239 251 1289 dis
267 1239 422 1290 inter
444 1239 690 1290 adversa
711 1239 1011 1290 narrandis
1034 1237 1300 1288 videatur
1326 1237 1383 1286 in
1401 1236 1763 1298 sedulo,quod

149 1312 342 1362 iratus
358 1310 540 1373 fuerit,
559 1323 855 1362 excusare.
871 1309 1130 1374 Praecipit
1151 1309 1345 1371 itaque
1362 1308 1660 1370 Propheta,
1691 1320 1764 1359 ne

148 1383 457 1434 caritatem
475 1394 651 1445 quam
669 1383 962 1433 obscaenas
986 1380 1208 1432 mulieri
1228 1379 1600 1444 impenderat,
1618 1392 1766 1443 prse-

150 1456 253 1507 via
275 1453 599 1506 offensione
622 1453 890 1517 deponat,
927 1452 1029 1504 sed
1054 1465 1188 1504 cum
1213 1451 1570 1516 impudentia
1591 1451 1762 1515 illius,

149 1526 424 1590 professa
452 1525 808 1589 benignitate
833 1523 1159 1583 contendat,
1187 1527 1242 1574 et
1257 1524 1379 1574 sive
1402 1523 1528 1586 ipsa
1543 1530 1620 1582 re,
1641 1522 1763 1574 sive

149 1597 219 1648 id
250 1595 409 1660 quod
435 1608 808 1659 consequens
838 1595 1086 1656 videtur,
1114 1595 1316 1658 spiritu
1351 1598 1577 1646 tantum
1601 1605 1762 1645 reve-

150 1666 337 1727 lante,
367 1671 700 1731 cognoscat,
746 1666 882 1729 quia
911 1665 1007 1717 illa
1049 1668 1316 1717 meretrix
1348 1665 1458 1717 levi
1500 1663 1762 1715 mercede

151 1743 363 1802 posset
388 1737 648 1796 conduci,
677 1749 795 1788 non
821 1735 1010 1788 solum
1035 1742 1098 1788 ut
1122 1736 1176 1803 4
1193 1735 1279 1804 |4
1307 1736 1638 1802 prophetica
1667 1748 1760 1786 so-

152 1808 1083 1894 ciere,essacseneexrdst
1105 1809 1334 1894 messi
1354 1807 1757 1894 arma???
1787 1821 1840 1894 B

153 1884 340 1931 ventu
365 1880 574 1944 pariter
601 1881 938 1943 abstineret,
980 1880 1147 1942 quasi
1171 1891 1305 1943 qum
1329 1879 1543 1931 valeret
1564 1882 1758 1945 osten-

152 1951 313 2014 dere,
329 1951 515 2014 magis
532 1951 876 2002 necessitate
906 1950 1146 2014 parandi
1169 1951 1378 2013 victus,
1397 1963 1569 2014 quam
1588 1963 1764 1998 conse-

153 2027 322 2074 ctatu
345 2021 598 2072 libidinis
623 2033 684 2072 se
696 2021 1088 2085 prostituisse:
1121 2022 1368 2085 denique
1392 2022 1439 2072 si
1466 2017 1555 2069 vel
1573 2019 1764 2070 tenuis

154 2093 434 2145 alimonia
460 2094 831 2156 praeberetur,
879 2105 1007 2144 eam
1047 2093 1213 2144 facile
1252 2090 1449 2152 ﬂagitii
1475 2089 1764 2154 voluptate

155 2165 488 2216 carituram.
516 2166 640 2225 Quo
659 2165 860 2227 utique
883 2164 1147 2228 exemplo
1170 2161 1432 2212 redditur
1443 2162 1764 2224 Synagogee

155 2247 373 2287 caussa
408 2235 676 2297 deterior,
710 2248 844 2298 quae
868 2247 996 2287 eam
1022 2232 1286 2284 videlicet
1311 2233 1633 2294 “pactionem
1657 2244 1762 2283 nec

155 2307 344 2370 copiis
375 2307 620 2358 invitata
667 2308 998 2361 servaverit,
1053 2316 1228 2367 quam
1259 2303 1577 2369 prostibula
1602 2315 1764 2366 qum-

155 2379 336 2444 piam,
365 2379 458 2430 vel
483 2380 593 2430 sub
612 2378 789 2430 nimia
812 2375 1368 2438 parcitate,veretur.
1388 2374 1761 2436 lndulgemus

151 2463 314 2514 ergo,
331 2451 432 2510 ait,
450 2455 675 2509 tempus
691 2446 1040 2509 errantibus,
1056 2451 1123 2498 ut
1143 2447 1234 2498 vel
1255 2447 1328 2498 ad
1349 2447 1760 2498 correctionem

155 2523 399 2574 ﬂetibus
423 2522 745 2581 erumpant,
770 2517 862 2569 vel
885 2518 1050 2582 gravi
1065 2518 1298 2570 demum
1318 2517 1763 2568 ultionisuccum-

149 2593 320 2644 bant.
348 2592 452 2652 Qui
476 2602 631 2640 nunc
656 2589 906 2653 pretiosa
944 2589 1156 2640 vilibus
1193 2591 1588 2652 postferentes,
1617 2587 1760 2639 obli-

150 2664 463 2714 viscuntur
487 2661 693 2724 proprii
716 2661 836 2725 Dei,
853 2666 908 2712 et
931 2664 1256 2722 sequuntur
1279 2659 1514 2722 alienos,
1531 2660 1758 2711 nonali-

152 2740 244 2786 ter
270 2743 447 2795 quam
474 2732 523 2782 si
540 2731 748 2795 spretis
764 2731 917 2789 uvis,
936 2730 1159 2782 vinacia
1172 2731 1374 2782 suibus
1392 2731 1575 2793 magis
1587 2743 1760 2793 quam

150 2803 491 2856 hominibus
507 2805 637 2864 apta
661 2801 1009 2864 colligerent.

217 2878 423 2938 Itaque
449 2873 630 2938 primo
658 2885 937 2924 mensura
960 2873 1076 2924 cori
1099 2873 1398 2924 nominata
1423 2878 1512 2924 est
1528 2873 1762 2938 triginta

151 2945 386 2998 modios
402 2944 771 2996 continentis.
797 2943 1058 2996 Secundo
1074 2943 1153 2994 ait
1169 2961 1178 2992 :
1196 2943 1492 2991 dimidium
1507 2945 1620 2992 cori
1638 2947 1759 2995 hor-

148 3017 259 3082 dei,
287 3015 420 3068 inde
438 3016 698 3080 pactione
726 3015 1088 3067 constituens
1109 3015 1480 3067 continentiae
1505 3016 1757 3068 officium

138 3089 433 3141 amuliere
451 3087 786 3151 comparari,
800 3086 1195 3150 adimaginem
1213 3085 1364 3137 illius
1383 3086 1749 3152 conditionis,

141 3173 324 3225 quam
350 3161 654 3223 Synagoga
672 3170 914 3222 passura
937 3163 1028 3210 est
1051 3158 1110 3208 in
1122 3157 1434 3221 Babylonia
1447 3161 1746 3218 captivitate.

141 3232 244 3283 ubi
269 3230 524 3282 tolerans
557 3230 815 3293 quidem,
850 3229 951 3280 sed
976 3229 1086 3280 sub
1114 3241 1214 3292 spe
1240 3229 1602 3288 reversionis,
1629 3231 1751 3280 exi-

137 3304 306 3362 lium,
331 3315 437 3353 nec
475 3301 588 3352 Deo
633 3301 906 3365 legitime,
948 3313 1053 3351 nec
1092 3299 1259 3350 idolis
1287 3299 1620 3362 cohaerebit,
1649 3301 1750 3352 sed

141 3373 314 3437 quasi
339 3373 498 3425 omni
521 3371 691 3436 deget
711 3371 931 3423 nudata
953 3371 1179 3423 solatio.
1207 3373 1442 3435 Propter
1463 3371 1572 3422 hoc
1597 3373 1749 3424 enim

144 3456 162 3473 '
180 3445 282 3508 ait,
310 3459 422 3494 non
441 3442 814 3507 fornicaberis,
855 3448 900 3492 et
923 3458 1033 3492 non
1059 3443 1164 3491 eris
1187 3443 1323 3504 viro,
1359 3443 1448 3490 sed
1476 3452 1519 3490 et
1544 3457 1635 3506 ego
1657 3459 1751 3492 eac-

139 3515 386 3582 spectabo
403 3519 465 3566 te.
493 3517 661 3566 Hunc
693 3514 886 3565 locum
908 3513 1116 3577 Judaei,
1157 3513 1250 3566 vel
1273 3526 1373 3565 eos
1400 3515 1651 3578 sequuti,
1676 3515 1749 3566 ad

138 3587 452 3652 praesentis
470 3585 744 3650 temporis
758 3585 1040 3648 judicium
1059 3585 1344 3648 pertinere
1362 3585 1746 3636 contendunt:

141 3657 307 3721 Quod
331 3657 558 3720 expulsi
584 3657 850 3709 videlicet
867 3656 1325 3720 deJerosolymis
1342 3656 1499 3708 nulla
1515 3656 1748 3719 quidem

141 3730 400 3781 habeant
422 3729 592 3780 omcii
615 3728 987 3780 sacerdotalis
1011 3728 1281 3792 insignia,
1313 3741 1446 3792 quae
1469 3729 1750 3793 propheta

140 3805 466 3865 enumerat,
492 3800 616 3852 sine
638 3813 770 3865 rege
803 3812 922 3861 eos,
940 3799 1065 3852 sine
1095 3799 1368 3863 principe,
1396 3799 1519 3852 sine
1534 3801 1748 3852 sacrifi-

143 3872 257 3932 cio,
301 3872 425 3924 sine
471 3871 652 3934 altari,
700 3872 823 3923 sine
846 3871 1047 3935 Ephod
1071 3875 1128 3923 et
1152 3871 1275 3922 sine
1318 3871 1603 3936 Teraphin
1627 3872 1746 3924 fore

141 3941 420 4006 pollicens
447 3959 460 3994 :
489 3943 840 3995 reversionis
865 3948 1059 3994 tamen
1083 3955 1146 3994 se
1171 3943 1409 4006 pignora
1431 3943 1743 4007 continere,

140 4013 318 4076 idest,
343 4025 545 4066 vocem
562 4014 683 4075 Dei,
716 4014 814 4078 qui
838 4027 901 4066 se
930 4026 1157 4078 quoque
1181 4027 1281 4066 eos
1307 4018 1744 4077 expectaturum

141 4097 278 4136 esse
307 4085 664 4150 promiserat.
698 4085 808 4138 Sed
841 4085 959 4137 falli
991 4097 1092 4136 eos
1134 4085 1196 4136 in
1227 4085 1336 4137 hac
1359 4085 1624 4149 Opinione
1649 4084 1746 4137 vel

140 4155 710 4219 fallere,adscitarum
725 4157 785 4208 in
796 4156 970 4208 fidem
981 4155 1188 4208 Christi
1202 4157 1505 4207 nationum
1516 4161 1741 4205 omnium

146 4226 500 4280 documenta
520 4228 890 4281 convincunt.
918 4230 1228 4292 Postquam
1252 4228 1409 4281 enim
1432 4227 1745 4292 Evangelio

142 4299 361 4351 Christi
383 4300 614 4352 credere
634 4299 960 4364 noluerunt,
987 4299 1216 4352 sublata
1239 4305 1329 4352 est
1354 4300 1427 4350 ab
1455 4298 1540 4350 eis
1561 4299 1742 4361 vinea,

141 4374 204 4422 et
225 4370 357 4422 aliis
373 4372 684 4423 commissa
700 4372 1035 4437 cultoribus,
1054 4371 1154 4435 qui
1170 4370 1478 4422 redderent
1490 4370 1615 4434 ejus
1635 4370 1745 4421 fru-

140 4447 306 4494 ctum
319 4442 380 4494 in
397 4448 649 4507 tempore
685 4456 790 4495 suo
825 4443 985 4507 (Psal.
1015 4443 1103 4503 1.).
1157 4445 1303 4506 Ergo
1318 4441 1412 4494 illo
1445 4441 1654 4505 seculo,
1686 4441 1743 4491 in

141 4527 262 4578 quo
278 4513 606 4579 Babyloniis
631 4515 976 4576 serviebant,
1013 4515 1219 4566 merito
1245 4526 1306 4565 se
1331 4514 1579 4564 invicem
1603 4525 1746 4576 gens

141 4589 203 4638 et
222 4588 382 4638 Deus
407 4591 779 4649 exspectasse
797 4587 1086 4649 dicuntur,
1105 4599 1223 4637 non
1233 4584 1388 4649 quod
1403 4589 1559 4636 totus
1575 4597 1748 4649 popu-

142 4657 238 4708 lus
259 4657 561 4720 gentilium
582 4657 990 4719 profanitatum
1015 4662 1173 4708 esset
1194 4657 1490 4718 immunis,
1511 4669 1642 4720 quae
1663 4655 1745 4706 eis

143 4729 322 4780 etiam
333 4739 368 4778 a
379 4729 595 4780 sanctis
610 4730 735 4780 aliis
747 4729 1082 4781 doctoribus
1099 4729 1484 4792 imputantur:
1501 4729 1599 4779 sed
1617 4745 1741 4790 quo-

143 4801 298 4851 niam
325 4805 448 4852 erat
472 4801 590 4852 illic
612 4801 903 4865 permixto
914 4802 1212 4863 justorum
1244 4800 1520 4861 virorum,
1547 4799 1748 4862 etquia

144 4872 349 4924 melior
373 4872 602 4924 soboles
634 4885 811 4935 quam
848 4876 1120 4936 parentes
1152 4871 1366 4934 gaudia
1398 4869 1748 4922 liberationis

143 4943 568 4996 erathabitura.
598 4945 830 5008 Propter
845 4943 1055 4996 horum
1081 4948 1301 5007 partem
1318 4945 1471 4994 Deus
1487 4955 1548 4994 se
1572 4943 1749 5003 utique

143 5017 620 5079 exspectaturum
636 5016 936 5078 promittit,
955 5014 1344 5078 idest,nullam
1359 5015 1528 5066 aliam
1554 5020 1747 5075 gentem

143 5085 203 5136 in
226 5087 421 5138 locum
446 5086 727 5151 depulsae,
762 5086 1026 5150 protinus
1050 5087 1429 5148 adsciturum,
1454 5086 1634 5138 donec
1657 5097 1746 5137 re-

147 5157 298 5219 deat,
312 5157 464 5208 sicut
480 5161 538 5208 et
564 5169 739 5220 supra
761 5157 1042 5218 diximus,
1057 5157 1436 5220 castigatione
1452 5157 1671 5218 melior,
1694 5160 1750 5206 et

145 5228 427 5292 recipiens
461 5227 688 5290 antiqui
720 5228 1109 5291 pontiﬁcatus,
1147 5239 1279 5290 quae
1301 5228 1570 5279 amiserat
1598 5227 1743 5290 [Αηι.

143 5298 499 5363 admiserat],
537 5304 895 5362 ornamenta,
933 5299 991 5352 in
1025 5299 1480 5362 confrequentati
1511 5311 1585 5352 ne
1609 5298 1749 5351 tide-

206 5479 222 5498 -
248 5468 472 5520 Vitiose
496 5473 666 5520 antea
690 5474 786 5518 aut
812 5468 1124 5533 legebatur,
1149 5481 1257 5520 nec
1284 5467 1594 5532 Scripturas
1618 5480 1745 5520 ver-

145 5541 229 5602 ba,
258 5546 326 5594 ut
348 5540 492 5592 alias
518 5539 861 5606 saepissime,
898 5541 1460 5594 internoscebantur.

202 5613 222 5642 ⁵
243 5614 536 5678 Scriptum
561 5618 684 5664 erat
706 5616 876 5665 antea
889 5613 1046 5664 nullo
1063 5614 1164 5664 aut
1187 5610 1552 5663 incommodo
1571 5623 1748 5662 sensu

139 5701 330 5750 quum,
367 5697 470 5750 pro
502 5698 617 5748 quo
641 5697 750 5736 nos
775 5690 1045 5749 quantum
1060 5685 1436 5737 restituimus.

200 5759 327 5808 “Ex
381 5756 588 5821 prioris
634 5756 882 5808 Editoris
925 5755 1146 5808 monito
1177 5756 1423 5820 jungunt
1460 5752 1750 5818 rescripsi-

138 5841 272 5881 mus
299 5840 408 5894 pro
422 5829 734 5893 jungentes,
760 5827 915 5893 quod
947 5831 1118 5881 antea
1139 5828 1452 5881 obtinebat.

199 5901 220 5930 ⁴
245 5899 457 5954 Minori
479 5911 723 5952 numero
737 5899 913 5952 habet
927 5899 1571 5966 HieronymianaEdttio,
1587 5901 1749 5968 infir-

1870 533 2003 585 quaa
2027 519 2580 572 distinxeruntlabia
2603 523 2860 587 ipsius,et
2880 523 3150 588 pavebant
3174 523 3248 574 ad
3263 523 3469 576 bonum

1867 591 1980 654 ejus
2004 607 2064 639 in
2098 591 2388 640 novissimo
2434 592 2517 641 die
2561 593 2722 654 (Psal.
2761 593 2887 656 65-).
2914 597 3194 647 Caussam
3227 598 3468 661 proinde

1865 663 2047 726 ipsius
2061 663 2417 728 depulsionis
2433 665 2715 727 exposuit,
2735 669 2802 717 ut
2821 679 2920 730 per
2936 679 3060 718 eam
3073 667 3343 721 videlicet
3358 673 3467 718 abs-

1869 734 2124 785 tinentiae
2149 734 2532 798 profanorum,
2546 747 2690 797 gens
2706 737 2914 789 amicta
2929 736 3351 802 consuesceret,
3370 744 3466 790 do-

1865 817 1973 855 nec
1986 804 2256 868 legitimis
2268 806 2550 870 castigata
2559 807 2912 872 verberibus,
2926 810 2985 863 in
2996 811 3351 863 consortium
3369 812 3464 864 de-

1866 880 2320 948 nuo_mereretur
2340 876 2606 948 adscisci,
2650 889 2724 928 ex
2757 891 2873 941 quo
2908 893 3150 934 examen
3173 883 3331 948 pium
3361 883 3465 937 1w-

1867 945 2227 1009 tandumque
2266 947 2534 1010 prodiret.

2487 1045 2719 1097 CAPUT
2745 1047 2841 1096 IV.

1929 1141 2089 1190 Vers.
2117 1140 2167 1194 1.
2194 1139 2246 1194 2.
2279 1169 2336 1178 -
2363 1142 2560 1192 Audite
2594 1143 2812 1193 verbum
2852 1144 3090 1206 Domini,
3133 1146 3247 1208 filii
3276 1149 3462 1209 Israel,

1864 1210 1998 1271 quia
2012 1210 2287 1273 judicium
2311 1213 2545 1262 Domino
2581 1231 2701 1263 cum
2739 1213 3132 1266 habitatoribus
3157 1221 3326 1278 terrae,
3353 1234 3466 1267 non

1863 1283 1934 1326 est
1956 1280 2104 1328 enim
2147 1282 2358 1343 veritas,
2397 1290 2443 1332 et
2476 1300 2587 1334 non
2624 1292 2695 1334 est
2733 1287 3124 1349 misericordia,
3165 1293 3209 1336 et
3259 1303 3372 1338 non
3397 1294 3469 1338 est

1861 1349 2087 1424 seieritia
2135 1353 2232 1402 Dei
2277 1355 2338 1402 in
2383 1360 2543 1404 terra.
2592 1357 2960 1417 Maledictum,
2995 1364 3040 1406 et
3085 1360 3456 1424 mendacium,

1862 1417 1916 1486 ἀ.
1933 1419 2019 1487 I5
2053 1427 2099 1472 et
2121 1424 2500 1490 homicidium,
2516 1428 2805 1492 etfurtum,
2820 1434 2864 1476 et
2878 1429 3210 1479 adulterium
3228 1417 3468 1481 inunda-

1863 1498 2069 1553 verunt,
2087 1500 2132 1544 et
2153 1497 2380 1559 sanguis
2395 1499 2721 1562 sanguinem
2745 1501 2928 1563 tetigit.
2956 1503 3098 1562 Qua
3124 1507 3277 1553 esset
3300 1506 3461 1562 ratio,

1862 1568 1926 1614 ut
1948 1563 2008 1614 in
2045 1566 2172 1638 ipso
2205 1569 2672 1621 comminationis
2709 1571 2949 1635 impetu,
2991 1574 3062 1623 de
3096 1573 3206 1624 illis
3231 1587 3466 1638 quoque

1860 1637 2168 1710 prosperis,
2189 1650 2322 1702 quia
2347 1645 2478 1703 post
2502 1641 2743 1692 multam
2763 1645 2994 1694 aetatem
3011 1649 3175 1695 erant
3199 1637 3464 1710 ventura,

1863 1703 2209 1779 loqueretur,
2247 1710 2425 1762 semel
2453 1711 2778 1776 iterumque
2817 1716 3169 1778 commoniti,
3193 1716 3363 1779 idest,
3400 1703 3466 1769 ut

1863 1776 1955 1827 vel
1978 1791 2118 1840 gens
2131 1779 2686 1835 haberetexulatura
2711 1784 3006 1847 solacium,
3034 1786 3129 1836 vel
3158 1776 3466 1839 Clementia

1867 1851 2083 1910 pateret
2108 1852 2378 1915 auctoris,
2399 1853 2495 1917 qui
2518 1853 2590 1904 ad
2615 1854 3029 1907 vindicandum
3046 1857 3213 1920 quasi
3242 1858 3464 1910 invitus

1864 1919 2179 1971 accederet.
2215 1925 2336 1973 Hoc
2363 1936 2496 1987 ergo
2521 1925 2759 1976 consilio
2784 1927 2957 1978 etiam
2979 1927 3050 1980 de
3068 1919 3463 1980 futurislocu-

1866 1993 1978 2053 tus,
2013 1991 2087 2041 ad
2111 1995 2504 2055 prmsentium,
2550 2001 2615 2047 ut
2669 2009 2846 2060 supra
2886 1997 3116 2061 fecerat,
3166 2001 3464 2052 revertitur

1864 2064 2112 2133 aetatem,
2157 2068 2215 2115 et
2247 2066 2452 2118 merita
2479 2068 2792 2130 puniendse
2830 2070 3013 2133 plebis
3054 2071 3366 2132 examinat,
3399 2077 3465 2124 ut

1865 2132 2201 2213 solvateam
2226 2147 2401 2213 quam
2434 2137 2647 2191 divinae
2678 2132 2909 2213 pietatis
2946 2141 3210 2204 allegatio
3257 2142 3464 2195 fecerat

1863 2207 2601 2273 quaestionemDpportune
2613 2211 2765 2262 enim
2779 2213 3062 2274 ejusmodi
3075 2214 3341 2276 cogitatio
3355 2229 3460 2264 nas-

1863 2281 2108 2348 ceretur,
2123 2278 2441 2332 simaneret
2455 2282 2570 2332 fixa
2589 2283 2894 2345 sententia,
2907 2289 2972 2334 ut
2999 2285 3306 2348 captivitas
3321 2288 3459 2334 illata

1865 2347 2142 2412 solvatur,
2169 2352 2224 2401 et
2259 2353 2541 2414 regressio
2585 2352 2836 2416 gloriosa
2867 2347 3178 2419 contingat.
3207 2359 3318 2407 Cur
3342 2369 3459 2408 non

1864 2422 1953 2468 est
1981 2419 2326 2472 continuata
2350 2421 2601 2486 libertas,
2627 2428 2727 2475 aut
2748 2423 2767 2452 "
2791 2431 3077 2486 quantum
3111 2427 3298 2489 potuit
3331 2439 3460 2478 esse

1863 2489 2180 2553 culparum,
2195 2493 2348 2555 quod
2361 2493 2416 2543 in
2430 2498 2546 2544 tam
2560 2506 2831 2558 magnam
2854 2495 3218 2548 severitatem
3230 2501 3456 2547 animum

1861 2562 2042 2612 nostri
2079 2563 2480 2626 gubernatoris
2524 2565 2914 2617 accenderet?
2940 2569 3265 2620 necessario
3289 2569 3462 2632 igitur

1863 2633 2194 2684 subtexitur
2205 2635 2512 2686 criminum
2529 2637 2908 2700 enumeratio,
2937 2640 3260 2701 utgravitas
3272 2640 3462 2691 vindi-

1861 2703 2044 2754 cantis
2056 2710 2343 2768 appareat.
2364 2707 2564 2756 Audite
2588 2722 2711 2771 ergo
2737 2708 2834 2769 ait,
2857 2707 3071 2756 verbum
3095 2711 3336 2767 Domini,
3353 2711 3459 2772 ﬁlii

1858 2774 2042 2838 Israel,
2069 2776 2201 2837 quia
2226 2789 2341 2828 non
2372 2782 2599 2828 recusat
2615 2779 2916 2830 vobiscum
2937 2779 3080 2830 inire
3103 2781 3460 2845 conflictum,

1860 2850 1917 2896 et
1937 2846 2216 2898 rationem
2241 2861 2448 2912 ponere
2474 2849 2822 2913 judiciorum
2849 2863 3110 2913 suorum,
3136 2855 3458 2901 meritorum-

1861 2929 1971 2979 que
2001 2923 2346 2983 vestrorum,
2372 2921 2465 2971 cui
2489 2920 2626 2970 dicit
2644 2922 2846 2973 beatus
2863 2923 3065 2980 David,
3084 2929 3141 2970 ut
3144 2923 3458 2986 justificeris

1860 2988 1918 3035 in
1932 2990 2268 3038 sermonibus
2292 2991 2416 3055 tuis,
2441 2995 2484 3040 et
2503 2993 2552 3040 vi
2561 3006 2684 3040 neas
2708 3008 2830 3040 cum
2847 2993 3120 3056 judicaris
3139 2993 3298 3056 (Psal.
3325 2993 3453 3057 50.).

1857 3059 2342 3124 Audite,inquam,
2373 3063 2584 3111 verbum
2609 3064 2844 3126 Domini,
2861 3065 2965 3126 ﬁlii
2991 3065 3174 3124 Israel,
3200 3078 3306 3116 vos
3330 3079 3456 3117 om-

1850 3130 1986 3184 nino
2012 3131 2139 3195 ipsi,
2163 3132 2232 3183 de
2257 3133 2470 3196 quibus
2493 3135 2699 3198 agitur,
2738 3134 2991 3199 judicate
3020 3153 3028 3182 :
3054 3139 3112 3186 et
3140 3136 3208 3186 de
3233 3137 3446 3200 quibus

1775 3197 2048 3272 Cpopuli
2097 3203 2305 3256 studiis
2365 3197 2802 3269 conqueramur,
2852 3205 3134 3269 videntes,
3187 3197 3449 3271 superest

1853 3275 2018 3325 vobis
2040 3273 2254 3337 aliquid
2287 3289 2516 3336 sensus,
2542 3277 2614 3327 ad
2639 3277 3059 3328 confessionem
3088 3282 3145 3328 et
3169 3278 3445 3340 paeniten-

1853 3345 1992 3396 tiam
2016 3346 2339 3399 convolate.
2370 3348 2498 3396 Non
2530 3353 2598 3396 est
2622 3349 2767 3396 enim
2795 3348 3007 3409 veritas,
3033 3353 3077 3396 et
3113 3364 3224 3397 non
3248 3354 3320 3397 cst
3341 3351 3448 3398 mi-

1849 3417 2162 3477 sericordia,
2189 3424 2232 3466 et
2251 3434 2362 3467 non
2387 3424 2457 3467 est
2482 3419 2705 3467 scientia
2720 3419 2816 3468 Dei
2843 3419 2899 3466 in.
2918 3425 3079 3469 terra.
3095 3419 3262 3471 Haud
3279 3421 3447 3483 quasi

1850 3501 1922 3538 ex
1945 3487 2244 3541 intervallo
2270 3491 2478 3553 aliquo,
2497 3490 2701 3552 inquit,
2721 3489 3076 3553 delinquunt,
3094 3495 3159 3541 ut
3179 3491 3446 3553 quaedam

1855 3559 2141 3612 videretur
2154 3560 2443 3612 ultionum
2467 3566 2524 3613 et
2538 3561 2817 3613 virtutum
2836 3563 2981 3612 facta
2995 3562 3350 3625 commixtio,
3361 3567 3446 3612 sed

1850 3631 1931 3683 ita
1965 3631 2237 3695 pessimis
2259 3631 2547 3684 laudanda
2572 3638 2890 3695 cesserunt,
2916 3635 2981 3684 ut
3005 3646 3110 3685 nec
3135 3634 3447 3698 vestigium

1849 3703 2150 3765 probitatis
2188 3703 2414 3768 uspiam
2458 3710 2746 3768 appareat,
2787 3717 2901 3755 non
2926 3704 3070 3755 fides
3099 3703 3354 3768 inquam,
3388 3705 3448 3757 in

1849 3774 2217 3837 testimoniis,
2245 3788 2362 3826 non
2387 3775 2617 3839 justitia
2641 3775 2699 3826 in
2735 3776 2989 3839 judiciis,
3019 3789 3135 3826 non
3158 3776 3340 3840 pietas
3362 3789 3452 3828 re-

1848 3845 2135 3896 mansitin
2148 3846 2370 3898 ritibus.
2391 3847 2537 3909 Quid
2571 3847 2699 3899 dico
2726 3847 2830 3912 [ΑΙ.
2858 3847 3064 3910 dicam]
3089 3860 3292 3900 vacare
3314 3860 3450 3912 pec-

1850 3919 1970 3968 tora
1994 3917 2187 3968 timore
2211 3917 2428 3981 divino,
2453 3931 2584 3969 cum
2612 3931 2812 3969 omnes
2837 3919 3009 3970 etiam
3039 3919 3292 3971 nominis
3321 3919 3449 3984 ejus

1845 3989 2137 4052 occuparit
2160 3987 2391 4050 oblivio,
2407 3994 2581 4051 atque
2606 3989 2852 4040 invicem
2877 4002 3077 4041 secum
3104 3993 3374 4040 crudelitas
3405 3998 3452 4040 et

1845 4057 2020 4110 libido
2033 4059 2362 4122 contendat,
2377 4059 2607 4122 quando
2620 4059 2967 4110 irruentibus
2981 4073 3208 4123 quoque
3224 4065 3448 4123 ﬂagitiis,

1844 4130 2264 4181 inundantibus
2284 4130 2652 4191 facinoribus,
2679 4143 2786 4180 nec
2822 4143 2856 4181 a
2876 4129 3112 4194 pudoris
3135 4144 3241 4183 nec
3263 4145 3298 4183 a
3320 4146 3448 4184 san-

1845 4201 2039 4266 guinis
2073 4200 2395 4251 discrimine
2421 4203 2790 4264 temperatur,
2822 4201 2922 4253 sed
2949 4211 2968 4231 °
2983 4202 3242 4265 jungunt
3269 4204 3449 4254 male-

1845 4272 1999 4324 dicta
2021 4271 2358 4332 mendaciis,
2382 4271 2690 4323 homicidia
2707 4271 2892 4335 furtis,
2917 4271 3198 4324 adulteria
3220 4273 3450 4325 sacrile-

1844 4342 1952 4406 giis
1967 4344 1994 4392 ?
2011 4341 2234 4406 Omnia,
2262 4345 2478 4394 sanctae
2501 4343 2794 4404 quondam
2819 4343 3070 4407 regionis
3091 4343 3447 4393 locacaedtbus

1845 4414 2320 4478 impleverunt,ut
2335 4426 2430 4476 per
2441 4413 2874 4466 multitudinem
2891 4413 3320 4465 interfectorum
3336 4428 3425 4464 san

1845 4486 1976 4550 guis
2004 4486 2272 4549 sanguini
2293 4485 2642 4537 misceretur.
2671 4484 2832 4546 Quod
2863 4497 2980 4535 non
3014 4497 3113 4547 per
3135 4497 3445 4549 exaggera-

1849 4558 2083 4619 tionem,
2103 4556 2204 4609 sed
2230 4569 2330 4620 per
2355 4557 2527 4609 tidem
2554 4556 2774 4607 dictum
2790 4568 2936 4611 esse,
2973 4555 3162 4618 prodit
3184 4555 3441 4608 historia.

1765 4613 1823 4686 D
1849 4631 1982 4693 Ipsa
2007 4613 2142 4679 sunt
2167 4613 2453 4692 siquidem
2474 4632 2730 4690 tempora
2750 4625 2809 4676 in
2828 4613 3040 4688 quibus
3053 4629 3110 4677 et
3126 4626 3330 4678 beatus
3348 4631 3444 4676 He-

1847 4699 1956 4751 lias
1983 4700 2341 4764 interogatus
2365 4712 2400 4751 a
2418 4701 2533 4750 Deo
2551 4697 2688 4760 quid
2710 4697 2771 4748 in
2783 4696 3091 4749 solitudine
3101 4702 3313 4762 ageret;
3331 4714 3444 4747 cum

1848 4771 2042 4823 dolore
2082 4770 2420 4834 respondit:
2456 4769 2686 4820 Domine
2719 4787 2733 4821 :
2780 4769 3074 4833 Prophetas
3111 4774 3227 4819 tuos
3255 4770 3446 4819 occide-

1847 4848 1997 4902 runt,
2031 4841 2237 4892 altaria
2276 4847 2371 4890 tua
2415 4842 2816 4904 destruxerunt,
2863 4846 2907 4890 et
2946 4856 3037 4904 ego
3083 4839 3296 4889 relictus
3326 4855 3446 4891 sum

1847 4913 2014 4978 solus;
2034 4920 2079 4963 et
2105 4919 2357 4978 quaerunt
2391 4914 2644 4963 animam
2667 4927 2844 4962 meam
2873 4911 2942 4977 (3.
2967 4913 3089 4976 Reg.
3114 4911 3241 4975 19.).
3267 4914 3449 4966 Tanta

1847 4997 1984 5050 ergo
2009 4985 2348 5049 profanitate
2377 4985 2624 5051 populus
2653 4989 2776 5036 erat
2799 4987 3122 5048 corruptus,
3149 4986 3451 5036 utinterne-

1847 5056 2012 5108 cione
2037 5056 2239 5108 ultima
2261 5057 2386 5121 pios
2403 5068 2684 5120 quosque,
2710 5055 2880 5120 idest,
2903 5055 3268 5108 cultoresDei
3283 5058 3449 5106 delere

1847 5129 2275 5180 contenderent.
2292 5129 2430 5189 Quae
2454 5127 2696 5178 nefanda
2717 5127 3013 5190 religionis
3026 5127 3312 5191 corruptio
3329 5143 3450 5188 quo-

1846 5199 2003 5251 niam
2019 5201 2243 5252 nullum
2253 5201 2486 5265 quidem
2499 5199 2766 5260 habebat,
2782 5204 3008 5264 propter
3019 5198 3172 5262 quod
3183 5203 3448 5261 expecte-

1846 5276 2002 5324 retur
2019 5273 2272 5338 precium
2297 5272 2627 5337 voluptatis,
2646 5271 3046 5336 impunitatem
3073 5275 3264 5321 tamen
3281 5269 3448 5320 factis

1848 5346 1904 5395 et
1920 5345 2185 5408 turpibus
2197 5344 2568 5408 pollicebatur
2583 5347 2642 5394 et
2659 5342 2933 5394 trucibus.
2948 5340 3082 5392 Ideo
3098 5339 3311 5390 Baalim
3324 5351 3454 5390 vac-

1848 5428 2166 5478 carumque
2190 5416 2460 5477 cultores,
2485 5414 2540 5482 4
2557 5413 2574 5482 |
2591 5411 2644 5482 6
2668 5413 2951 5466 Jezabelis
2995 5411 3188 5472 furori,
3203 5409 3447 5462 funden-

1848 5487 1921 5538 do
1947 5487 2172 5550 piorum
2198 5488 2561 5552 sanguinem,
2597 5485 2945 5538 serviebant.

1912 5575 2072 5625 Vers.
2105 5573 2155 5628 3.
2193 5601 2253 5610 --
2278 5575 2504 5639 Propter
2536 5575 2632 5624 hoc
2659 5571 2852 5636 lugebit
2879 5575 3039 5631 terra,
3074 5573 3119 5618 et
3149 5567 3170 5598 ά
3192 5568 3452 5631 inﬁrma-

1848 5647 2052 5698 buntur
2066 5661 2253 5696 omnes
2269 5647 2366 5711 qui
2385 5645 2637 5696 habitant
2655 5645 2715 5693 in
2727 5659 2816 5693 ea:
2834 5643 2895 5692 in
2911 5641 3074 5690 bestia
3095 5641 3218 5704 agri
3230 5646 3276 5690 et
3293 5641 3352 5690 in
3371 5657 3454 5692 vo-

1848 5828 2089 5879 mabitur
2131 5839 2334 5889 omnes,
2380 5822 2535 5888 quod
2582 5823 2789 5875 Noster
2830 5821 3073 5885 ipsemet
3106 5819 3168 5872 in
3189 5819 3454 5873 subnexa

1845 5901 1957 5956 loci
1977 5897 2314 5965 repetitione
2331 5895 2551 5963 probat.
