3880 6222
454 284 562 342 983

1511 280 1780 334 RUFINO
1812 276 2276 331 PRESBYTERO
2307 278 2695 334 ASCRIPTUS

3685 288 3790 347 984

455 397 611 467 luere
627 394 754 467 caeli,
785 393 877 467 sed
897 399 943 444 et
958 394 1126 467 pisces
1148 392 1323 443 maris
1345 393 1833 467 congregabuntur.
1862 394 2048 467 Propo-
2070 390 2128 467 Α
2154 390 2367 467 nectit:
2394 391 2661 467 Conticuit
2682 395 2917 460 populus
2934 410 3085 448 mus
3107 413 3165 448 eo
3191 400 3341 465 quod
3363 414 3484 450 non
3520 400 3788 451 habuerit

454 467 582 520 sitis
602 465 1016 530 indignationis
1040 475 1166 517 sum
1177 464 1416 527 caussis,
1430 466 1848 527 consequenter
1863 460 2046 514 excla-

454 542 593 600 mat,
622 539 806 603 ipsam
830 541 1038 589 terram
1062 537 1428 601 operiendam
1450 535 1721 600 luctibus,
1765 534 1933 586 sicuti
1959 536 2049 586 est

455 609 806 676 operta’crim
818 608 1028 659 inibus.
1042 608 1260 669 Quibus
1272 614 1390 660 tam
1409 608 1605 660 multis
1617 612 1850 671 tamque
1864 610 2048 666 ingen-

456 683 634 744 tibus,
678 681 728 731 si
771 679 1110 744 contigisset
1133 679 1467 744 impunitas,
1493 680 1665 731 etiam
1692 676 2049 743 providentia

454 756 779 817 negaretur.
820 749 1201 813 Infirmitabur
1230 763 1366 813 ergo
1388 751 1566 800 omnis
1588 749 1773 801 cultor
1798 748 2048 817 regionis

450 826 517 875 in
544 816 719 873 rbestia
750 822 893 884 agri,
930 826 977 870 et
1002 822 1063 870 in
1087 822 1294 871 volucre
1316 821 1427 871 caeli
1461 821 1687 873 Restias
1712 819 1835 883 agri
1857 816 2050 882 appel-

446 896 588 957 lare,
613 896 890 955 armenta,
916 897 976 945 et
997 905 1204 957 greges
1229 893 1400 945 etiam
1418 892 1564 944 solet
1576 891 1813 943 divinus
1837 900 2044 941 sermo.

448 970 604 1031 Ergo
620 978 751 1017 cum
778 964 1011 1028 frugum
1037 964 1150 1027 (ait)
1174 968 1231 1016 et
1248 963 1542 1016 fructuum
1559 961 1886 1015 incubuerit
1906 975 2049 1021 eges-

449 1045 561 1103 tas,
587 1054 859 1107 pecorum
890 1053 1119 1106 quoque
1147 1039 1405 1092 defectus
1428 1042 1485 1090 et
1505 1036 1696 1100 inopia
1728 1045 2044 1097 conseque—

452 1119 563 1169 tur.
589 1117 705 1167 Nec
727 1114 809 1165 sic
834 1126 975 1167 sane
994 1113 1127 1165 ﬁnis
1148 1112 1378 1177 angoris
1403 1127 1418 1160 :
1438 1112 1527 1160 sed
1550 1111 1714 1159 etiam
1733 1109 1898 1173 pisces
1920 1121 2048 1156 con-

452 1186 839 1252 gregabuntur,
882 1185 1052 1248 idest,
1082 1185 1352 1238 deficient
1394 1184 1460 1235 ut
1498 1182 1708 1244 desint,
1750 1184 1817 1232 ut
1855 1191 1963 1231 nec
1986 1178 2046 1230 in

450 1259 619 1323 aquis
651 1257 837 1322 possit
857 1257 1129 1309 alimonia
1152 1257 1401 1322 reperiri.

516 1321 678 1383 Vers’.
706 1330 755 1384 4.
775 1329 826 1383 5.
852 1356 913 1368 -
950 1321 1330 1379 Verumtamen
1352 1328 1727 1393 unusquisque
1751 1339 1859 1375 non
1891 1321 2048 1393 judi-f

451 1407 542 1463 cet,
582 1406 627 1451 et
661 1416 773 1451 non.
795 1406 1067 1465 arguatur
1088 1401 1190 1451 vir.
1214 1400 1455 1465 Populus
1478 1392 1625 1449 enim
1650 1405 1791 1458 tuus,
1816 1396 1951 1444 sicut
1988 1392 2046 1441 hi

451 1474 549 1539 qui
594 1472 974 1524 contradicunt
1013 1473 1293 1523 sacerdoti.
1328 1472 1396 1521 Et
1429 1484 1641 1521 corrues
1666 1478 1684 1499 ⁸
1715 1475 1789 1527 tu,
1838 1468 2047 1539 corruet

451 1536 615 1595 etiam
660 1545 922 1608 propheta
962 1549 1149 1593 terum.
1176 1543 1232 1595 Si
1263 1547 1470 1606 stante,
1508 1541 1715 1605 inquit,
1740 1536 2043 1605 republica,

452 1629 553 1682 per
577 1614 921 1669 sententiam
947 1614 1206 1678 judicum
1228 1618 1508 1666 nocentes
1531 1612 1708 1677 aliqui
1724 1613 2045 1673 disperireni,

450 1689 789 1751 argueretur
823 1690 977 1739 certe
1000 1684 1159 1749 alter,
1186 1687 1244 1737 et
1266 1685 1408 1737 alter
1429 1688 1725 1748 argueret:
1756 1683 2049 1748 proprium

2151 462 2461 536 scientiam.
2479 466 2506 513 J
2513 468 2709 517 ustum
2732 472 2858 519 erat
2880 469 3112 534 (inquit)
3137 462 3216 522 ut'
3229 471 3385 522 labia
3406 472 3609 536 plebis
3637 485 3785 525 mea

2151 532 2381 597 lugubri
2396 534 2626 588 silentio
2638 532 3060 605 clauderentur,
3072 532 3107 604 q
3116 554 3209 594 uae
3221 532 3507 592 noluerunt
3518 545 3783 605 loquendo

2153 605 2499 679 condiscere.
2536 608 2791 668 Proinde,
2838 611 2992 674 quod
3038 613 3191 664 dixit
3214 614 3529 665 scientiam
3562 615 3782 679 populo

2152 678 2422 753 defuisse,
2468 692 2543 731 ne
2567 684 2650 753 tu
2684 680 2757 731 ad
2785 681 3037 745 aliquam
3059 685 3780 753 necessitatem‘referres,

2153 750 2445 814 continuo,
2483 751 2621 814 quid
2650 759 3004 816 accusasset,
3038 756 3315 809 ostendit.
3348 750 3496 815 Quia
3524 763 3589 806 tu
3612 760 3780 807 scien-

2154 822 2287 870 tiam
2335 822 2597 884 rcpulisti,
2648 823 2902 888 repellam
2935 832 2979 874 te
3009 832 3056 874 et
3079 841 3193 891 ego,
3218 843 3287 876 ne
3307 829 3622 878 sacerdotio
3645 831 3778 892 fun-

2152 893 2302 955 garis
2334 894 2476 943 mihi
2502 911 2513 942 :
2566 899 2613 943 et
2641 894 2803 943 oblita
2825 896 3029 960 ealegis
3048 898 3148 947 Dei
3172 898 3271 953 tui.
3308 899 3614 949 obliviscar
3634 902 3777 964 filio-

2152 978 2280 1012 rum
2328 970 2547 1014 tuorum
2591 971 2637 1015 et
2659 982 2769 1029 ego.
2793 966 3040 1020 Noluisti
3079 969 3305 1034 (inquit)
3326 971 3688 1036 intelligere.
3712 980 3773 1024 ut

2096 1063 2110 1074 ο
2152 1036 2296 1087 bene
2340 1048 2541 1100 ageres
2580 1038 2741 1100 (Psal.
2780 1037 2907 1100 35.),
2954 1040 3055 1091 sed
3080 1041 3460 1104 iniquitatem
3500 1044 3573 1095 in
3602 1045 3771 1096 cubili

2152 1106 2446 1171 meditata,
2480 1120 2586 1181 pro
2617 1110 2897 1181 arbitratu
2933 1113 3034 1162 tuo
3062 1124 3209 1164 ausa
3246 1126 3313 1165 es
3340 1114 3511 1177 apud
3535 1118 3597 1167 te
3629 1116 3769 1181 legis

2154 1190 2297 1253 meae
2318 1180 2581 1253 membra
2601 1178 2886 1253 dirimere,
2912 1187 2977 1234 ut
2990 1183 3240 1245 justitiie
3278 1190 3449 1248 parte
3484 1178 3766 1253 neglecta,

2150 1249 2468 1301 hostiarum
2491 1250 2755 1303 instituta
2769 1253 3066 1305 retineres:
3098 1254 3229 1309 ideo
3250 1255 3362 1307 ibit
3386 1257 3635 1308 obviam
3660 1249 3770 1322 per;

2152 1322 2410 1374 versitati
2438 1327 2555 1375 tum
2579 1323 2754 1387 digna
2775 1324 3170 1385 frustratio,ut
3190 1340 3311 1378 non
3334 1329 3417 1379 sit
3441 1329 3684 1380 licentia
3697 1331 3765 1381 of-

2152 1392 2515 1446 ferendarum
2548 1395 2888 1460 hostiarum,
2927 1397 3020 1449 cui
3048 1399 3490 1461 sequendarum
3513 1413 3640 1452 non
3665 1401 3766 1453 fuit

2152 1476 2290 1515 cura
2313 1464 2593 1518 virtutum
2610 1482 2624 1518 :
2646 1466 2789 1519 dura
2806 1468 3245 1521 tibiimminebit
3260 1470 3648 1523 taciturnitas
3657 1488 3763 1534 quae

2151 1537 2223 1587 ab
2245 1537 2483 1589 auribus
2513 1538 2630 1590 tuis
2665 1538 2947 1592 salutares
2978 1540 3201 1593 monitu
3226 1541 3567 1606 propulistj.
3596 1544 3761 1594 Oblita

2150 1622 2201 1656 es
2234 1608 2356 1669 mei,
2403 1609 2685 1660 obliviscar
2725 1615 2771 1660 et
2813 1626 2905 1675 ego
2954 1611 3200 1674 ﬁliorum
3231 1618 3495 1679 tuorum,
3534 1620 3606 1666 ut
3638 1628 3760 1678 qua:

2152 1685 2495 1753 spontanam
2524 1694 2695 1745 passa
2718 1696 2783 1735 es
2800 1683 2862 1735 in
2889 1683 3094 1736 ofﬁciis
3119 1686 3472 1750 caecitatem,
3509 1688 3760 1753 experia-

451 1759 739 1833 siquidem
763 1770 977 1833 munus
989 1769 1233 1809 censura
1248 1762 1560 1833 exerceret.
1588 1757 1690 1808 Per
1699 1755 1855 1833 quod
1875 1753 2043 1833 simul
2071 1756 2124 1830 B
2152 1751 2230 1833 ris
2252 1753 2775 1833 acerbissimam‘de
2793 1755 2985 1833 liberis
3001 1755 3524 1833 orbitatem._Quod
3536 1751 3620 1810 ita
3648 1774 3759 1833 eane

414 1866 423 1876 .
451 1829 792 1891 ostenditur,
817 1829 953 1891 quia
968 1840 1084 1879 non
1108 1840 1340 1880 omnem
1366 1827 1539 1878 simul
1563 1827 1840 1892 populum
1866 1827 2045 1878 scele-

452 1914 581 1954 rum
603 1901 785 1961 tabes,
807 1900 994 1951 morbi
1014 1900 1215 1963 instar,
1234 1904 1337 1951 aut
1350 1898 1712 1963 pestilentiw,
1725 1898 1748 1927 "
1762 1897 2054 1962 possedis-

454 1977 575 2025 set:
603 1971 705 2023 sed
754 1971 905 2022 sicut
936 1970 1031 2022 alii
1073 1970 1281 2034 turpia,
1306 1970 1384 2021 ita
1408 1968 1667 2034 plerique
1690 1968 1936 2020 honesta
1963 1979 2054 2018 se-

456 2047 795 2108 querentur.
851 2044 928 2093 At
949 2041 1049 2093 ubi
1074 2041 1378 2093 universos
1400 2053 1545 2104 pene
1568 2042 1756 2091 castus
1779 2037 2055 2101 iniquitas

455 2115 620 2178 quasi
645 2113 948 2177 conjurata
970 2111 1312 2176 possederit,
1329 2110 1485 2175 quod
1502 2110 1622 2161 suis
1633 2109 1913 2161 accidisse
1930 2114 2055 2156 tem-

456 2184 692 2249 poribus
720 2184 866 2236 Osee
896 2182 1177 2247 propheta
1198 2182 1473 2245 deplorat,
1506 2180 1708 2232 merito
1732 2180 1907 2230 etiam
1935 2183 2053 2230 tam

456 2254 718 2306 doctrina
733 2266 905 2316 quam
934 2264 1181 2303 censura
1202 2252 1471 2311 cessabit,
1490 2254 1556 2302 ut
1578 2249 1833 2301 eil‘usain
1848 2249 2055 2313 impios

456 2337 629 2390 paena
657 2324 951 2375 desmviat.
989 2325 1137 2386 Ergo
1173 2323 1283 2374 sub
1310 2321 1498 2387 specie
1521 2321 1806 2385 pmcepti,
1838 2321 1928 2373 vis
1965 2324 2057 2372 est

455 2406 732 2461 expressa
750 2393 972 2457 judicii.
995 2395 1373 2444 Verumtamen
1390 2393 1763 2457 unusquisque
1778 2407 1889 2441 non
1900 2391 2056 2456 judi-

456 2472 548 2527 cet,
588 2471 635 2514 et
676 2480 789 2514 non
817 2468 1088 2529 arguatur
1115 2465 1219 2528 rir,
1243 2464 1409 2523 idest,
1434 2476 1606 2515 nemo
1625 2462 1923 2527 judicabit,
1959 2475 2059 2513 ne-

458 2549 570 2601 que
593 2535 804 2600 aliquis
833 2541 1136 2602 urguetur:
1162 2535 1358 2588 hostili
1384 2536 1538 2588 enim
1562 2534 1753 2587 furore
1776 2533 2060 2586 vastanda

455 2622 539 2673 es,
582 2622 701 2661 non
745 2609 1006 2675 judicum
1047 2608 1439 2673 expungenda
1475 2608 1792 2660 sententiis.
1818 2606 2059 2672 Populus

455 2681 603 2731 enim
629 2686 754 2731 tuus
774 2683 910 2732 sicut
930 2682 989 2731 hi
1014 2682 1112 2745 qui
1133 2680 1510 2731 contradicunt
1538 2680 1817 2739 sacerdoti,
1845 2693 2059 2728 ecrrues

458 2760 534 2817 tu,
578 2759 787 2805 corruet
830 2755 993 2803 etiam
1033 2753 1293 2817 propheta
1324 2758 1512 2803 tecum.
1542 2753 1648 2804 Pro
1675 2750 1909 2815 judicio,
1939 2762 2058 2801 non

456 2838 559 2889 pro
585 2825 1012 2889 comparatione
1036 2824 1215 2886 istud,
1239 2824 1393 2887 sicut,
1423 2824 1704 2889 propheta
1737 2821 2054 2874 constituit.

457 2900 604 2962 Ergo
632 2896 776 2949 nihil
809 2908 1031 2949 novum
1070 2896 1129 2947 in
1155 2896 1375 2948 ultione
1399 2895 1738 2960 conspicies,
1777 2893 1879 2946 sed
1902 2892 2057 2957 quod

456 2969 766 3022 exercuisti
806 2968 866 3020 in
890 2967 1094 3032 culpis,
1124 2980 1501 3029 recognosces
1526 2967 1586 3018 in
1609 2966 1813 3033 poenis.
1842 2967 2060 3027 Populus

458 3039 670 3105 quippe
700 3044 839 3092 tuus
863 3039 1075 3091 restitit
1091 3038 1393 3099 sacerdoti,
1418 3039 1586 3101 idest,
1613 3050 1648 3089 a
1671 3049 1809 3089 vero
1836 3035 2064 3099 pontiﬁ-

2152 1822 2583 1894 intelligendum
2618 1827 2725 1889 est,
2763 1830 2829 1878 ut
2849 1839 2967 1879 non
2990 1832 3268 1892 putemus
3290 1828 3461 1880 illum
3485 1830 3757 1894 populum

2148 1892 2312 1943 idolis
2349 1898 2765 1962 mancipatum,
2803 1899 2922 1950 Deo
2948 1912 3101 1959 vero,
3137 1899 3224 1951 vel
3256 1892 3600 1953 hostiarum
3621 1902 3759 1953 obla-

2152 1963 2300 2014 tione
2324 1968 2597 2032 servisse,
2626 1982 2757 2020 cum
2780 1968 2911 2022 haec
2944 1970 3322 2035 potissimum
3353 1972 3538 2024 fuerit
3559 1985 3761 2024 amissa

2151 2035 2669 2109 consecrandorum
2694 2041 2750 2091 in
2770 2042 3005 2104 regione
3021 2042 3358 2102 vitulorum,
3390 2056 3472 2096 ne
3497 2044 3761 2109 perobla—

2152 2106 2369 2158 tionem
2392 2106 2710 2159 hostiarum
2737 2112 2988 2164 adeundi
3024 2113 3310 2177 templum
3333 2106 3517 2166 detur
3541 2115 3661 2167 illis
3684 2128 3764 2165 oc-

2153 2177 2326 2249 casio.
2347 2178 2623 2230 Geminus
2639 2192 2775 2244 ergo
2787 2181 3111 2236 intellectus
3122 2184 3297 2237 debet
3314 2187 3570 2249 assumi,
3597 2192 3660 2238 ut
3678 2188 3762 2238 vel

2156 2248 2263 2299 sub
2307 2250 2630 2303 conditione
2654 2250 2806 2303 illius
2831 2255 3083 2315 positum
3108 2257 3205 2318 sit,
3225 2269 3296 2308 ac
3315 2257 3365 2308 si
3392 2248 3725 2310 diceremus
3750 2277 3760 2305 :

2156 2319 2393 2394 Etiamsi
2428 2322 2729 2394 sacerdotii
2756 2327 2947 2386 partes
2978 2328 3237 2389 graviter
3259 2329 3764 2394 impleretis,nihil

2155 2391 2409 2463 profecto
2425 2392 2499 2443 ad
2522 2392 2915 2446 defensionem
2930 2400 3189 2447 vestram
3208 2391 3450 2463 valeret,
3468 2391 3625 2463 quos
3647 2414 3763 2453 mo-

2156 2473 2282 2512 rum
2301 2462 2524 2515 foeditas
2540 2466 2843 2527 arguebat:
2859 2466 2962 2518 sed
2978 2476 3412 2531 consequenter
3423 2462 3604 2525 etiam
3620 2479 3763 2523 amil-

2154 2534 2351 2586 teretis
2377 2535 2799 2597 superstitionis
2822 2543 3034 2590 vestrm
3076 2545 3332 2603 angusta
3372 2541 3593 2596 isthmc
3613 2551 3670 2597 et
3692 2546 3759 2596 ri-

2155 2603 2343 2675 denda
2376 2605 2599 2667 solatia,
2638 2606 2735 2669 qui
2774 2609 3112 2660 meritorum
3155 2610 3375 2662 auxilia
3407 2612 3756 2675 perdidistis.

2155 2673 2258 2748 γει
2282 2680 2453 2739 certe,
2479 2677 2614 2740 quia
2633 2682 2796 2729 erant
2818 2678 2877 2730 in
2908 2677 3050 2742 ipsis
3073 2681 3368 2733 Tribubus
3398 2673 3653 2748 sparsim
3667 2684 3759 2735 ha-

2155 2744 2404 2820 bitantes
2437 2754 2496 2799 et
2527 2748 2822 2814 propheta
2851 2755 2906 2801 et
2936 2749 3181 2815 legitimi
3204 2744 3565 2818 sacerddtes,
3590 2756 3756 2820 aliqui

2156 2817 2329 2870 etiam
2359 2819 2431 2872 de
2453 2820 2619 2885 plebe
2641 2821 2837 2873 eadem
2854 2822 3209 2874 munuscula
3222 2823 3428 2876 offerre
3443 2817 3754 2879 consueve-

2155 2895 2303 2949 rant,
2320 2896 2379 2943 et
2394 2904 2493 2955 per
2516 2892 2625 2944 hoc
2644 2892 3047 2957 impunitatem
3063 2894 3350 2947 scelerum
3372 2898 3753 2950 credebantse

2157 2973 2329 3025 posse
2374 2963 2669 3017 obtinere:
2706 2965 2794 3016 his
2839 2977 3071 3030 quoque
3117 2964 3354 3028 talibus,
3388 2971 3505 3021 sub
3531 2982 3755 3033 persona

2162 3032 2354 3096 populi
2384 3035 2768 3087 comminatur
2796 3036 2943 3102 [Ant.
2985 3037 3423 3103 comminatus],
3452 3032 3616 3103 quod
3638 3054 3753 3092 cum

459 3103 621 3174 catu,
667 3109 1055 3163 consectando
1087 3109 1264 3169 idola,
1321 3110 1628 3162 recessisti.
1658 3105 2063 3160 Contradixisli
2093 3164 2129 3174 Α
2162 3103 2388 3157 irruerit
2417 3111 2614 3171 aperta
2636 3108 2956 3173 captivitas,
2973 3108 3146 3160 etiam
3163 3107 3320 3159 illius
3344 3111 3756 3174 opinionisam-

456 3195 592 3247 ergo
609 3164 922 3245 sacerdoti,
948 3182 1047 3243 ait,
1072 3193 1207 3233 cum
1219 3164 1415 3234 sacras
1430 3180 1787 3234 ceremonias
1799 3178 2060 3244 repulisti
2084 3164 2133 3239 C
2162 3164 2474 3229 miniculis'
2492 3164 2782 3231 exuantur
2810 3192 2925 3243 qua
2946 3164 3022 3231 'se
3050 3192 3192 3245 erga
3211 3164 3557 3247 Dominum,
3587 3184 3677 3236 vel
3695 3197 3754 3235 ex

458 3267 592 3307 cum
639 3254 923 3307 salutares
967 3252 1244 3315 monitus,
1275 3256 1333 3305 et
1357 3258 1649 3317 praecepta
1682 3264 1871 3303 mores
1896 3251 2065 3303 infor-

457 3328 678 3381 mantia
722 3326 990 3392 respuisti
1020 3341 1032 3377 :
1072 3328 1127 3376 et
1154 3328 1215 3376 ut
1256 3325 1450 3391 impiis
1484 3326 1749 3388 ducibus,
1785 3323 1865 3375 ita
1887 3324 2062 3375 etiam

454 3399 705 3465 profanis
721 3398 950 3451 vatibus
976 3403 1030 3450 te
1047 3397 1354 3450 tradidisti.
1382 3397 1583 3449 Merito
1597 3396 1769 3460 igitur
1780 3399 2062 3458 utrosque

458 3470 744 3523 sententia
765 3482 923 3521 nunc
946 3469 1210 3521 immissa
1229 3468 1590 3531 involvet,ut
1614 3469 1673 3518 et
1697 3471 1761 3518 tu
1784 3478 1916 3517 cum
1942 3478 2064 3529 pro-

457 3541 645 3606 phetis
668 3540 803 3602 tuis,
828 3539 996 3602 idest,
1023 3539 1216 3590 ariolis
1242 3538 1589 3590 conlabaris.

521 3614 683 3663 Vers.
721 3610 772 3664 6.
815 3637 879 3647 —
917 3610 1080 3660 Nocte
1119 3617 1287 3660 tacere
1308 3609 1409 3671 feci
1430 3612 1659 3658 matrem
1682 3611 1851 3656 tuam.
1874 3604 2061 3656 Conti-

460 3683 569 3733 cuit
591 3681 821 3746 populus
856 3696 1023 3741 meus,
1057 3696 1115 3730 eo
1147 3680 1292 3745 quod
1322 3694 1431 3729 non
1459 3678 1705 3729 habuerit
1726 3676 2060 3727 sententiam.

465 3755 606 3813 Quia
629 3758 687 3801 tu
708 3753 989 3801 scientiam
1013 3752 1277 3816 repulisti,
1304 3751 1562 3813 repellam
1587 3757 1630 3800 te
1653 3756 1699 3800 et
1731 3765 1841 3813 ego,
1867 3764 1934 3797 ne
1970 3763 2063 3797 sa-

463 3824 694 3875 cerdotio
716 3822 978 3885 fungaris
1001 3823 1161 3882 mihi,
1187 3828 1232 3872 et
1266 3822 1429 3872 oblita
1460 3838 1512 3872 es
1536 3823 1661 3886 legis
1684 3822 1781 3872 Dei
1803 3820 1900 3881 tui,
1924 3820 2060 3870 obli-

463 3896 641 3944 viscar
661 3892 903 3957 filiorum
931 3898 1150 3943 tuorum
1173 3898 1218 3943 et
1250 3909 1360 3957 ego.
1392 3893 1613 3945 Idioma
1639 3894 2059 3958 Scripturarum

463 3971 554 4017 est
570 3964 895 4016 secundum
907 3965 1061 4028 quod
1078 3965 1408 4029 frequenter
1418 3965 1715 4029 admonui,
1732 3970 1797 4017 ut
1819 3967 2059 4027 quoniam

461 4037 535 4090 ad
550 4041 782 4102 gentem
802 4050 991 4090 sermo
1011 4038 1294 4104 dirigitur,
1315 4043 1437 4091 tum
1464 4038 1711 4103 proprio,
1738 4041 1863 4090 tum
1888 4053 2061 4098 paren-

465 4112 557 4171 tis,
605 4113 775 4175 cujus
803 4110 919 4162 filia
943 4110 1035 4175 sit,
1070 4111 1322 4174 nomine,
1362 4111 1623 4163 videatur
1656 4110 1964 4163 conveniri.
1993 4110 2062 4161 Et

462 4183 591 4236 ideo
615 4197 747 4235 cum
772 4182 1033 4240 dixisset,
1064 4197 1280 4231 corrues
1301 4176 1546 4242 hodie,'et
1568 4188 1775 4233 corruet
1797 4182 2060 4247 propheta

463 4261 670 4306 tecum:
713 4255 883 4314 idest,
923 4253 1261 4305 vastationis
1307 4256 1425 4306 tum
1463 4259 1695 4317 tempus
1725 4253 1979 4317 advenit,
2003 4256 2062 4304 et

464 4339 596 4391 quae
621 4326 754 4378 olim
781 4338 815 4377 a
837 4321 994 4392 4|7
1023 4317 1298 4377 discenda
1319 4326 1376 4377 et
1395 4325 1683 4388 loquenda
1694 4324 2062 4387 justitiades-

462 4399 649 4457 titisti,
673 4410 830 4449 nunc
852 4397 1026 4448 etiam
1051 4408 1085 4446 a
1108 4396 1338 4461 profana
1358 4409 1503 4447 voce
1518 4397 1793 4448 cessabis.
1812 4399 2061 4456 Subdidit,

465 4475 609 4519 nocte
632 4474 798 4519 tacere
821 4467 923 4531 feci
948 4472 1178 4517 matrem
1208 4473 1379 4519 tuam.
1412 4468 1476 4519 Id
1499 4472 1695 4521 autem
1718 4481 1836 4520 non
1863 4468 1944 4519 sic
1967 4480 2063 4519 ac-

2161 3248 2481 3310 intervallo,
2505 3251 2811 3303 muniﬁcas
2838 3251 3229 3303 mstimabant.

2223 3321 2388 3371 Vers.
2429 3320 2479 3374 7.
2526 3349 2586 3358 —
2630 3322 2937 3372 Secundum
2976 3322 3389 3374 multitudinem
3437 3340 3646 3389 eorum,
3693 3328 3757 3375 sic

2158 3397 2505 3455 peccaverunt
2526 3393 2671 3442 mihi
2684 3408 2695 3443 :
2718 3393 2951 3456 gloriam
2961 3409 3151 3443 eorum
3161 3395 3223 3444 in
3233 3396 3614 3459 ignominiam
3628 3413 3756 3447 eom-

2162 3462 2397 3513 mutabo.
2429 3465 2603 3525 Quasi
2627 3464 2823 3517 dedita
2834 3476 3006 3529 opera
3025 3464 3411 3531 impensoque
3424 3469 3755 3520 studioeon-

2164 3537 2250 3584 tra
2294 3534 2575 3587 beneficia
2622 3548 2748 3588 mea
2792 3536 3042 3600 populus
3083 3541 3303 3589 certare
3337 3541 3657 3604 proposuit,
3700 3544 3755 3590 ut

2162 3610 2378 3668 quanto
2426 3619 2532 3671 ego
2565 3606 2801 3660 fuissem
2824 3609 2883 3660 in
2909 3608 3206 3674 largiendo
3229 3609 3578 3669 afﬂuentior,
3608 3615 3753 3663 tanta

2160 3676 2251 3728 hic
2278 3677 2338 3728 in
2369 3677 2659 3730 abutendo
2686 3685 2984 3744 appareret
3012 3679 3286 3732 insanior.
3314 3681 3607 3745 Denique,
3635 3694 3748 3735 cum

2160 3747 2245 3798 ita
2271 3748 2574 3813 pignorum
2600 3752 2969 3804 successibus
2992 3764 3127 3803 eum
3151 3752 3751 3813 extulissem,utlatis-

2160 3819 2437 3872 simarum
2462 3823 2648 3884 spatia
2671 3826 2947 3875 terrarum
2971 3823 3345 3889 progrediens
3361 3823 3749 3889 cultorimple-

2159 3894 2246 3943 ret
2273 3907 2284 3938 :
2310 3892 2403 3944 hic
2438 3898 2601 3945 actus
2631 3906 2770 3945 suos
2794 3895 3165 3947 tendentibus
3189 3895 3352 3964 4|8
3382 3896 3447 3947 in
3469 3901 3749 3947 contume-

2157 3964 2293 4014 liam
2318 3976 2505 4016 meam
2527 3964 2855 4029 sceleribus,
2879 3969 3433 4031 equuabat.Prors
3444 3980 3517 4019 us
3528 3967 3748 4019 utvide-

2158 4035 2313 4086 retur
2336 4035 2536 4099 vereri,
2559 4048 2634 4088 ne
2656 4035 2820 4100 plura
2840 4043 3037 4090 essent
3061 4038 3256 4104 papuli
3280 4039 3569 4102 membra,
3593 4050 3746 4103 quam

2160 4105 2400 4157 scelera.
2432 4108 2577 4167 Ergo
2609 4107 2744 4171 quia
2775 4107 3016 4172 gloriam
3048 4123 3229 4162 suam-
3243 4110 3306 4162 in
3328 4110 3746 4162 multitudinem

2159 4181 2276 4229 tam
2302 4178 2611 4229 facinorum
2645 4191 2904 4243 posuere,
2942 4193 3119 4244 quam
3152 4181 3425 4241 militum,
3456 4180 3747 4245 ignominia

2160 4250 2506 4301 succedente
2527 4249 2683 4302 illam
2703 4252 2940 4303 mutabo
2965 4266 2976 4302 :
3002 4255 3068 4304 ut
3089 4253 3162 4304 ad
3180 4259 3509 4306 extremam
3534 4254 3747 4301 videlicet

2158 4321 2537 4387 paucitatem,
2563 4323 2838 4374 terumnis
2864 4326 3347 4377 consumentibus
3364 4364 3379 4389 ,
3406 4324 3745 4387 perducatur.

2224 4394 2385 4444 Vers.
2433 4390 2484 4447 8.
2520 4421 2579 4429 --—
2623 4394 2847 4443 Peccata
2884 4396 3078 4460 populi
3126 4398 3232 4445 mei
3277 4396 3575 4455 comedent,
3617 4401 3661 4444 et
3687 4393 3747 4441 ad

2162 4464 2510 4529 iniquitatem
2531 4480 2718 4514 eorum
2740 4465 3085 4517 sublevabunt
3105 4468 3348 4517 animas.
3363 4469 3511 4519 Cum
3525 4469 3743 4528 exproba-

463 4540 981 4615 cipiendum,qu_asi
1014 4552 1116 4615 per
1137 4539 1284 4615 diem
1310 4539 1469 4615 loqui
1499 4540 1839 4615 permiserit,
1863 4545 1920 4592 et
1944 4542 2060 4591 tan.
2081 4539 2140 4615 D
2168 4535 2347 4615 tione_
2368 4538 2554 4615 tetum
2594 4537 2941 4615 legendum_:
2976 4539 3032 4615 id
3057 4545 3148 4591 est
3164 4538 3635 4615 sacerdotes._vel
3657 4536 3743 4615 illi,

465 4616 589 4662 tum
612 4616 779 4664 nocte
801 4611 1058 4663 reticere.
1081 4610 1188 4662 Sed
1212 4612 1512 4663 cumulum
1528 4611 1956 4665 voluitindictee
1971 4615 2059 4663 ta-

464 4682 810 4733 citurnitatis
856 4682 1197 4745 exprimere,
1232 4687 1290 4734 et
1322 4682 1468 4744 ideo,
1494 4688 1560 4735 ut
1581 4683 1911 4736 ostenderet
1933 4695 2060 4734 eam

464 4753 848 4817 obmutuisse,
871 4752 1125 4804 irruente
1150 4753 1416 4816 pernicie,
1442 4754 1832 4806 noctisintulit
1850 4757 2064 4803 mentio-

463 4834 619 4885 nem,
661 4835 729 4873 ac
783 4824 831 4873 si
878 4823 1109 4887 diceret,
1162 4825 1251 4876 Sic
1283 4837 1409 4876 eam
1447 4826 1629 4878 effuso
1666 4839 1910 4878 maerore
1936 4838 2065 4877 con-

466 4893 729 4956 vestiam,
753 4894 904 4945 sicut
926 4907 1041 4945 nox
1068 4900 1251 4947 terras
1277 4898 1497 4961 operire
1510 4898 1830 4955 consuevit,
1848 4902 1913 4949 ut
1933 4900 2063 4947 sicut

464 4964 730 5027 generale
752 4965 808 5015 et
828 4978 1141 5018 commune
1165 4966 1463 5019 silentium
1494 4968 1751 5020 conditio
1774 4968 2058 5020 tenebrosi

465 5034 741 5097 temporis
766 5034 1081 5088 introducit
1102 5052 1114 5086 :
1141 5036 1221 5089 ita
1239 5038 1349 5088 ista
1367 5038 1535 5089 turba
1559 5038 1868 5096 seniorum,
1887 5051 2060 5101 quam

463 5110 708 5157 matrem
748 5111 907 5158 tuam
947 5108 1171 5173 vocavi,
1197 5121 1329 5171 quae
1363 5109 1530 5171 paulo
1553 5114 1688 5160 ante
1720 5109 2061 5173 profanitate

462 5176 693 5241 garrula
735 5179 1148 5242 perstrepebat,
1177 5179 1287 5229 sub
1329 5180 1498 5230 nocte
1530 5179 1753 5231 adversi
1789 5180 2064 5244 temporis

422 5266 435 5275 -
463 5248 832 5301 conticescet.
846 5251 981 5301 Post
991 5261 1130 5300 vero
1147 5248 1467 5301 secundum
1484 5249 1813 5303 institutum
1832 5253 2061 5301 ordinem

463 5318 564 5370 ubi
611 5322 825 5372 terrore
868 5319 1185 5384 personuit,
1225 5332 1494 5372 caussam
1528 5322 1931 5374 commotionis
1965 5323 2063 5375 ad-

526 5471 544 5490 ·
568 5461 782 5514 Eadem
817 5462 1002 5514 Editio
1039 5475 1139 5526 pro
1176 5465 1236 5512 tu
1264 5462 1437 5515 habet
1467 5464 1624 5513 hodie
1646 5478 1781 5517 cum
1817 5467 2062 5519 Hebraeo

462 5533 631 5585 mm.
674 5536 880 5586 Noster
915 5534 977 5586 in
1000 5547 1068 5587 ea
1107 5535 1315 5587 iterum
1338 5535 1582 5589 lectione
1605 5539 1839 5602 perstat,
1866 5538 1967 5589 sed
2001 5539 2062 5590 in

460 5603 875 5667 subsequentis
920 5606 1190 5659 versiculi
1222 5606 1600 5673 expositione,
1636 5622 1771 5661 cum
1796 5609 1964 5662 tertio
1987 5609 2064 5661 lo-

456 5685 589 5724 cum
612 5687 747 5726 eum
774 5677 998 5740 repetit,
1025 5683 1179 5730 recte
1200 5679 1435 5732 demum
1464 5680 1637 5732 habet
1669 5696 1881 5731 constes
1905 5681 2063 5733 hodie

456 5745 501 5788 et
517 5748 745 5793 corruet.
769 5750 878 5798 etc.

2164 4608 2263 4672 qui
2295 4606 2580 4660 idolorum
2603 4614 2766 4661 erant
2788 4610 3055 4672 ministri,
3081 4616 3140 4663 et
3161 4624 3263 4675 per
3284 4611 3400 4663 hoc
3425 4624 3492 4662 se
3518 4612 3631 4662 Deo
3654 4609 3747 4660 im-

2162 4679 2377 4731 molare
2407 4680 2691 4741 dicebant,
2720 4681 2807 4732 vel
2836 4682 3121 4746 principes
3136 4695 3271 4734 cum
3290 4681 3527 4747 populis
3543 4682 3635 4744 qui
3654 4689 3743 4728 stu-

2164 4752 2320 4803 dium
2366 4751 2583 4803 funesti
2613 4753 2818 4804 erroris
2845 4752 3175 4811 induerant,
3199 4754 3353 4805 inter
3379 4758 3606 4817 caetera,
3630 4763 3744 4815 quae

2162 4822 2465 4886 plectenda
2488 4823 2790 4887 faciebant,
2816 4826 3424 4889 usurpabantquoque
3442 4826 3675 4873 vocabula
3695 4837 3743 4869 ex

2160 4893 2306 4957 legis
2330 4894 2632 4945 traditione
2652 4894 2953 4946 venientia.
2981 4898 3125 4947 Nam
3151 4909 3322 4959 quorr
3336 4896 3450 4947 odo
3475 4891 3746 4945 circumci-

2163 4966 2384 5017 sionem
2432 4979 2499 5017 ac
2543 4966 2782 5018 sabbata
2816 4969 3128 5019 servabant
3151 4967 3514 5020 Samariticm
3541 4966 3743 5021 Tribus.

2162 5038 2432 5100 quamvis
2445 5036 2613 5089 idolis
2640 5038 2957 5090 servientes
2983 5053 2995 5089 :
3026 5039 3106 5090 ita
3130 5039 3302 5091 etiam
3328 5038 3525 5103 aliqua
3546 5039 3745 5087 instituta

2162 5107 2306 5173 legis
2357 5121 2677 5173 usurpasse
2717 5109 3071 5161 credendum
3110 5116 3201 5162 est
3232 5111 3393 5174 ipsos
3415 5109 3637 5161 ariolos.
3657 5108 3746 5156 Per

2162 5180 2583 5233 institutionem
2609 5181 2785 5246 igitur
2808 5181 2960 5233 beati
2988 5182 3169 5234 Mosis
3188 5182 3740 5233 diversmoblatloeum

2163 5252 2382 5316 species
2415 5257 2598 5314 erant,
2639 5254 2791 5305 inter
2827 5265 2971 5316 quas
2999 5260 3057 5305 et
3089 5254 3222 5317 ista,
3248 5265 3387 5317 quae
3412 5266 3514 5317 pro
3536 5253 3742 5316 peccato

2162 5325 2524 5377 oil'erebatur.
2572 5325 2655 5376 Ex
2699 5336 2814 5388 qua
2860 5329 3053 5376 tamen
3097 5325 3288 5389 adipis
3317 5325 3495 5376 certis
3517 5321 3741 5388 partibus

2161 5397 2295 5461 igne
2310 5396 2650 5459 consumtis,
2667 5395 2888 5460 reliqua
2907 5396 2965 5447 in
2992 5396 3189 5448 cibum
3206 5396 3576 5448 sacerdotum
3587 5403 3739 5444 mem-

2164 5469 2265 5518 bra
2282 5466 2583 5518 cedebant.
2606 5469 2673 5518 Et
2692 5467 2826 5531 quia
2840 5466 2935 5517 his
2948 5467 3155 5518 ritibus
3170 5467 3597 5532 propiciabatur
3619 5467 3735 5515 Deus

2162 5538 2460 5603 pontifices
2492 5542 2725 5602 peccata
2749 5537 2962 5601 populi,
2980 5551 3081 5600 pro
3099 5538 3316 5602 quibus
3328 5538 3588 5597 orabant,
3602 5537 3733 5589 edere.

2161 5610 2217 5661 id
2242 5614 2353 5673 est,
2378 5610 2686 5661 absumere
2708 5609 3081 5661 dicebantur:
3108 5610 3443 5662 secundum
3466 5620 3627 5674 quem
3645 5615 3735 5656 mo-

2162 5680 2319 5739 dum,
2349 5679 2528 5740 arioli.
2552 5685 2621 5736 ut
2644 5681 2938 5737 variorum
2973 5680 3322 5735 delictorum
3346 5679 3730 5747 impunitatem.

522 5826 541 5852 "
581 5828 839 5891 Negandi
872 5833 1226 5903 particulam,
1264 5850 1395 5900 quae
1420 5839 1549 5892 heic
1582 5852 1877 5905 perperam
1903 5842 2284 5908 repetebatur,
2308 5841 2669 5897 induximus.
