3880 6222
184 330 296 389 985

1026 340 1099 390 ΙΝ
1133 339 1372 392 OSEAM
1406 341 1989 393 COMMENTARIUS.
2028 341 2235 391 LIBER
2268 341 2649 396 SECUNDUS.

3379 344 3486 402 986

182 458 289 511 per
310 445 455 527 lucri
469 446 1384 527 suiemolumentapromitterent,
1417 451 1702 527 dicebant,
1730 465 1791 503 se
1815 454 2013 527 Aeam
2043 452 2381 505 temulentia
2403 454 2741 527 conciliaret,
2767 457 2824 508 et
2849 457 3118 521 crapula:
3148 460 3322 520 atque
3356 456 3489 509 ideo

185 518 385 591 populi
402 523 637 591 peccata
648 532 1003 573 consumere.
1041 523 1162 573 Hoc
1182 536 1318 587 ergo
1342 535 1442 587 per
1453 522 1788 588 prophetam
1815 518 1871 527 ”
1889 524 2147 576 dicentes
2165 537 2225 576 se
2248 536 2378 576 esse
2401 524 2709 591 sapientes,
2730 518 2895 579 stulti
2914 518 3045 580 facti
3067 518 3404 589 suntfadeo,
3424 530 3488 578 ut

181 601 346 640 nunc
361 589 535 650 Deus,
553 590 664 641 sub
682 602 824 642 voce
838 595 897 643 et
911 591 1077 643 vultu
1092 592 1520 655 indignationis,
1543 597 1758 655 exagitat
1777 609 1789 643 :

183 671 257 711 ac
288 660 339 710 si
362 659 599 712 diceret.
624 662 710 713 En
732 673 865 725 qua
892 663 1165 728 prodigia,
1198 664 1405 715 famam
1423 677 1541 715 non
1563 665 1634 716 de
1658 663 1791 716 ullis

185 742 451 794 unquam
482 731 738 795 pulchris
772 733 1137 799 facinoribus,
1178 736 1280 787 sed
1305 735 1376 787 de
1403 735 1540 786 solis
1559 735 1790 800 ﬂagitiis

184 814 258 853 ex
265 803 538 865 petentia,
550 804 885 857 reverenda
897 805 1041 869 legis
1063 806 1331 859 instituta
1355 808 1466 858 sub
1481 808 1789 859 verborum

184 875 567 938 usurpatione
595 878 968 941 temerarunt,
992 883 1059 929 ut
1082 878 1500 942 promitterent,
1523 878 1791 931 videlicet.

182 944 586 998 circumvento
609 946 834 1011 populo,
860 948 1128 1011 quoniam
1160 950 1208 1000 si
1233 961 1331 1012 per
1355 961 1567 1001 manus
1589 962 1789 1001 eorum

182 1016 412 1068 hostias
455 1016 821 1079 obtulissent,
871 1019 1068 1071 statim
1101 1020 1306 1072 ﬂerent
1339 1021 1696 1081 innocentes,
1734 1026 1792 1072 et

181 1095 682 1151 consequerentur
711 1088 1130 1153 indulgentiam
1162 1093 1547 1155 peccatorum.
1585 1091 1789 1156 Sicque

180 1157 550 1220 sublevabant,
563 1158 730 1221 idest,
744 1159 1213 1225 consolabantur,
1233 1166 1290 1214 et
1316 1162 1614 1226 superbire
1634 1164 1786 1213 facis-

182 1229 331 1281 bant
357 1241 590 1281 reorum
634 1231 878 1293 animas,
916 1231 973 1282 in
1014 1232 1225 1296 quibus
1259 1233 1403 1285 nihil
1427 1233 1694 1286 sinebant
1717 1233 1789 1286 de

180 1301 634 1366 compunctione
656 1301 922 1354 residere.

247 1373 404 1436 Ergo
428 1372 563 1435 quia
583 1385 689 1424 nec
711 1373 985 1438 magister
1007 1374 1182 1438 loqui,
1200 1368 1313 1427 hec
1335 1376 1653 1442 discipulus
1686 1390 1790 1429 au-

181 1442 312 1494 dire
332 1443 391 1495 id
427 1444 581 1507 quod
614 1443 689 1495 ad
714 1446 957 1497 salutem
986 1446 1210 1509 attinet,
1256 1454 1662 1512 assueverunt,
1688 1447 1788 1500 sed

182 1518 473 1578 utrosque
495 1514 680 1580 culpa,
707 1527 840 1579 quae
868 1516 1085 1580 polluit,
1103 1520 1452 1582 exaequavit,
1473 1520 1677 1571 merito
1688 1532 1789 1571 eos

181 1586 362 1637 etiam
388 1587 675 1637 sententia
699 1592 945 1650 sequuta
967 1594 1272 1653 componet
1293 1594 1359 1643 ut
1385 1591 1631 1643 fructum
1650 1604 1788 1655 ope-

181 1671 319 1709 rum
341 1671 581 1710 suorum
598 1660 723 1711 sine
744 1659 945 1713 fraude
972 1662 1307 1727 suscipiant,
1332 1668 1389 1715 et
1408 1675 1583 1715 unam
1613 1664 1788 1716 inter-

182 1730 483 1781 necionem
510 1731 779 1783 sacerdos
802 1744 870 1784 ac
898 1732 1146 1797 populus
1172 1736 1440 1798 patiatur.
1473 1736 1788 1788 Possumus

179 1806 383 1854 autem
406 1800 467 1853 in
490 1802 600 1853 hoc
622 1803 749 1854 loco
770 1803 1082 1856 faciliorem
1115 1805 1473 1859 intellectum
1496 1821 1708 1870 creare,
1736 1810 1783 1861 si

181 1885 489 1938 personam
511 1873 682 1927 Judm
698 1887 944 1939 quoque,
968 1890 1139 1941 quem
1156 1883 1285 1943 post
1304 1878 1599 1943 paululum
1617 1883 1785 1930 nomi-

180 1950 309 2016 nat,
334 1944 666 1998 inferamus.
693 1949 766 2000 Ut
790 1949 1064 2011 quoniam
1089 1954 1148 2001 et
1179 1950 1365 2015 ipsam
1383 1952 1639 2016 Tribum,
1656 1952 1789 2005 licet

181 2015 384 2066 minus
407 2015 598 2068 adhuc
627 2029 803 2075 ream,
829 2031 946 2071 non
969 2024 1163 2072 tamen
1186 2022 1343 2073 omni
1369 2036 1439 2073 ex
1463 2028 1623 2086 parte
1653 2036 1788 2087 pur-

181 2091 402 2151 gatam,
420 2087 568 2139 seria
582 2088 969 2142 admonitione
984 2092 1247 2156 castigat,
1266 2092 1403 2143 illud
1421 2106 1651 2157 quoque
1662 2097 1786 2158 jam,

180 2158 341 2222 quod
363 2158 698 2211 sacerdotes
723 2160 946 2213 oblatas
966 2175 1068 2225 pro
1093 2164 1343 2226 peccatis
1363 2163 1584 2216 hostias
1607 2178 1789 2216 come-

179 2229 351 2294 dunt,
375 2229 640 2283 intulisse
675 2230 958 2296 videatur,
982 2232 1199 2296 fiatque
1224 2247 1438 2287 sensus
1462 2235 1744 2296 ejusmodi
1771 2250 1784 2285 :

182 2300 297 2353 Sed
319 2301 459 2364 quid
486 2301 715 2360 mirum,
744 2304 928 2355 tribus
952 2316 987 2355 a
1010 2304 1113 2357 Dei
1136 2304 1295 2357 cultu
1326 2310 1384 2358 et
1410 2308 1610 2359 timore
1632 2318 1787 2357 rece-

177 2371 387 2424 dentes
407 2377 582 2437 atque
607 2372 862 2426 colendis
882 2374 1052 2427 idolis
1074 2376 1451 2441 mancipatas,
1476 2378 1653 2429 variis
1665 2389 1787 2429 sor-

177 2443 321 2495 dere
354 2443 711 2505 criminibus,
751 2457 883 2497 cum
922 2446 1094 2497 etiam
1130 2446 1225 2497 illa
1257 2459 1387 2510 pars
1412 2448 1625 2513 populi,
1652 2460 1785 2512 qua)

181 2514 421 2566 videtur
442 2515 782 2567 cerimonias
797 2516 986 2568 adhuc
1000 2518 1278 2580 mysticas
1302 2520 1610 2582 continere,
1626 2520 1785 2569 simili

177 2600 373 2641 errore
390 2587 735 2651 lymphetur,
758 2590 815 2639 et
837 2588 1089 2652 corrupti
1115 2589 1441 2641 sacerdotes
1464 2594 1785 2651 peccantibus

177 2659 575 2721 blandiantur,
623 2659 775 2722 quod
822 2661 925 2719 eis,
969 2659 1255 2723 videlicet,
1302 2673 1401 2724 per
1434 2661 1784 2714 oblationem

174 2730 526 2793 hostiarum,
551 2742 696 2794 quas
711 2730 821 2794 ipsi
832 2730 1132 2794 devorant,
1152 2731 1449 2795 contingat
1467 2735 1745 2792 impunitas
1760 2737 1783 2781 ?

177 2800 858 2866 Sublevabantigiturhis
871 2801 1385 2862 consolationibus,
1399 2802 1642 2862 animos,
1657 2818 1785 2863 quos

178 2872 503 2925 facinerum
514 2872 863 2924 conscientia
881 2872 1235 2936 deprimebat
1254 2886 1265 2923 :
1280 2876 1337 2924 et
1349 2872 1503 2936 quod
1521 2873 1786 2925 sacerdo-

181 2950 273 2995 tes
295 2942 795 3008 impudentissime
816 2942 1251 3007 pollicebantur,
1276 2943 1387 2994 hoc
1407 2943 1787 2996 libentissime

180 3013 435 3080 populus
480 3013 780 3065 audiebat:
808 3012 939 3065 ideo
978 3018 1036 3065 et
1058 3014 1117 3065 in
1144 3018 1400 3077 tempore
1424 3014 1784 3080 calamitatis,

180 3084 345 3138 nulla
358 3085 513 3137 inter
526 3084 581 3151 4
597 3083 616 3152 Ι
630 3081 684 3153 9
701 3085 928 3150 plebem
938 3085 1065 3142 erit.
1081 3086 1519 3149 sacerdotesque
1531 3089 1782 3151 discretio,

181 3155 403 3251 δεξειΞὶ
420 3156 694 3251 vixernunt
710 3157 1053 3251 pronusque,
1080 3156 1275 3209 viliter
1290 3157 1465 3240 etiam
1480 3160 1784 3251 interibunt:
1812 3178 1861 3251 Ο

245 3230 408 3279 Vers.
439 3227 489 3281 9.
535 3227 621 3282 10.
669 3255 728 3264 -
771 3227 1003 3277 Visitabo
1040 3243 1202 3293 super
1237 3244 1361 3278 eum
1410 3230 1527 3279 vias
1566 3228 1698 3293 ejus,
1738 3234 1784 3278 et

178 3299 530 3362 cogitationes
553 3298 666 3363 ejus
687 3298 917 3348 reddam
941 3299 1007 3350 ei.
1029 3299 1331 3361 Comedent,
1354 3306 1400 3350 et
1424 3315 1537 3349 non
1565 3306 1786 3350 satura-

178 3369 421 3419 buntur:
472 3370 735 3431 fornicati
775 3375 921 3431 sunt,
982 3376 1028 3419 et
1082 3386 1195 3421 non
1238 3377 1589 3423 cessaverunt.
1641 3375 1783 3425 Cum

178 3440 392 3503 inquit,
442 3441 681 3503 cmperit
728 3453 791 3493 se
831 3453 1097 3494 exercere
1126 3442 1364 3495 ultionis
1401 3456 1665 3504 censura,
1691 3444 1784 3497 hie

177 3523 476 3563 mensurae
515 3511 794 3570 dolorum,
831 3524 976 3575 quas
1014 3512 1123 3578 ipsi
1154 3513 1214 3565 in
1240 3514 1487 3579 peccatis
1512 3514 1781 3578 fecerant,

177 3581 592 3645 implebuntur,
607 3583 1119 3646 utexperianturin
1138 3585 1445 3650 suppliciis,
1460 3587 1613 3649 quod
1625 3588 1685 3639 in
1696 3590 1788 3636 de-

178 3651 409 3704 sideriis
425 3656 840 3716 perpelrarunt,
864 3654 1127 3707 fornicati
1146 3661 1286 3708 sunt
1308 3657 1536 3723 quippe,
1563 3658 1653 3709 vel
1668 3661 1787 3707 obs-

178 3724 501 3783 cmnitates,
514 3723 607 3775 vel
620 3724 993 3788 profanitates
1006 3727 1317 3788 sequendo,
1333 3743 1426 3777 nec
1436 3744 1520 3778 eos
1531 3734 1785 3790 usurpatae

181 3793 388 3858 puduit
405 3794 697 3856 foeditatis,
709 3794 882 3859 utqui
899 3794 969 3846 de
979 3796 1155 3859 prima
1173 3798 1419 3851 statione
1442 3800 1783 3863 deciderant,

185 3865 393 3925 saltem
404 3865 476 3917 de
493 3866 765 3917 secundis
780 3866 1051 3919 remediis
1077 3869 1412 3933 cogitarent,
1427 3875 1482 3922 et
1499 3871 1652 3935 quod
1668 3884 1785 3923 non

183 3937 457 3988 decuerat
498 3938 828 4001 contigisse,
875 3937 966 3989 vel
1022 3938 1383 4003 frequentare
1438 3942 1786 4004 desinerent,

181 4008 384 4070 sicque
408 4007 729 4060 imitaretur
750 4009 1164 4061 abstinentiam
1186 4012 1393 4063 erroris
1417 4013 1651 4064 admota
1663 4026 1787 4065 ces-

181 4078 349 4130 satio.
382 4078 490 4131 Sed
518 4092 653 4131 cum
676 4079 937 4132 fornicati
962 4086 1180 4145 essent,
1228 4095 1345 4134 non
1388 4090 1785 4135 cessaverunt.

182 4151 332 4212 Ergo
375 4150 530 4213 quod
576 4156 960 4203 exercuerunt
1001 4152 1060 4203 in
1105 4152 1288 4215 viciis,
1334 4154 1703 4216 experiantur
1730 4155 1788 4205 in

180 4221 392 4286 panis,
418 4224 485 4271 ut
506 4221 812 4274 comedent
834 4226 893 4274 et
923 4234 1042 4273 non
1071 4225 1416 4285 saturentur,
1443 4224 1792 4288 impleantur

181 4291 455 4343 videlicet
497 4292 923 4351 afflictionibus,
989 4292 1089 4344 sed
1134 4293 1211 4343 ita
1254 4306 1352 4345 eas
1399 4293 1629 4346 haurire
1672 4308 1788 4346 non

182 4366 436 4423 cessent,
460 4366 523 4413 ut
544 4363 788 4414 esuriem
807 4363 1102 4427 quandam
1126 4363 1268 4415 ferre
1282 4364 1602 4417 videantur.
1621 4369 1790 4427 Neque

181 4433 338 4487 enim
356 4445 490 4485 cum
508 4433 937 4486 fornicationem
959 4434 1145 4495 audis,
1164 4436 1601 4500 usurpationem
1620 4440 1787 4486 modi-

182 4517 313 4558 cam
332 4505 641 4569 corporalis
670 4505 823 4557 iliius
847 4505 1163 4569 voluptatis
1178 4507 1495 4565 existimes,
1516 4508 1617 4559 sed
1639 4513 1786 4571 sacri,

184 4576 393 4638 inquit,
421 4575 653 4628 fcederis
677 4582 846 4641 pacta
876 4575 1175 4638 violantes,
1202 4580 1657 4643 omnipotentem
1669 4581 1785 4631 Do-

183 4648 408 4699 minum
430 4648 491 4699 in
515 4648 684 4711 cujus
695 4649 1046 4700 consortium
1071 4649 1271 4702 adsciti
1290 4650 1787 4714 fuerant,relique-

186 4722 336 4770 runt.
364 4720 434 4769 Et
460 4718 589 4770 ideo
625 4718 1019 4780 intelligentiae
1064 4719 1191 4772 lube
1236 4722 1443 4785 privati
1491 4727 1643 4779 sunt,
1672 4735 1788 4773 non

185 4790 620 4842 considerantes
643 4794 777 4856 post
791 4802 923 4854 quae
938 4792 1228 4855 religionis
1249 4793 1516 4857 insignia,
1529 4792 1601 4845 ad
1612 4795 1788 4854 quales

185 4863 582 4913 essentsortes
606 4862 823 4913 rituum
846 4860 1123 4921 devoluti,
1147 4876 1277 4926 qum
1304 4864 1549 4927 profecto
1570 4864 1789 4929 opinio-

185 4945 330 4984 num
357 4933 618 4997 stultitia,
644 4933 1083 4997 nequaquamin
1107 4936 1331 4987 animos
1356 4935 1645 5000 irreperet,
1678 4934 1790 4986 nisi

1811 4606 1869 4678 D

1889 595 2295 660 prophetarum
2330 608 2546 646 munus
2571 608 2605 647 a
2633 597 2805 660 lignis
2828 599 3001 650 aridis
3028 598 3405 662 postularent,
3429 603 3489 650 et

1888 678 2020 730 qua
2060 671 2258 718 essent
2296 666 2487 718 futura
2526 668 2856 732 unicuique,
2891 671 3126 722 baculus
3152 670 3434 722 indicaret
3470 687 3482 719 :

1890 750 2062 801 quam
2122 736 2476 801 profanitatis
2529 739 2775 802 speciem
2834 743 3012 794 (ΞΡωοὶ
3054 740 3485 793 rabdomanlias

1888 808 2193 873 appellant.
2219 809 2461 872 Spiritus
2476 820 2611 871 ergo
2637 810 3215 877 profanitatis,quem,
3240 811 3484 864 fornica-

1891 880 2103 932 tionem
2138 885 2359 942 vocant,
2407 880 2632 943 decepit
2676 894 2794 938 eos,
2828 887 2891 932 ut
2930 882 3289 935 discederent
3310 894 3344 934 a
3365 882 3485 934 Deo

1890 964 2044 1013 vero,
2070 956 2127 1003 et
2149 951 2368 1012 multis,
2402 951 2694 1015 variisque
2721 951 3104 1015 daemonibus,
3127 955 3187 1005 in
3219 966 3316 1005 ore
3345 964 3484 1004 sane

1888 1026 1946 1074 et
1969 1022 2153 1074 fronte
2165 1021 2628 1086 adulterantium,
2654 1022 3053 1075 miscerentur.

1951 1096 2114 1145 Vers.
2151 1093 2236 1149 ‘13.
2264 1122 2326 1130 —
2349 1094 2523 1157 Super
2563 1095 2746 1158 capita
2794 1094 3067 1143 montium
3090 1094 3486 1156 sacriﬁcabant,

1888 1170 1933 1214 et
1955 1180 2117 1230 super
2129 1166 2279 1215 colles
2294 1165 2647 1215 accendebant
2668 1166 2981 1230 thymiama
3002 1179 3014 1215 :
3033 1163 3214 1213 subtus
3230 1180 3487 1228 quercum

1889 1243 1934 1286 et
1957 1237 2225 1302 populum
2240 1242 2285 1287 et
2300 1236 2536 1287 therebin
2547 1242 2680 1297 tum,
2706 1238 2841 1300 quia
2862 1237 3003 1286 bona
3026 1242 3139 1286 erat
3160 1236 3354 1285 umbra
3377 1237 3493 1299 ejus-

1890 1311 2017 1360 Non
2039 1322 2175 1370 uno,
2202 1310 2407 1373 inquit,
2437 1308 2608 1360 modo
2631 1321 2854 1360 errasse
2880 1309 3153 1371 contenti,
3172 1307 3271 1371 qui
3296 1306 3493 1358 divina

1887 1379 2152 1433 instituta
2175 1384 2620 1435 contemserunt,
2634 1385 2962 1431 commenta
2974 1379 3144 1431 anilia
3156 1380 3494 1440 sectabantur,

1889 1456 2081 1503 utnon
2106 1451 2293 1507 solum
2319 1450 2537 1502 baculis
2555 1450 2610 1501 in
2630 1451 2887 1502 fraudem
2905 1450 3160 1513 aliquam
3175 1448 3485 1513 lmvigatis,

1890 1522 1991 1575 sed
2004 1522 2124 1585 jam
2148 1521 2423 1573 colliculis
2445 1520 2615 1585 paulo
2631 1522 3122 1585 eminentioribus,
3138 1526 3242 1573 aut
3263 1518 3486 1572 umbris

1886 1595 2154 1645 arborum
2173 1592 2342 1657 paulo
2366 1592 2728 1657 densioribus
2747 1597 3133 1655 moverentur,
3156 1594 3212 1643 et
3225 1595 3488 1641 crederent

1887 1664 2000 1716 illic
2010 1655 2326 1716 divinitatis
2338 1655 2468 1716 esse
2491 1662 2822 1726 plurimum,
2838 1664 2936 1715 ubi
2951 1663 3166 1727 aliquid
3183 1663 3488 1715 ammnita—

1889 1736 1963 1788 tis
1980 1736 2281 1788 vidissent.
2299 1735 2700 1788 Sacrificabant
2715 1736 2906 1798 itaque
2919 1736 2981 1787 in
3000 1734 3308 1787 verticibus
3321 1745 3488 1785 mon-

1890 1808 2055 1870 tium,
2091 1805 2267 1874 420
2306 1806 2459 1870 quod
2483 1807 2724 1859 historia
2742 1808 3065 1871 frequenter
3080 1809 3335 1872 accusat,
3353 1817 3487 1858 cum

1888 1878 2025 1930 dicit
2047 1879 2119 1931 de
2152 1880 2404 1943 regibus,
2452 1880 2610 1931 Fecit
2640 1879 2749 1931 hoc
2794 1884 2896 1931 aut
2932 1878 3089 1940 illud,
3114 1883 3486 1927 verumtamen

1883 1950 2087 1999 excelsa
2110 1964 2222 2005 non
2255 1949 2489 2011 abstulit,
2516 1951 2606 1998 sed
2619 1950 2802 2000 adhuc
2828 1948 3142 1999 immolabat
3170 1948 3403 2013 populus
3422 1947 3483 1995 in

1886 2022 2129 2072 excelsis:
2155 2021 2248 2073 hic
2266 2026 2460 2073 autem
2484 2021 2697 2085 adjicit,
2725 2021 2876 2085 quod
2897 2025 2954 2072 et
2979 2021 3185 2072 subtus
3207 2030 3485 2082 quercum

1886 2097 1943 2144 et
1958 2091 2233 2157 populum
2245 2092 2494 2143 adoleret
2512 2094 2809 2142 incensum
2820 2131 2833 2155 ,
2849 2104 3234 2155 caussamque
3246 2090 3487 2142 admira-

1886 2163 2061 2214 tionis
2087 2176 2399 2227 exponens,
2425 2165 2671 2213 subdidit.
2696 2163 2835 2221 Quia
2859 2161 2999 2212 bona
3013 2172 3124 2211 erat
3142 2161 3337 2210 umbra
3351 2161 3483 2225 ejus.

1887 2233 2277 2298 Repudiantes
2291 2233 2433 2284 lucis
2446 2237 2504 2285 et
2530 2233 2763 2284 luminis
2787 2233 3160 2293 conditorem,
3174 2245 3308 2284 vere
3320 2234 3485 2296 quasi

1886 2301 1985 2354 filii
2010 2304 2397 2366 tenebrarum,
2421 2304 2675 2355 nemoris
2698 2304 3085 2368 capiebantur,
3112 2303 3484 2355 umbraculis.

1885 2374 2204 2426 Audiamus
2215 2387 2352 2439 ergo
2365 2375 2501 2438 quid
2516 2386 2813 2438 pcenarum
2829 2374 3082 2426 amentia
3093 2374 3207 2425 ista
3217 2380 3485 2424 mereatur.

1947 2448 2111 2497 Vers.
2160 2444 2242 2499 14.
2291 2473 2351 2482 ——
2396 2446 2516 2494 Ideo
2573 2444 2996 2509 fornicabuntur
3036 2446 3164 2508 ﬁlia
3207 2450 3400 2509 vestrae,
3443 2451 3491 2494 et

1884 2531 2089 2580 sponsae
2105 2515 2544 2565 vestraeadullerm
2565 2521 2725 2565 erunt
2760 2516 2886 2566 Non
2913 2517 3137 2566 visitabo
3157 2531 3317 2582 super
3341 2516 3488 2581 ﬁlias

1883 2593 2099 2650 vestras,
2115 2603 2239 2638 cum
2254 2588 2466 2651 fuerint
2484 2587 2766 2650 fornicata
2793 2593 2839 2637 et
2862 2603 3023 2653 super
3034 2602 3261 2650 sponsas
3275 2592 3486 2649 vestras,

1884 2674 2007 2709 cum
2024 2657 2461 2708 adutteraverint.
2477 2659 2881 2718 Commisistis,
2895 2659 3087 2721 inquit
3099 2658 3304 2723 turpia,
3319 2674 3411 2709 nec
3426 2661 3488 2707 sb

1884 2742 2053 2795 opere
2065 2729 2392 2787 destitistis,
2406 2729 2530 2779 utsi
2546 2741 2777 2782 noneos
2792 2730 3388 2794 quosinnocentes,vel
3401 2744 3488 2778 eos

1886 2800 2107 2857 saltem,
2125 2812 2272 2863 quos
2285 2799 2364 2852 rei
2376 2799 2564 2850 solent
2579 2799 2866 2850 sentiretis
2876 2799 3134 2857 affectus,
3152 2801 3202 2847 id
3215 2805 3305 2859 est,
3323 2805 3377 2848 ut
3394 2801 3487 2847 ho-

1882 2872 2034 2924 nesti
2048 2871 2349 2923 violatores
2360 2870 2601 2935 puderet
2614 2869 2871 2931 admissi,
2886 2870 2989 2922 sed
3000 2869 3060 2920 in
3070 2872 3305 2931 operibus
3317 2872 3484 2919 noxiis

1885 2942 2271 2995 conﬂrmastis
2282 2954 2350 2991 au
2358 2940 2671 3003 daciam,eo
2684 2954 2871 3005 usque
2889 2945 3332 3005 sectantes,qum
3344 2948 3485 2990 erant

1884 3016 2251 3079 probrosa,ut
2262 3012 2523 3079 stipitum
2536 3023 2925 3075 saxorumque
2934 3012 3173 3064 umbras
3187 3013 3484 3073 praeferretis

1885 3084 2301 3137 elementorum
2315 3083 2572 3135 omnium
2584 3084 2839 3135 creatori.
2854 3086 3015 3135 Hanc
3032 3083 3204 3147 igitur
3226 3082 3484 3147 impieta-

1887 3161 1999 3208 tem
2028 3155 2369 3207 calamitatis
2393 3154 2613 3207 ultimaa
2630 3154 2944 3220 dispungat
2958 3155 3155 3215 illatio,
3172 3154 3328 3206 itaut
3342 3154 3487 3206 miro

1884 3238 2092 3288 genere
2118 3225 2389 3278 vindicta
2415 3225 2488 3277 ad
2512 3225 2813 3288 culparum
2839 3224 3292 3287 similitudinem,
3316 3235 3489 3289 poena

1884 3298 2161 3349 formetur
2186 3315 2197 3346 :
2243 3309 2428 3361 eoque
2453 3296 2528 3348 sit
2551 3296 2828 3355 acerbior,
2862 3296 3017 3361 quod
3042 3309 3159 3348 non
3196 3296 3364 3347 fuerit
3385 3308 3489 3347 ex-

1886 3373 2047 3432 perta
2074 3380 2347 3419 censura:
2376 3367 2575 3419 libidni
2591 3367 2878 3431 siquidem
2896 3368 3485 3429 vincentium,epousee

1888 3443 2100 3491 vestrm
2112 3451 2179 3490 ac
2190 3437 2322 3490 tiliae
2338 3438 2746 3501 subjacebunt:
2761 3450 2867 3489 nec
2879 3438 3032 3499 apud
3050 3438 3275 3501 aliquos
3290 3440 3492 3486 iudices

1886 3512 2055 3563 istam
2073 3510 2467 3575 ignominiam,
2488 3510 2581 3560 vel
2603 3509 2796 3560 mariti
2811 3513 3077 3572 arguent,
3096 3510 3186 3561 vel
3202 3513 3492 3573 parentes.

1885 3584 2172 3635 Caeterum
2183 3583 2368 3634 totum
2382 3582 2660 3646 ﬂagitium
2673 3593 2777 3632 con
2786 3586 3046 3633 sumetur
3056 3581 3112 3632 in
3126 3582 3421 3639 dedecus,ut
3432 3581 3494 3627 de

1886 3666 1953 3705 eo
1972 3653 2221 3717 supersit
2247 3652 2388 3705 nihil
2404 3651 2477 3704 ad
2502 3656 2741 3704 reatum.
2767 3652 2942 3713 Quasi
2966 3656 3133 3703 acute
3147 3664 3299 3715 ergo,
3315 3656 3495 3711 negata

1887 3725 2086 3790 ﬂagitii
2109 3725 2527 3790 objurgatione,
2553 3724 2854 3787 conclusit,
2887 3723 3029 3775 nihil
3062 3736 3192 3774 esse
3211 3722 3492 3781 acerbius,

1887 3809 2061 3861 quam
2084 3799 2195 3850 sub
2206 3796 2534 3849 conditione
2559 3796 2857 3849 servitutis
2872 3794 3157 3859 ejusmodi
3193 3795 3493 3855 constitisse,

1887 3869 1947 3920 in
1970 3881 2087 3933 qua
2118 3873 2376 3921 extrema
2390 3867 2887 3920 necessitudinum
2905 3866 3121 3931 ﬂagitia
3148 3866 3343 3917 videre
3364 3875 3495 3929 per-

1888 3952 2012 4001 gas,
2028 3952 2298 3991 accusare
2326 3951 2443 3990 non
2466 3939 2702 3990 audeas.
2723 3941 2889 4003 Ergo,
2913 3951 3044 3990 cum
3059 3938 3169 3990 hoc
3193 3949 3325 3990 esse
3342 3938 3492 3985 mise-

1888 4011 2100 4062 riarum
2116 4010 2389 4061 ultimum
2405 4009 2790 4073 praevidisset,
2807 4009 3021 4073 quippe
3044 4009 3218 4072 quod,
3244 4007 3499 4070 nisicap-

1893 4081 2089 4131 tivitas
2122 4093 2241 4131 non
2276 4083 2475 4141 posset
2509 4078 2737 4139 inferre,
2778 4079 2989 4129 statim
3015 4091 3281 4131 caussam
3318 4082 3496 4130 tantm

1889 4149 2315 4211 commotionis,
2363 4148 2795 4212 praemissorum
2841 4148 3181 4210 repetitione
3231 4148 3495 4211 subjecit.

1890 4221 2165 4280 Quoniam
2196 4220 2322 4282 ipsi,
2365 4233 2488 4267 cum
2512 4217 2880 4267 meretricibus
2905 4218 3278 4276 versabantur,
3300 4223 3344 4267 et
3374 4234 3498 4268 cum

1888 4292 2233 4355 effaminatis
2258 4288 2657 4350 sacriﬁcabant,
2692 4294 2739 4337 et
2780 4288 3013 4351 populus
3059 4304 3171 4337 non
3195 4289 3496 4350 intelligens

1886 4360 2182 4427 vapulabit.
2228 4359 2524 4422 Nesciunt,
2558 4358 2763 4421 inquit,
2817 4363 3101 4425 quantum
3144 4358 3398 4411 dolorem
3422 4360 3495 4412 de

1890 4433 2264 4499 perversitate
2296 4431 2443 4495 ejus,
2483 4442 2617 4492 quas
2641 4430 2701 4480 in
2734 4429 3023 4480 consortio
3048 4442 3176 4481 meo
3200 4429 3495 4492 quondam

1889 4506 2024 4570 egit,
2042 4503 2305 4568 experiar
2323 4516 2337 4564 ;
2352 4501 2481 4553 ideo
2495 4500 2557 4551 in
2568 4500 3068 4552 necessitudinum
3086 4512 3324 4552 suarum
3341 4502 3496 4549 dede-

1896 4590 2043 4640 core,
2080 4572 2542 4639 magnitudinem
2579 4572 2883 4623 criminum
2912 4571 3163 4633 priorum
3186 4583 3492 4636 recognos-

1896 4651 2104 4699 centut
2119 4645 2217 4709 qui
2236 4643 2625 4696 eifmminotos
2648 4646 2706 4694 et.
2737 4643 3074 4707 prostibula,
3093 4642 3353 4707 aquibus
3376 4642 3495 4693 cul-

1890 4724 2013 4770 tum
2026 4717 2357 4769 diemonum
2369 4718 2726 4778 acceperant,
2755 4713 3099 4779 subsequuti
3115 4719 3269 4776 sunt,
3288 4716 3494 4762 abuten-

1890 4790 2043 4842 tibus
2068 4802 2149 4852 se,
2170 4786 2462 4839 obscmnis
2483 4785 2749 4837 hostibus
2773 4786 3184 4850 distrahantur,
3201 4788 3496 4835 voluntariae

1891 4860 2153 4913 stultitim
2169 4859 2390 4911 fructus
2412 4859 2473 4909 in
2489 4857 2875 4924 contumeliis,
2894 4870 3041 4920 quas
3067 4854 3293 4925 tyranni
3318 4857 3496 4909 victo-

1889 4946 1981 4985 res
2005 4931 2321 4993 intulerint,
2349 4929 2684 4982 sentientes.

1174 5308 1644 5406 EIBEB
1717 5302 2538 5406 SECUNDUS.

659 5515 891 5569 CAPUT
927 5517 1001 5566 IV
1027 5516 1325 5581 (sequitur).

254 5663 417 5711 Vers.
444 5658 531 5713 15.
561 5687 619 5698 -—
647 5658 707 5708 Si
736 5658 1034 5719 fornicaris
1075 5665 1152 5720 tu,
1180 5659 1358 5723 Israel,
1386 5674 1497 5709 non
1517 5658 1796 5722 delinquat

255 5812 272 5832 ‘
300 5801 586 5856 Versiculi
606 5804 845 5868 partem,
872 5817 1041 5866 neque
1068 5803 1405 5866 juraveritis,
1445 5803 1582 5855 Vivit
1604 5801 1794 5853 Domi-

197 5889 315 5936 nus,
348 5885 484 5939 qua
505 5873 720 5935 deerat,
746 5874 1100 5936 suifecimus,
1123 5874 1251 5939 ipso
1273 5874 1625 5939 iidejubente
1648 5875 1789 5927 Auc-

1895 5511 2085 5561 saltem
2107 5510 2272 5561 Juda.
2301 5511 2477 5561 Nolite
2509 5513 2725 5575 ingredi
2742 5513 2801 5562 in
2826 5511 3071 5576 Galgala,
3097 5516 3143 5557 et
3164 5524 3229 5558 ne
3250 5508 3501 5557 ascende-

1896 5584 2017 5633 ritis
2033 5582 2095 5631 in
2115 5582 2416 5641 Bethaven;
2439 5593 2457 5613 ³
2483 5600 2652 5649 neque
2680 5583 3019 5648 juraveritis,
3054 5581 3191 5631 Vivit
3209 5579 3497 5632 Dominus.

1896 5654 2169 5714 Quoniam
2192 5654 2501 5705 sicutvacca
2521 5655 2798 5706 lasciviens
2828 5654 3112 5704 declinavit
3134 5650 3299 5701 Israel
3323 5665 3500 5700 :nunc

1896 5806 2017 5853 tore
2039 5803 2255 5858 nostro,
2286 5797 2387 5862 qui
2409 5810 2534 5851 eam
2560 5800 2619 5851 in
2646 5794 3277 5859 subnexaexpositione
3294 5791 3493 5856 singil-

1894 5872 2073 5928 latim,
2098 5884 2204 5924 nec
2228 5871 2406 5922 semel
2439 5870 2695 5935 exponit.
