3880 6222
196 314 308 372 989

1089 309 1164 361 IN
1197 304 1437 361 OSEAM
1470 299 2052 358 COMMENTARIUS.
2081 298 2295 352 LIBER
2325 296 2610 350 PRIMUS.

3398 284 3502 343 990

196 427 507 492 phetarum
532 436 707 478 voces
732 435 986 475 vesanus
996 420 1243 487 populus
1257 416 1590 492 mstimaret.
1605 415 1805 492 Neque
1826 416 1877 487 Α
1900 409 2234 492 antefertur,
2272 411 2339 492 ut
2358 407 2506 492 haec
2546 405 2680 492 sola
2704 400 3152 492 'iniqu‘itasivel
3168 396 3502 492 primaivel

193 485 357 550 enim
381 510 517 549 cum
542 495 871 548 sacerdotes
894 494 953 546 et
982 485 1170 566 reges,
1210 486 1595 566 acpopularis
1628 485 1802 566 etiam

197 568 535 631 multitudo,
548 568 610 619 in
631 568 897 631 apertum
917 563 1306 628 conspirasset
1320 571 1586 631 errorem,
1603 563 1803 631 paucis

198 628 599 705 spiritualib'us
622 628 797 701 atque
823 634 1313 705 pauperibus,aut
1332 628 1806 705 increpandi,_aut

196 700 582 763 concionandi
619 700 864 761 facultas
896 707 1089 770 aliqua
1110 704 1495 771 praebebatur;
1527 700 1628 752 sed
1656 700 1806 751 sicut

198 780 316 833 alia
337 782 629 846 Scriptura
650 782 915 839 testatur,
941 776 1217 841 arreptitii
1236 774 1601 831 vocabantur,
1616 774 1807 846 etpu-

199 852 352 903 blico
386 842 551 905 erant
587 851 756 915 quasi
792 854 1053 916 portenta
1088 846 1320 900 derisui.
1360 846 1580 897 Tamen
1600 842 1728 916 iisti,
1748 846 1806 893 et

195 935 378 987 opum
409 927 465 975 et
504 915 807 974 honorum
831 922 1044 987 pariter
1065 918 1409 983 indigentes,
1435 915 1808 987 merebantur

197 986 338 1046 cum
364 997 482 1046 Deo
506 994 648 1045 inire
672 992 1029 1058 colloquium
1055 1011 1066 1040 :
1096 995 1153 1042 et
1179 989 1345 1053 quasi
1370 988 1443 1039 ab
1461 986 1708 1058 Etheris
1722 998 1807 1036 so—

197 1064 298 1127 lio,
323 1065 386 1116 in
419 1068 631 1117 stratas
659 1064 807 1130 [Ant.
832 1061 1125 1127 instratas]
1147 1060 1420 1123 humique
1449 1057 1807 1109 cohaerentes

197 1137 447 1199 animas,
467 1136 716 1201 proferre
741 1133 1101 1187 sententiam.

851 1223 1084 1275 CAPUT
1101 1223 1170 1273 V.

270 1298 436 1348 Vers.
486 1294 535 1349 1.
581 1294 631 1349 2.
681 1322 740 1331 -
782 1293 981 1344 Audite
1026 1294 1141 1356 hoc,
1173 1292 1378 1355 inquit,
1411 1287 1727 1348 sacerdotes,
1762 1294 1810 1337 et

197 1366 480 1430 atlendile,
523 1365 717 1416 domus
762 1365 942 1429 Israel,
981 1370 1026 1414 et
1072 1365 1265 1414 domus
1302 1362 1459 1426 regis,
1494 1359 1806 1420 auscultate,

201 1437 344 1500 quia
367 1438 510 1487 vobis
525 1437 805 1501 judicium
827 1441 916 1486 est.
945 1445 962 1465 ·
988 1430 1266 1489 Universa
1295 1445 1504 1497 nempe
1540 1432 1613 1484 ad
1638 1431 1809 1482 sacri-

201 1507 359 1571 legia
396 1505 631 1570 vaditis,
666 1519 775 1559 nec
810 1507 1042 1570 aliquod
1074 1507 1136 1558 in
1166 1507 1453 1571 peccando
1478 1506 1808 1567 discrimen,

201 1577 380 1642 quale
423 1577 724 1631 habebatis
765 1578 826 1629 in
869 1577 1186 1640 ordinibus,
1232 1578 1604 1641 praestitistis.
1644 1578 1809 1627 Nunc

202 1662 362 1713 ergo,
391 1648 483 1701 vel
507 1648 871 1710 sacerdotati,
895 1648 988 1701 vel
1010 1648 1188 1713 regali
1209 1648 1489 1712 dignitate
1512 1647 1810 1710 sublimes,

202 1725 269 1773 et
310 1725 433 1773 tota
467 1719 696 1772 Israelis
732 1720 916 1779 turba,
943 1719 1214 1783 quoniam
1235 1720 1357 1783 jam
1379 1718 1660 1783 impendit
1683 1718 1810 1769 exi-

204 1793 376 1856 tium,
400 1791 671 1844 convenit
693 1795 762 1843 ut
789 1778 1142 1854 intelli'gatis,
1168 1778 1276 1841 vos
1298 1803 1417 1842 non
1444 1778 1545 1855 pro
1568 1789 1805 1853 viribus,
1834 1778 1889 1851 B

204 1863 314 1916 sed
336 1874 437 1927 pro
462 1862 965 1927 mquitatejudicis
1000 1861 1290 1925 disperire.
1331 1862 1486 1913 Duas
1523 1860 1807 1924 siquidem

202 1947 321 1995 res,
348 1947 481 1998 quae
503 1934 834 1987 viderentur
854 1945 986 1985 esse
1008 1931 1727 1997 contrarim,perpetrastis,
1746 1935 1813 1982 ut

204 2006 426 2058 ileretis
468 2005 754 2069 videlicet,
801 2004 1025 2069 laqueus
1057 2008 1102 2053 et
1144 2009 1264 2064 rete,
1289 2004 1390 2056 sed
1411 2003 1491 2055 ita
1513 2005 1574 2055 in
1596 2003 1810 2054 montis

204 2076 447 2139 vertice,
472 2090 539 2128 ac
561 2075 610 2128 si
634 2077 696 2128 in
723 2075 848 2127 loco
873 2075 1127 2139 speculae
1149 2074 1456 2126 eminentis
1484 2078 1807 2126 extentum.

207 2148 449 2199 Hostias
476 2160 615 2200 vero
636 2160 784 2211 quas
806 2145 1083 2199 calorum
1108 2146 1340 2209 praesuli
1362 2146 1592 2198 deceret
1606 2145 1808 2204 offerri,

206 2223 270 2271 et
292 2218 462 2282 quasi
480 2218 725 2271 vehente
753 2219 913 2270 fumo
934 2216 1006 2268 ad
1028 2229 1279 2282 superna
1296 2218 1530 2281 portari,
1553 2217 1660 2269 has
1684 2229 1808 2282 vos,

203 2288 408 2342 ordine
433 2294 810 2349 commutato,
834 2288 896 2340 in
917 2287 1200 2352 profundo
1219 2288 1526 2340 mersistis.
1544 2287 1686 2340 Illud
1707 2301 1812 2340 au—

207 2365 329 2413 tem
359 2364 468 2422 est,
501 2362 659 2425 quod
700 2360 760 2411 in
795 2359 1193 2411 sacerdotibus
1236 2363 1294 2410 et
1321 2360 1557 2424 regibus
1580 2371 1809 2419 accuso,

204 2432 348 2497 quia
372 2444 506 2484 cum
530 2444 665 2484 eum
688 2430 881 2482 locum
903 2434 1103 2482 essent
1122 2430 1363 2495 ingente
1375 2430 1659 2495 sortiti,ut
1676 2442 1813 2494 age—

202 2507 340 2556 rent
360 2516 476 2555 non
498 2503 692 2555 minus
717 2502 1024 2554 honestate
1050 2513 1117 2553 ac
1142 2500 1435 2566 religione,
1453 2513 1629 2564 quam
1652 2506 1813 2566 pote-

204 2578 364 2628 state
391 2589 458 2626 ac
479 2575 759 2640 dignitate
788 2572 1109 2633 reverendi,
1142 2577 1315 2636 atque
1342 2573 1415 2624 ad
1438 2572 1516 2634 id,
1553 2572 1707 2636 quod
1730 2586 1815 2625 re-

203 2651 371 2699 ctum
390 2651 528 2708 erat,
555 2649 675 2698 tam
701 2656 981 2704 sermone,
1009 2655 1196 2707 .quam
1223 2643 1486 2707 exemplo
1510 2643 1815 2697 debuerint

204 2717 480 2770 subditos
510 2716 767 2778 incitare,
793 2714 872 2766 illi
896 2718 1111 2778 contra,
1124 2713 1219 2765 vel
1236 2714 1696 2766 conciliationem
1713 2715 1815 2766 cri-

206 2788 467 2840 minibus
490 2788 807 2851 prsebuere,
838 2784 930 2838 vel
940 2785 1183 2836 formam
1205 2784 1292 2836 :id
1302 2797 1415 2848 que
1438 2784 1625 2836 solum
1644 2786 1810 2838 defa-

207 2860 383 2923 stigio
413 2857 590 2927 424
629 2859 815 2924 priore
836 2857 1168 2916 retinentes,
1202 2861 1267 2908 ut
1288 2856 1487 2921 procul
1509 2869 1642 2920 quas
1664 2857 1815 2910 fece-

204 2934 342 2982 rant
367 2935 723 2994 apparerent,
737 2930 975 2993 laqueos
987 2933 1046 2980 et
1067 2927 1211 2980 retia
1223 2927 1611 2991 tetenderunt,
1628 2930 1817 2990 quibus

204 3004 436 3056 initialix
460 3005 629 3057 turba
651 3008 963 3068 caperetur,
974 3003 1290 3066 eademque
1310 3002 1704 3067 perversitate,
1728 3018 1812 3052 sa-

203 3078 437 3140 criﬁcia,
454 3077 660 3141 inquit,
685 3077 748 3126 in
760 3075 1124 3141 profundum,
1141 3074 1310 3135 idest,
1323 3074 1490 3138 quasi
1504 3075 1575 3126 ad
1593 3075 1811 3137 inferna,

208 3148 461 3198 oertistis.
487 3147 728 3210 Quidve,
759 3160 893 3198 cum
914 3159 984 3199 ea
1004 3151 1107 3198 aut
1130 3146 1497 3199 dmmonibus
1513 3148 1810 3204 mactaretis,

205 3224 312 3271 aut
334 3190 636 3271 Manibus?
660 3190 803 3281 Quia
817 3230 950 3283 ergo
974 3218 1250 3283 peccandi
1273 3230 1486 3282 amore,
1511 3218 1718 3283 agendi
1730 3190 1813 3269 or:
1837 3190 1886 3267 (ἶ

208 3291 409 3344 dinem
438 3291 797 3352 confudistis,
823 3291 904 3343 ita
932 3293 997 3342 ut
1024 3290 1262 3354 quidam
1286 3291 1348 3343 in
1369 3290 1535 3343 vobis
1556 3291 1812 3342 ambitus

206 3369 528 3429 appareret,
563 3363 928 3417 discernendi
968 3363 1313 3429 ignorantia,
1343 3363 1479 3427 quid
1518 3367 1813 3428 sequatur,

207 3435 474 3501 accipite.

274 3508 391 3570 Ego
407 3507 650 3557 eruditor
672 3521 761 3556 ero
785 3506 1037 3556 omnium
1059 3509 1338 3570 vestrum,
1372 3515 1440 3557 ut
1462 3504 1707 3558 docente
1736 3506 1814 3558 ul-

212 3578 391 3641 tione,
435 3578 690 3641 discatis,
736 3577 891 3641 quod
929 3578 1120 3640 spreta
1154 3576 1488 3638 eruditione,
1524 3577 1812 3629 nescistis.

208 3650 400 3714 [Vers.
426 3646 500 3713 3.]
541 3649 654 3712 Ego
683 3649 791 3698 scio
822 3647 1081 3711 Effraim,
1109 3652 1155 3697 el
1177 3648 1341 3698 Israel
1363 3662 1475 3697 non
1499 3653 1572 3698 est
1595 3648 1816 3699 abscon-

212 3724 362 3772 ditus
386 3738 423 3772 a
435 3737 537 3783 me,
554 3722 688 3787 quia
710 3736 858 3771 nunc
872 3721 1176 3784 fornicatus
1189 3725 1262 3770 est
1275 3720 1535 3785 Effraim,
1550 3722 1811 3771 contami-

214 3799 381 3842 natus
405 3798 475 3842 est
511 3793 677 3858 Israel
702 3806 729 3858 :_
740 3807 854 3858 non
878 3791 1083 3858 dabunt
1108 3792 1453 3856 cogitationes
1474 3808 1623 3858 suas,
1652 3799 1709 3843 ut
1724 3809 1818 3858 rre-

214 3862 500 3906 vertantur
541 3856 616 3905 ad
636 3856 657 3885 δ
691 3854 990 3905 Dominum
1026 3854 1196 3905 Deum
1228 3870 1409 3917 suum,
1434 3857 1569 3919 quia
1592 3854 1818 3921 spiritus

208 3926 596 3989 fornicationis
632 3925 694 3975 in
738 3925 913 3976 medio
946 3940 1150 3987 eorum,
1195 3930 1241 3975 el
1277 3927 1577 3977 Dominum
1596 3943 1710 3977 non
1732 3943 1820 3978 co-

208 4013 486 4063 gnoverun
496 4002 530 4048 t.
558 3999 801 4061 Quanta,
829 3996 1037 4061 inquit,
1055 3997 1441 4050 obstinatione
1457 4000 1729 4060 deliquerit
1744 4003 1817 4048 Is-

212 4068 353 4133 rael,
368 4080 540 4120 nemo
558 4069 745 4134 magis
755 4067 936 4129 novit,
950 4080 1127 4133 quam
1143 4068 1374 4133 ego,qui
1390 4075 1702 4129 peccatorum
1714 4071 1817 4118 inte

211 4140 366 4192 riora
387 4140 700 4202 conspicio.
726 4141 924 4203 Neque
951 4141 1041 4191 est
1059 4139 1348 4190 viscerum
1374 4138 1490 4190 ulla
1506 4151 1654 4203 pars,
1686 4151 1818 4202 quae

217 4223 415 4263 meum
442 4210 734 4275 sufl‘ugere
764 4211 948 4275 possit
969 4210 1257 4262 obtutum.
1285 4210 1494 4261 Totum
1527 4222 1659 4261 eum
1682 4223 1817 4274 ergo

214 4282 523 4348 diligenter
544 4283 876 4349 inspiciens,
901 4281 1163 4347 cognovi,
1190 4282 1324 4345 quia
1344 4294 1500 4333 nunc
1526 4282 1603 4334 sit
1617 4286 1819 4344 penitus

217 4355 556 4411 fornicatus,
584 4354 923 4420 penitusque
952 4352 1227 4418 pollutus.
1255 4352 1417 4415 Quod
1450 4366 1523 4404 ne
1546 4352 1608 4405 in
1642 4366 1822 4405 excu-

216 4424 443 4477 satione
476 4426 895 4490 prmteritorum
934 4426 1296 4488 peccatorum
1324 4423 1542 4476 dictum
1566 4426 1819 4488 putares,

218 4496 363 4561 quid
390 4495 485 4548 tali
508 4496 797 4549 afﬁrmatu
825 4496 1144 4548 indicatum
1162 4495 1353 4560 vellet,
1380 4496 1640 4560 subjecto
1651 4499 1816 4546 statim

218 4580 490 4621 sermone
514 4567 797 4632 patefecit.
825 4567 924 4619 Ait
941 4567 1095 4619 enim
1123 4582 1135 4618 :
1157 4568 1341 4632 [Vers.
1366 4568 1440 4632 4.]
1463 4567 1592 4617 Non
1614 4567 1817 4617 dabunt

214 4639 565 4705 cogitationes
594 4655 737 4700 suas,
768 4645 827 4689 ut
858 4644 1198 4689 revertantur
1229 4639 1304 4689 ad
1324 4640 1621 4689 Dominum
1649 4640 1816 4689 Deum

216 4725 406 4773 suum,
433 4711 529 4776 qui
570 4710 796 4776 spiritus
824 4710 1210 4775 fornicationis
1234 4710 1295 4759 in
1318 4710 1494 4759 medio
1518 4724 1706 4759 eorum
1728 4714 1816 4773 est,

214 4786 265 4833 et
288 4782 463 4831 Deum
484 4796 595 4831 non
617 4787 993 4847 cognoverunt.
1031 4783 1195 4847 Ergo,
1229 4785 1363 4847 post
1394 4781 1819 4846 susceptionem

216 4852 458 4919 peccati,
483 4852 847 4906 dissimulata
869 4853 1252 4917 compunctio,
1277 4854 1334 4905 et
1357 4856 1586 4917 recepta
1624 4853 1685 4903 in
1722 4864 1820 4917 pe—

217 4928 373 4987 ctus,
415 4936 531 4976 non
575 4924 763 4977 solum
793 4925 1092 4990 usurpatio
1116 4923 1394 4989 criminis,
1419 4936 1623 4976 verum
1646 4923 1818 4975 etiam

218 4994 648 5049 emendationis
691 4995 920 5056 oblivio,
948 4997 1029 5048 ita
1050 4994 1515 5060 praecedentibus
1532 4995 1820 5047 erroribus

288 5138 305 5157 ³
330 5132 518 5193 Atque
542 5129 669 5182 heic
693 5129 923 5182 videtur
941 5143 1073 5195 pars
1088 5129 1266 5183 altera
1280 5127 1550 5184 versiculi
1572 5132 1820 5191 supplen-

214 5202 313 5264 da,
360 5200 627 5265 quoniam
660 5201 884 5267 laqueus
925 5201 1058 5266 facti
1095 5202 1215 5251 estis
1256 5201 1627 5267 speculationi,
1652 5206 1698 5250 et
1720 5206 1825 5251 rete

217 5287 531 5337 expansum
552 5287 715 5333 super
743 5272 970 5337 Thabor,
995 5277 1040 5323 et
1084 5272 1330 5324 uictimas
1362 5273 1685 5334 destinastis,
1701 5273 1825 5325 sive

217 5346 289 5396 ut
315 5345 522 5419 Noster
549 5344 797 5409 prmiert,
825 5344 1098 5409 sacriﬁcia
1119 5346 1351 5419 vertistis
1377 5347 1441 5396 in
1459 5345 1821 5419 profundum,

172 5425 181 5436 ‘
219 5429 359 5482 qua:
380 5417 546 5481 intra,
574 5422 641 5470 ut
664 5422 796 5483 pote
816 5423 988 5471 antea
1010 5430 1143 5469 cum
1166 5418 1385 5483 reliquo
1413 5424 1693 5472 contextu
1706 5417 1829 5485 pro:-

219 5488 415 5556 posita
436 5490 614 5542 verba
638 5489 974 5554 singillatim
999 5490 1377 5553 explicantur.

286 5560 307 5589 ⁸³
331 5561 531 5623 Neque
576 5561 1025 5626 Hieronymiana
1066 5562 1274 5624 versio,
1318 5573 1506 5625 neque
1547 5561 1829 5614 Hebrteus

1900 480 2157 533 maxima
2178 470 2499 541 censeatur,
2536 477 2660 528 Non
2683 477 2906 537 dabunt,
2930 473 3136 539 inquit,
3160 470 3503 537 cogitationes

1901 569 2045 613 suas,
2074 557 2122 601 et
2149 554 2489 601 reuertantur
2526 549 2598 598 ad
2629 549 2933 598 Dominum
2955 547 3130 597 Deum
3158 558 3338 607 suum,
3362 541 3503 607 quia

1902 624 2128 689 spiritus
2149 619 2531 686 fornicationis
2556 620 2617 668 in
2646 621 2819 670 medio
2843 632 3047 689 eorum.
3076 617 3374 676 Caussam,
3402 625 3504 664 cur

1904 688 2048 747 nihil
2079 694 2151 746 de
2180 690 2579 745 emendatione
2623 690 2955 754 cogitarent,
2994 688 3149 740 hanc
3181 697 3309 738 esse
3335 696 3503 735 mon-

1905 765 2129 829 stravit,
2156 762 2312 828 quod
2344 760 2685 813 immundus
2724 760 2959 824 spiritus
2978 758 3114 829 ipse
3138 756 3386 829 daemon,
3412 754 3505 829 vel

1906 823 2337 899 sacrilegiorum
2357 844 2518 885 amor
2550 831 2613 882 in
2634 842 2834 881 eorum
2859 828 3049 881 medio
3074 827 3418 899 versaretur.
3446 823 3503 899 si

1905 908 2060 961 enim
2108 895 2182 959 ex
2210 903 2513 958 intervallo
2546 898 2967 964 delinquerent,
3006 898 3371 964 appropriare
3414 895 3502 948 eis

1904 978 2241 1030 immundus
2286 976 2525 1041 spiritus
2559 972 2904 1025 crederetur.
2935 971 3102 1041 Nunc
3123 973 3342 1041 autem,
3363 978 3501 1041 cum

1906 1063 2078 1104 omne
2100 1050 2239 1102 vitai
2261 1037 2489 1112 tempus
2513 1040 3193 1105 sceleribusimpendant,
3208 1037 3510 1112 rite__sa_cri—

1905 1122 2188 1188 legiorum
2215 1109 2417 1172 auctos
2444 1127 2818 1180 nequaquam
2838 1112 3068 1188 vicinus
3084 1122 3283 1163 eorum
3302 1109 3512 1188 dicitur

1907 1179 2056 1258 esse,
2088 1192 2192 1244 sed
2233 1190 2477 1243 medius.
2514 1179 2615 1241 Illo
2638 1200 2776 1252 ergo
2799 1182 3131 1258 pectoribus
3153 1192 3351 1258 eorum
3367 1179 3511 1258 insi-

1906 1251 2095 1325 dente,
2117 1264 2188 1316 de
2213 1262 2616 1316 emendatione
2640 1251 2787 1312 nihil
2821 1257 3096 1322 cogitant,
3135 1251 3344 1306 et-ideo
3372 1252 3510 1302 sub-

1908 1336 2129 1388 duntur
2154 1335 2363 1387 exitiis.

1972 1410 2133 1459 Vers.
2171 1405 2223 1460 5.
2253 1433 2313 1443 —
2360 1401 2731 1473 Bespondebil,
2750 1404 2971 1473 inquit,
2999 1395 3326 1473 arrogantia
3343 1392 3511 1473 Israel

1910 1479 1971 1526 in
1993 1478 2132 1541 facie
2162 1478 2292 1540 ejus,
2327 1465 2585 1535 et'Israel,
2609 1479 2655 1524 et
2678 1465 2919 1538 Eﬂ‘raim
2947 1474 3110 1541 ruent
3124 1468 3194 1541 in
3216 1465 3509 1541 iniquitate

1907 1538 2026 1609 sua,
2053 1554 2169 1597 ruet
2183 1538 2361 1596 etiam
2392 1546 2567 1595 Judas
2582 1560 2705 1594 cum
2729 1544 2820 1594 eis.
2846 1542 2936 1593 Ad
2963 1538 3401 1609 similitudinem
3416 1549 3510 1589 ru-

1910 1608 2113 1670 ralium
2136 1617 2570 1677 laboriosorum,
2597 1615 2809 1677 quibus
2833 1624 2989 1676 stepe
3017 1609 3332 1675 respondet
3345 1608 3511 1660 uber-

1911 1694 2018 1752 tas,
2050 1693 2109 1740 et
2142 1684 2269 1748 hes,
2308 1686 2389 1738 ait
2410 1686 2736 1737 mercedem
2769 1683 3094 1734 studiorum
3131 1679 3398 1752 protinus
3422 1690 3511 1752 re:

1914 1750 2195 1829 capturos.
2240 1762 2443 1827 Digne,
2476 1759 2685 1823 inquit,
2711 1755 3083 1820 respondebit
3113 1751 3419 1829 industria,
3447 1750 3508 1803 id

1913 1822 2019 1898 est,
2043 1839 2109 1886 ut
2125 1835 2235 1885 sub
2248 1822 2668 1884 calamitatibus
2692 1828 3058 1889 erubescant,
3083 1823 3181 1889 qui
3198 1822 3509 1888 plurimum

1910 1907 2019 1958 sibi
2056 1904 2125 1957 de
2154 1903 2491 1956 criminibus
2510 1900 2870 1964 arrogabant.

1973 1979 2139 2027 Vers.
2181 1973 2233 2028 6.
2288 1973 2339 2027 7.
2389 2000 2452 2009 ——
2477 1974 2541 2022 In
2559 1962 2805 2034 gregibus
2827 1968 2940 2017 suis
2963 1971 3008 2017 et
3029 1967 3087 2015 in
3110 1962 3375 2034 armentis
3394 1962 3511 2012 suis

1908 2047 2104 2096 cadent
2148 2046 2221 2095 ad
2252 2033 2604 2108 quaerendum
2637 2041 2954 2099 Dominum,
2991 2042 3037 2087 et
3059 2033 3506 2108 noniinvenient:

1916 2117 2139 2167 Ablatus
2168 2122 2237 2165 est
2263 2107 2337 2165 fab
2358 2114 2431 2164 eis
2455 2129 2468 2164 :
2506 2113 2567 2162 in
2590 2112 2824 2162 Domino
2846 2107 3187 2176 praevaricati
3210 2110 3355 2165 sunt,
3382 2119 3515 2169 quo-

1911 2189 2070 2237 niam
2108 2188 2246 2252 ﬁlios
2283 2186 2487 2236 alienos
2522 2188 2843 2248 genuerunt,
2896 2196 3045 2231 nunc
3082 2176 3511 2252 deuorabil_eos_f

1910 2259 2093 2308 messis
2108 2243 2239 2308 Icum
2261 2243 2669 2322 partubus'suis.
2690 2256 2830 2306 Cum
2855 2252 3100 2304 dixisset
3123 2260 3315 2322 supra,
3331 2243 3510 2314 425

1905 2329 2218 2394 iudicantis
2244 2318 2553 2379 convenire
2581 2325 2843 2389 justitim,
2878 2328 2946 2375 ut
2977 2322 3077 2394 qui
3102 2318 3415 2394 sceleribus
3450 2330 3513 2368 se

1910 2392 2208 2454 dedissent
2237 2400 2391 2465 [forte
2405 2396 2807 2462 dedidissent],
2824 2393 3110 2460 stipendia
3118 2402 3350 2457 quoque
3359 2392 3515 2465 digna

1909 2463 2251 2538 perferrent,»
2280 2467 2477 2522 Israeli
2529 2469 2772 2522 sociavit
2803 2471 2861 2521 et
2893 2467 3122 2529 Judam,
3163 2477 3357 2530 quem,
3382 2463 3516 2515 licet

1911 2545 2080 2610 paulo
2106 2543 2313 2604 serius,
2334 2541 2396 2593 in
2422 2541 2667 2592 similem
2692 2544 2888 2592 tamen
2910 2544 3134 2591 reatum
3154 2539 3395 2610 noverat
3411 2549 3518 2610 esse

1911 2604 2239 2667 venturum.
2264 2613 2577 2675 Postquam
2604 2623 2741 2664 vero
2766 2610 3055 2672 justitiam
3089 2604 3518 2660 commendavit

1910 2684 2218 2739 examinis.
2232 2683 2308 2734 ad
2336 2688 2661 2746 temporum
2675 2680 3105 2734 distinctionem
3117 2681 3441 2739 revertitur,
3455 2678 3514 2727 et

1912 2757 2140 2810 Israelis
2180 2757 2335 2808 facta
2374 2755 2759 2821 persequitur,
2800 2766 2973 2819 quem
3009 2751 3274 2816 protinus
3299 2750 3518 2802 sciebat

1912 2841 2043 2883 esse
2073 2830 2409 2894 periturum.
2447 2830 2516 2880 Et
2551 2827 2800 2893 primum
2834 2824 3085 2894 quidem,
3111 2821 3513 2894 cumdixisset

1911 2892 2122 2952 Judam
2142 2911 2372 2964 quoque
2389 2892 2586 2951 Israeli
2598 2898 2659 2949 in
2670 2896 2991 2949 calamitate
3006 2892 3514 2964 miscendum,sub-

1908 2971 2063 3037 jecit,
2082 2963 2234 3035 quOd
2249 2970 2321 3021 ad
2346 2972 2378 3022 J
2383 2970 2557 3023 udam
2586 2969 2773 3033 magis
2799 2965 3122 3037 respiceret,
3140 2963 3240 3028 qui
3262 2968 3508 3037 sacratum

1912 3034 2032 3095 Deo
2053 3034 2356 3106 Templum
2382 3042 2631 3094 tenebat.
2656 3042 2803 3091 Nam
2824 3037 2957 3089 licet
2979 3034 3515 3100 polluereturidolis,

1914 3119 2110 3166 tamen
2124 3113 2297 3165 etiam
2317 3112 2539 3165 hostias
2565 3111 2840 3164 offerebat
2861 3111 2978 3159 Deo
2999 3124 3009 3156 :
3029 3117 3278 3168 cumque
3304 3115 3508 3169 parum

1914 3185 2169 3238 studeret
2188 3184 2447 3235 moribus
2472 3181 2844 3247 corrigendis,
2867 3178 3295 3243 adquisiturum
3325 3188 3388 3227 se
3417 3187 3510 3227 ar-

1908 3254 2304 3309 hitrabaturde
2315 3253 2549 3306 assidua
2570 3251 2961 3303 immolatione
2984 3247 3328 3300 subsidium.
3343 3248 3509 3311 Ergo,

1910 3329 1970 3377 in
1994 3327 2256 3392 gregibus,
2281 3328 2466 3389 inquit,
2492 3331 2539 3375 et
2564 3325 2623 3373 in
2650 3322 2914 3373 armentis
2938 3322 3052 3371 suis
3073 3319 3267 3392 cadent
3283 3318 3356 3368 ad
3367 3333 3516 3392 quae-

1910 3388 2140 3448 renduin
2165 3398 2482 3457 Dominum,
2509 3402 2554 3446 el
2578 3411 2691 3445 non
2714 3394 3016 3444 invenient:
3035 3391 3245 3440 ablatus
3260 3388 3515 3439 estabeis.

1922 3470 2121 3521 Vellent
2144 3474 2339 3521 autem
2363 3468 2556 3533 posuit
2572 3479 2674 3533 pro
2702 3465 2873 3523 ibant,
2898 3476 2996 3528 per
3031 3461 3305 3533 prmteriti
3339 3460 3521 3525 siqui-

1913 3540 2043 3593 dem
2074 3540 2347 3606 temporis
2368 3532 2816 3591 declinationem
2827 3533 3078 3586 invectio
3097 3535 3219 3606 tota
3230 3532 3521 3606 detexitur

1911 3614 2121 3676 Supers
2135 3602 2354 3664 titionis
2376 3610 2613 3676 proinde
2636 3608 2827 3672 magis
2860 3618 3037 3671 quam
3060 3603 3357 3676 religionis
3378 3602 3522 3676 calle

1913 3673 2241 3748 gradientes
2275 3673 2395 3747 (sic—
2411 3681 2565 3734 enim
2585 3680 2910 3732 hostiarum
2933 3680 3204 3730 censetur
3225 3674 3457 3748 oblatio,
3473 3673 3524 3725 si

1912 3745 1996 3807 eis
2020 3754 2266 3808 defuerit
2282 3745 2428 3806 ‘cura
2451 3752 2749 3815 virtutum)
2776 3763 2894 3803 non
2920 3752 3238 3815 potuerunt
3260 3745 3521 3798 invenire

1914 3827 2098 3878 Deum
2128 3826 2306 3884 illum,
2342 3825 2414 3877 ad
2444 3837 2618 3887 quem
2647 3834 2820 3876 nemo
2855 3821 2969 3873 nisi
2989 3820 3175 3886 plenas
3199 3816 3519 3871 devotionis

1915 3897 2055 3950 calle
2090 3897 2413 3950 deducitur.
2444 3896 2670 3945 Ablatus
2708 3899 2779 3944 est
2803 3892 2869 3943 ab
2906 3893 2998 3956 eis,
3023 3904 3142 3944 non
3166 3889 3316 3955 quod
3360 3891 3517 3940 Deus

1915 3969 2164 4033 potuerit
2184 3968 2412 4030 auferri,
2439 3967 2541 4018 sed
2564 3966 2720 4029 quod
2745 3966 2824 4016 ita
2844 3975 3134 4026 nusquam
3147 3962 3230 4014 eis
3241 3966 3521 4033 occurreret

1915 4031 2040 4102 ejus
2068 4039 2369 4101 auxilium,
2398 4051 2465 4088 ac
2491 4037 2539 4088 si
2559 4038 2631 4088 ab
2650 4036 2733 4086 eis
2758 4035 3021 4086 funditus
3044 4033 3338 4085 videretur
3358 4031 3515 4082 abla-

1916 4114 2029 4161 tus.
2054 4111 2261 4162 Postea
2283 4120 2419 4161 vero
2442 4106 2517 4158 ad
2549 4105 2803 4167 Elfraim,
2821 4104 2992 4165 idest,
3016 4104 3328 4156 Samaritae
3349 4116 3517 4152 vocem

1916 4182 2276 4243 retorquens,
2303 4178 2474 4230 aliam
2500 4177 2751 4241 speciem
2775 4173 3266 4239 praevaricationis
3282 4174 3517 4234 exagitat,

1916 4263 2049 4315 qum
2072 4255 2264 4301 tamen
2280 4252 2632 4301 vetustatem
2651 4246 2982 4298 commissae
2998 4243 3311 4308 impietatis
3334 4246 3520 4315 osten-

1917 4312 2017 4374 dit.
2046 4320 2207 4384 Quod
2229 4321 2326 4385 ita,
2365 4317 2645 4383 videlicet,
2666 4317 2811 4382 legis
2835 4319 3053 4366 statuta
3086 4312 3517 4385 contemserint,

1918 4396 1981 4445 ut
1999 4392 2248 4458 profanis
2279 4383 2551 4455 gentibus
2585 4391 2759 4441 etiam
2783 4399 2884 4452 per
2902 4384 3189 4458 connubia
3202 4383 3515 4436 misceren-

1918 4457 2030 4529 tur,
2057 4463 2361 4516 studentes
2386 4473 2625 4525 prorsus
2647 4462 2824 4529 atque
2835 4457 3226 4529 properantes,
3245 4458 3521 4529 utgeneris

1920 4525 2248 4587 sui'nomen
2276 4536 2586 4595 exuerunt,
2610 4535 2670 4582 et
2693 4527 2927 4593 quidvis
2950 4525 3126 4589 aliud,
3141 4536 3316 4589 quam
3333 4528 3519 4586 Deipo-

1848 4606 1905 4678 Ι)
1922 4607 2092 4670 pulus
2116 4606 2479 4678 vocarentur.
2504 4603 2570 4651 In
2595 4600 2831 4678 Domino
2851 4598 3196 4678 μεθυατ-ξοαεί
3216 4602 3363 4678 sunt,
3378 4597 3522 4678 quia

1920 4668 2064 4741 filios
2114 4677 2320 4726 alienos
2363 4678 2684 4739 genuerunt.
2741 4672 3029 4741 Tantum,
3072 4668 3288 4741 inquit,
3325 4668 3523 4721 odium

1918 4739 2031 4799 mei
2068 4746 2322 4799 nominis
2365 4755 2695 4808 concepere,
2736 4746 2802 4794 ut
2836 4754 2872 4793 a
2893 4739 3068 4792 minis
3102 4739 3240 4805 eripi
3266 4751 3329 4791 se
3353 4751 3523 4803 posse

1916 4818 2007 4871 vel
2037 4831 2072 4871 a
2094 4816 2374 4871 molestiis
2399 4815 2535 4869 exui
2558 4813 2876 4876 crederent,
2902 4823 2954 4864 s1
2972 4811 3031 4862 in
3053 4823 3364 4864 numerum
3386 4810 3525 4863 alia-

1917 4903 2048 4943 rum
2072 4890 2331 4955 gentium
2355 4899 2554 4941 eorum
2572 4884 2798 4939 soboles
2821 4883 3208 4950 migravisset.
3243 4882 3525 4948 Quamob-

1923 5133 2114 5185 I—Iabet
2136 5129 2328 5194 reipsa
2358 5127 2642 5182 Hebraeus
2666 5136 2902 5193 quoque
2924 5125 3143 5194 textus,
3173 5128 3242 5177 ut
3274 5121 3419 5176 nihil
3454 5122 3526 5175 de

1923 5175 2328 5269 ἦῇεἶιῦᾆιὶιῖῐᾶιῖεἶ
2349 5175 2638 5277 suis};
2658 5175 3237 5277 animum
3249 5197 3413 5277 iam,
3431 5195 3527 5277 seu

1924 5265 2195 5340 quoniam
2218 5278 2275 5327 et
2292 5272 2528 5326 minime
2542 5271 2897 5336 incongruus
2918 5265 3144 5333 se'nsus,
3167 5267 3266 5332 qui
3282 5265 3533 5319 derivari

1925 5339 2259 5410 utcumque.
2273 5358 2346 5398 ex
2374 5347 2528 5397 LXX
2545 5344 2710 5397 virali
2730 5342 2997 5397 versione
3016 5339 3222 5406 potuit,
3239 5342 3299 5390 et
3321 5348 3532 5410 vocum

1928 5409 2247 5470 similitudo
2261 5421 2419 5470 tanta
2435 5420 2525 5468 est
2548 5416 2608 5468 in
2633 5416 2837 5468 Latino
2856 5430 2868 5466 :
2890 5416 3096 5466 Noster
3118 5415 3313 5463 autem
3335 5409 3396 5460 in
3418 5412 3534 5458 sub-

1926 5502 2079 5541 nexa
2115 5489 2477 5554 expositione
2524 5487 2633 5539 loci
2674 5487 2748 5539 ad
2786 5484 3128 5551 paragraphi
3151 5481 3328 5546 hujus
3355 5480 3531 5531 ﬁnem

1925 5559 2230 5613 lectionem
2256 5560 2519 5612 eamdem
2535 5559 2760 5623 repetit,
2787 5557 2954 5610 nobis
2988 5555 3285 5621 quidpiam
3310 5556 3536 5604 mutare

219 5632 348 5698 ipse
370 5634 565 5685 textus
583 5631 883 5685 additheic
894 5632 1223 5684 Dominum:
1249 5631 1541 5697 iidemque
1551 5631 1681 5684 libri
1692 5645 1832 5685 mox
1930 5630 2127 5697 religio
2152 5630 2259 5682 fuit
2285 5645 2297 5682 :
2321 5642 2506 5694 eoque
2527 5629 2734 5694 magis,
2769 5627 2927 5692 quod
2948 5628 3077 5698 ipsa
3113 5628 3240 5691 ejus
3258 5625 3537 5698 interpre-

217 5702 662 5766 fornicationum
685 5702 902 5756 habent
928 5703 1181 5770 plurium
1204 5715 1465 5757 numero.

1931 5692 2069 5755 tatio
2096 5702 2177 5755 ita
2207 5701 2280 5753 ab
2305 5713 2372 5753 eo
2397 5692 2614 5753 lectum
2638 5692 2700 5752 in
2726 5712 2833 5752 suo
2851 5696 3166 5762 exemplari
3191 5692 3536 5753 subindicat,

290 5784 310 5805 ο
333 5776 516 5827 Nemo
552 5787 673 5827 non
700 5764 950 5840 putabit,
969 5787 1157 5827 errore
1182 5775 1398 5829 factum
1420 5773 1745 5839 antiquarii,
1769 5777 1835 5829 ut
1933 5774 2033 5828 ubi
2064 5773 2164 5837 ait,
2213 5777 2326 5823 tam
2368 5772 2639 5836 germina,
2686 5785 2856 5835 quam
2887 5770 3098 5832 fructus
3119 5782 3232 5817 uno
3252 5764 3536 5831 pollicetur

223 5845 415 5897 messis
448 5858 550 5911 pro
572 5845 793 5910 mensis,
825 5847 881 5899 et
911 5844 1174 5911 partubus
1194 5847 1421 5914 legatur
1442 5858 1545 5913 pro
1565 5846 1830 5911 partibus.

1935 5845 2118 5911 gladio
2138 5843 2485 5895 demetendos.
