  <div class='ocr_page' id='page_1' title='image "/cluster/home/n/w/nwhite01/storage/ocr_20150623/20-21/uva.x000826555/1109.png"; bbox 0 0 3880 6222; ppageno 0'>
   <div class='ocr_carea' id='block_1_1' title="bbox 367 240 465 296">
    <p class='ocr_par' dir='ltr' id='par_1_1' title="bbox 367 240 465 296">
     <span class='ocr_line' id='line_1_1' title="bbox 367 240 465 296; baseline 0 -1"><span class='ocrx_word' id='word_1_1' title='bbox 367 240 465 296; x_wconf 86' lang='grc'><strong>991</strong></span> 
     </span>
    </p>
   </div>
   <div class='ocr_carea' id='block_1_2' title="bbox 1421 238 2603 295">
    <p class='ocr_par' dir='ltr' id='par_1_2' title="bbox 1421 238 2603 295">
     <span class='ocr_line' id='line_1_2' title="bbox 1421 238 2603 295; baseline -0.003 0"><span class='ocrx_word' id='word_1_2' title='bbox 1421 240 1688 295; x_wconf 84' lang='lat' dir='ltr'><strong>RUFINO</strong></span> <span class='ocrx_word' id='word_1_3' title='bbox 1724 240 2183 292; x_wconf 81' lang='lat' dir='ltr'><strong>PRESBYTERO</strong></span> <span class='ocrx_word' id='word_1_4' title='bbox 2219 238 2603 292; x_wconf 75' lang='lat' dir='ltr'><strong>ASCRIPTUS</strong></span> 
     </span>
    </p>
   </div>
   <div class='ocr_carea' id='block_1_3' title="bbox 3634 228 3746 288">
    <p class='ocr_par' dir='ltr' id='par_1_3' title="bbox 3634 228 3746 288">
     <span class='ocr_line' id='line_1_3' title="bbox 3634 228 3746 288; baseline 0 -5"><span class='ocrx_word' id='word_1_5' title='bbox 3634 228 3746 288; x_wconf 71' lang='lat'><strong>992</strong></span> 
     </span>
    </p>
   </div>
   <div class='ocr_carea' id='block_1_4' title="bbox 365 347 3740 428">
    <p class='ocr_par' dir='ltr' id='par_1_4' title="bbox 365 347 3740 428">
     <span class='ocr_line' id='line_1_4' title="bbox 365 347 3740 428; baseline -0.002 -26"><span class='ocrx_word' id='word_1_6' title='bbox 365 365 487 428; x_wconf 80' lang='lat' dir='ltr'><strong>rem</strong></span> <span class='ocrx_word' id='word_1_7' title='bbox 529 367 677 402; x_wconf 91' lang='lat' dir='ltr'><strong>nunc</strong></span> <span class='ocrx_word' id='word_1_8' title='bbox 716 353 993 428; x_wconf 79' lang='lat' dir='ltr'><strong>devorabit</strong></span> <span class='ocrx_word' id='word_1_9' title='bbox 1025 370 1111 407; x_wconf 82' lang='lat' dir='ltr'><strong>eos</strong></span> <span class='ocrx_word' id='word_1_10' title='bbox 1140 355 1323 428; x_wconf 80' lang='lat' dir='ltr'><strong>messis</strong></span> <span class='ocrx_word' id='word_1_11' title='bbox 1357 370 1481 405; x_wconf 89' lang='lat' dir='ltr'><strong>cum</strong></span> <span class='ocrx_word' id='word_1_12' title='bbox 1519 353 1787 428; x_wconf 78' lang='lat' dir='ltr'><strong>partubus</strong></span> <span class='ocrx_word' id='word_1_13' title='bbox 1808 353 1922 403; x_wconf 84' lang='lat' dir='ltr'><strong>suis</strong></span> <span class='ocrx_word' id='word_1_14' title='bbox 1946 368 1962 402; x_wconf 93' lang='lat'><em>:</em></span> <span class='ocrx_word' id='word_1_15' title='bbox 1990 355 2043 428; x_wconf 75' lang='grc' dir='ltr'><strong>Α</strong></span> <span class='ocrx_word' id='word_1_16' title='bbox 2065 363 2275 428; x_wconf 76' lang='lat' dir='ltr'><strong>sensus</strong></span> <span class='ocrx_word' id='word_1_17' title='bbox 2299 349 2617 428; x_wconf 76' lang='lat' dir='ltr'><strong>ejusmodi:</strong></span> <span class='ocrx_word' id='word_1_18' title='bbox 2645 350 2701 428; x_wconf 69' lang='lat' dir='ltr'><strong>§i</strong></span> <span class='ocrx_word' id='word_1_19' title='bbox 2723 347 3253 428; x_wconf 81' lang='lat' dir='ltr'><strong>meritorum_ratio</strong></span> <span class='ocrx_word' id='word_1_20' title='bbox 3268 348 3512 428; x_wconf 64' lang='lat' dir='ltr'><strong>malum</strong></span> <span class='ocrx_word' id='word_1_21' title='bbox 3533 347 3740 428; x_wconf 57' lang='lat' dir='ltr'><strong>captio</strong></span> 
     </span>
    </p>
   </div>
   <div class='ocr_carea' id='block_1_5' title="bbox 364 424 1966 490">
    <p class='ocr_par' dir='ltr' id='par_1_5' title="bbox 364 424 1966 490">
     <span class='ocr_line' id='line_1_5' title="bbox 364 424 1966 490; baseline 0.001 -15"><span class='ocrx_word' id='word_1_22' title='bbox 364 424 608 476; x_wconf 83' lang='lat' dir='ltr'><strong>vicinam</strong></span> <span class='ocrx_word' id='word_1_23' title='bbox 633 429 692 476; x_wconf 92' lang='lat' dir='ltr'><strong>et</strong></span> <span class='ocrx_word' id='word_1_24' title='bbox 712 425 1141 490; x_wconf 73' lang='lat' dir='ltr'><strong>impendentem</strong></span> <span class='ocrx_word' id='word_1_25' title='bbox 1168 427 1551 479; x_wconf 77' lang='lat' dir='ltr'><strong>calamitatem</strong></span> <span class='ocrx_word' id='word_1_26' title='bbox 1574 426 1805 477; x_wconf 85' lang='lat' dir='ltr'><strong>nomine</strong></span> <span class='ocrx_word' id='word_1_27' title='bbox 1821 437 1966 477; x_wconf 89' lang='lat' dir='ltr'><strong>mes-</strong></span> 
     </span>
    </p>
   </div>
   <div class='ocr_carea' id='block_1_6' title="bbox 368 494 1964 562">
    <p class='ocr_par' dir='ltr' id='par_1_6' title="bbox 368 494 1964 562">
     <span class='ocr_line' id='line_1_6' title="bbox 368 494 1964 562; baseline -0.001 -15"><span class='ocrx_word' id='word_1_28' title='bbox 368 495 449 547; x_wconf 86' lang='lat' dir='ltr'><strong>sis</strong></span> <span class='ocrx_word' id='word_1_29' title='bbox 473 494 766 548; x_wconf 73' lang='lat' dir='ltr'><strong>ostendit:</strong></span> <span class='ocrx_word' id='word_1_30' title='bbox 815 497 876 548; x_wconf 92' lang='lat' dir='ltr'><strong>in</strong></span> <span class='ocrx_word' id='word_1_31' title='bbox 912 506 929 526; x_wconf 88' lang='grc'><strong>·</strong></span> <span class='ocrx_word' id='word_1_32' title='bbox 967 510 1079 560; x_wconf 90' lang='lat' dir='ltr'><strong>quo</strong></span> <span class='ocrx_word' id='word_1_33' title='bbox 1115 501 1235 550; x_wconf 91' lang='lat' dir='ltr'><strong>tam</strong></span> <span class='ocrx_word' id='word_1_34' title='bbox 1258 498 1519 560; x_wconf 82' lang='lat' dir='ltr'><strong>germina</strong></span> <span class='ocrx_word' id='word_1_35' title='bbox 1543 510 1718 562; x_wconf 88' lang='lat' dir='ltr'><strong>quam</strong></span> <span class='ocrx_word' id='word_1_36' title='bbox 1743 496 1964 548; x_wconf 91' lang='lat' dir='ltr'><strong>fructus</strong></span> 
     </span>
    </p>
   </div>
   <div class='ocr_carea' id='block_1_7' title="bbox 366 566 1433 632">
    <p class='ocr_par' dir='ltr' id='par_1_7' title="bbox 366 566 1433 632">
     <span class='ocr_line' id='line_1_7' title="bbox 366 566 1433 632; baseline 0.004 -15"><span class='ocrx_word' id='word_1_37' title='bbox 366 578 483 617; x_wconf 90' lang='lat' dir='ltr'><strong>uno</strong></span> <span class='ocrx_word' id='word_1_38' title='bbox 506 566 802 630; x_wconf 71' lang='lat' dir='ltr'><strong>pollicetur</strong></span> <span class='ocrx_word' id='word_1_39' title='bbox 824 567 1015 632; x_wconf 89' lang='lat' dir='ltr'><strong>gladio</strong></span> <span class='ocrx_word' id='word_1_40' title='bbox 1039 568 1433 621; x_wconf 87' lang='lat' dir='ltr'><strong>demetendos.</strong></span> 
     </span>
    </p>
   </div>
   <div class='ocr_carea' id='block_1_8' title="bbox 426 636 1964 704">
    <p class='ocr_par' dir='ltr' id='par_1_8' title="bbox 426 636 1964 704">
     <span class='ocr_line' id='line_1_8' title="bbox 426 636 1964 704; baseline -0.001 -18"><span class='ocrx_word' id='word_1_41' title='bbox 426 639 588 688; x_wconf 81' lang='lat' dir='ltr'><strong>Vers.</strong></span> <span class='ocrx_word' id='word_1_42' title='bbox 620 636 673 691; x_wconf 84' lang='lat'><strong>8.</strong></span> <span class='ocrx_word' id='word_1_43' title='bbox 698 637 750 692; x_wconf 87' lang='lat'><strong>9.</strong></span> <span class='ocrx_word' id='word_1_44' title='bbox 774 665 837 677; x_wconf 94' lang='lat'><em>--</em></span> <span class='ocrx_word' id='word_1_45' title='bbox 862 638 1105 704; x_wconf 85' lang='lat' dir='ltr'><strong>Clangile</strong></span> <span class='ocrx_word' id='word_1_46' title='bbox 1124 640 1350 690; x_wconf 78' lang='lat' dir='ltr'><strong>buccina</strong></span> <span class='ocrx_word' id='word_1_47' title='bbox 1368 641 1428 690; x_wconf 83' lang='lat' dir='ltr'><strong>in</strong></span> <span class='ocrx_word' id='word_1_48' title='bbox 1454 638 1658 699; x_wconf 86' lang='lat' dir='ltr'><strong>Gabaa,</strong></span> <span class='ocrx_word' id='word_1_49' title='bbox 1682 644 1727 687; x_wconf 87' lang='lat' dir='ltr'><strong>cl</strong></span> <span class='ocrx_word' id='word_1_50' title='bbox 1754 638 1880 687; x_wconf 81' lang='lat' dir='ltr'><strong>tuba</strong></span> <span class='ocrx_word' id='word_1_51' title='bbox 1904 637 1964 685; x_wconf 86' lang='lat' dir='ltr'><strong>in</strong></span> 
     </span>
    </p>
   </div>
   <div class='ocr_carea' id='block_1_9' title="bbox 363 704 1961 776">
    <p class='ocr_par' dir='ltr' id='par_1_9' title="bbox 363 704 1961 776">
     <span class='ocr_line' id='line_1_9' title="bbox 363 704 1961 776; baseline 0.001 -20"><span class='ocrx_word' id='word_1_52' title='bbox 363 708 560 770; x_wconf 86' lang='lat' dir='ltr'><strong>Rama,</strong></span> <span class='ocrx_word' id='word_1_53' title='bbox 601 708 805 758; x_wconf 87' lang='lat' dir='ltr'><strong>ululatc</strong></span> <span class='ocrx_word' id='word_1_54' title='bbox 848 704 907 759; x_wconf 88' lang='lat' dir='ltr'><strong>in</strong></span> <span class='ocrx_word' id='word_1_55' title='bbox 955 712 1247 775; x_wconf 85' lang='lat' dir='ltr'><strong>Belhaven,</strong></span> <span class='ocrx_word' id='word_1_56' title='bbox 1274 718 1388 776; x_wconf 79' lang='lat' dir='ltr'><strong>post</strong></span> <span class='ocrx_word' id='word_1_57' title='bbox 1420 716 1627 775; x_wconf 78' lang='lat' dir='ltr'><strong>tergum</strong></span> <span class='ocrx_word' id='word_1_58' title='bbox 1654 709 1961 773; x_wconf 86' lang='lat' dir='ltr'><strong>Benjamin.</strong></span> 
     </span>
    </p>
   </div>
   <div class='ocr_carea' id='block_1_10' title="bbox 362 776 2021 847">
    <p class='ocr_par' dir='ltr' id='par_1_10' title="bbox 362 776 2021 847">
     <span class='ocr_line' id='line_1_10' title="bbox 362 776 2021 847; baseline 0 -20"><span class='ocrx_word' id='word_1_59' title='bbox 362 776 605 842; x_wconf 74' lang='lat' dir='ltr'><strong>E/fraim</strong></span> <span class='ocrx_word' id='word_1_60' title='bbox 632 779 691 828; x_wconf 88' lang='lat' dir='ltr'><strong>in</strong></span> <span class='ocrx_word' id='word_1_61' title='bbox 709 779 1034 831; x_wconf 83' lang='lat' dir='ltr'><strong>desolatione</strong></span> <span class='ocrx_word' id='word_1_62' title='bbox 1048 783 1166 846; x_wconf 87' lang='lat' dir='ltr'><strong>erit,</strong></span> <span class='ocrx_word' id='word_1_63' title='bbox 1180 788 1289 835; x_wconf 97' lang='lat' dir='ltr'><strong>etc.</strong></span> <span class='ocrx_word' id='word_1_64' title='bbox 1308 781 1963 847; x_wconf 88' lang='lat' dir='ltr'><strong>Quiapronunciaverat,</strong></span> <span class='ocrx_word' id='word_1_65' title='bbox 2015 821 2021 828; x_wconf 91' lang='lat'><strong>.</strong></span> 
     </span>
    </p>
   </div>
   <div class='ocr_carea' id='block_1_11' title="bbox 381 847 1965 924">
    <p class='ocr_par' dir='ltr' id='par_1_11' title="bbox 381 847 1965 924">
     <span class='ocr_line' id='line_1_11' title="bbox 381 847 1965 924; baseline 0.001 -25"><span class='ocrx_word' id='word_1_66' title='bbox 381 847 490 924; x_wconf 87' lang='lat' dir='ltr'><strong>llos</strong></span> <span class='ocrx_word' id='word_1_67' title='bbox 513 850 676 924; x_wconf 85' lang='lat' dir='ltr'><strong>brevi</strong></span> <span class='ocrx_word' id='word_1_68' title='bbox 701 855 956 924; x_wconf 76' lang='lat' dir='ltr'><strong>tempore</strong></span> <span class='ocrx_word' id='word_1_69' title='bbox 988 854 1437 924; x_wconf 82' lang='lat' dir='ltr'><strong>consumendos,</strong></span> <span class='ocrx_word' id='word_1_70' title='bbox 1465 851 1809 924; x_wconf 89' lang='lat' dir='ltr'><strong>pondusque</strong></span> <span class='ocrx_word' id='word_1_71' title='bbox 1834 863 1965 901; x_wconf 89' lang='lat' dir='ltr'><strong>sen-</strong></span> 
     </span>
    </p>
   </div>
   <div class='ocr_carea' id='block_1_12' title="bbox 354 917 1963 989">
    <p class='ocr_par' dir='ltr' id='par_1_12' title="bbox 354 917 1963 989">
     <span class='ocr_line' id='line_1_12' title="bbox 354 917 1963 989; baseline 0 -16"><span class='ocrx_word' id='word_1_72' title='bbox 354 917 581 974; x_wconf 67' lang='lat' dir='ltr'><strong>‘itentiaa</strong></span> <span class='ocrx_word' id='word_1_73' title='bbox 602 922 661 974; x_wconf 91' lang='lat' dir='ltr'><strong>in</strong></span> <span class='ocrx_word' id='word_1_74' title='bbox 678 922 946 975; x_wconf 82' lang='lat' dir='ltr'><strong>effectum</strong></span> <span class='ocrx_word' id='word_1_75' title='bbox 968 917 1189 989; x_wconf 77' lang='lat' dir='ltr'><strong>absque</strong></span> <span class='ocrx_word' id='word_1_76' title='bbox 1213 925 1330 976; x_wconf 89' lang='lat' dir='ltr'><strong>ulla</strong></span> <span class='ocrx_word' id='word_1_77' title='bbox 1352 924 1621 976; x_wconf 80' lang='lat' dir='ltr'><strong>dilatione</strong></span> <span class='ocrx_word' id='word_1_78' title='bbox 1632 923 1963 988; x_wconf 73' lang='lat' dir='ltr'><strong>gradientis,</strong></span> 
     </span>
    </p>
   </div>
   <div class='ocr_carea' id='block_1_13' title="bbox 364 995 1962 1061">
    <p class='ocr_par' dir='ltr' id='par_1_13' title="bbox 364 995 1962 1061">
     <span class='ocr_line' id='line_1_13' title="bbox 364 995 1962 1061; baseline 0.002 -18"><span class='ocrx_word' id='word_1_79' title='bbox 364 998 607 1045; x_wconf 86' lang='lat' dir='ltr'><strong>noverat</strong></span> <span class='ocrx_word' id='word_1_80' title='bbox 632 1009 644 1045; x_wconf 91' lang='lat'><strong>:</strong></span> <span class='ocrx_word' id='word_1_81' title='bbox 691 995 858 1059; x_wconf 89' lang='lat' dir='ltr'><strong>quasi</strong></span> <span class='ocrx_word' id='word_1_82' title='bbox 895 996 1015 1059; x_wconf 89' lang='lat' dir='ltr'><strong>jam</strong></span> <span class='ocrx_word' id='word_1_83' title='bbox 1049 998 1223 1049; x_wconf 87' lang='lat' dir='ltr'><strong>rebus</strong></span> <span class='ocrx_word' id='word_1_84' title='bbox 1253 996 1524 1059; x_wconf 87' lang='lat' dir='ltr'><strong>impletis,</strong></span> <span class='ocrx_word' id='word_1_85' title='bbox 1548 1007 1646 1061; x_wconf 91' lang='lat' dir='ltr'><strong>per</strong></span> <span class='ocrx_word' id='word_1_86' title='bbox 1667 1007 1765 1046; x_wconf 88' lang='lat' dir='ltr'><strong>eas</strong></span> <span class='ocrx_word' id='word_1_87' title='bbox 1789 996 1962 1047; x_wconf 86' lang='lat' dir='ltr'><strong>urbes</strong></span> 
     </span>
    </p>
   </div>
   <div class='ocr_carea' id='block_1_14' title="bbox 362 1065 1963 1132">
    <p class='ocr_par' dir='ltr' id='par_1_14' title="bbox 362 1065 1963 1132">
     <span class='ocr_line' id='line_1_14' title="bbox 362 1065 1963 1132; baseline 0.002 -17"><span class='ocrx_word' id='word_1_88' title='bbox 362 1075 497 1127; x_wconf 68' lang='lat' dir='ltr'><strong>qum</strong></span> <span class='ocrx_word' id='word_1_89' title='bbox 546 1065 1027 1131; x_wconf 77' lang='lat' dir='ltr'><strong>frequentissimae</strong></span> <span class='ocrx_word' id='word_1_90' title='bbox 1062 1068 1239 1132; x_wconf 87' lang='lat' dir='ltr'><strong>erant,</strong></span> <span class='ocrx_word' id='word_1_91' title='bbox 1278 1067 1432 1119; x_wconf 90' lang='lat' dir='ltr'><strong>tubis</strong></span> <span class='ocrx_word' id='word_1_92' title='bbox 1457 1066 1879 1130; x_wconf 88' lang='lat' dir='ltr'><strong>clangentibus,</strong></span> <span class='ocrx_word' id='word_1_93' title='bbox 1904 1071 1963 1119; x_wconf 92' lang='lat' dir='ltr'><strong>et</strong></span> 
     </span>
    </p>
   </div>
   <div class='ocr_carea' id='block_1_15' title="bbox 359 1136 1957 1203">
    <p class='ocr_par' dir='ltr' id='par_1_15' title="bbox 359 1136 1957 1203">
     <span class='ocr_line' id='line_1_15' title="bbox 359 1136 1957 1203; baseline 0.001 -17"><span class='ocrx_word' id='word_1_94' title='bbox 359 1136 584 1188; x_wconf 87' lang='lat' dir='ltr'><strong>resonis</strong></span> <span class='ocrx_word' id='word_1_95' title='bbox 613 1137 939 1201; x_wconf 89' lang='lat' dir='ltr'><strong>planctibus</strong></span> <span class='ocrx_word' id='word_1_96' title='bbox 947 1138 1379 1202; x_wconf 90' lang='lat' dir='ltr'><strong>jussitindicari</strong></span> <span class='ocrx_word' id='word_1_97' title='bbox 1399 1137 1545 1203; x_wconf 87' lang='lat' dir='ltr'><strong>[Anl.</strong></span> <span class='ocrx_word' id='word_1_98' title='bbox 1571 1138 1811 1201; x_wconf 83' lang='lat' dir='ltr'><strong>judicari]</strong></span> <span class='ocrx_word' id='word_1_99' title='bbox 1828 1141 1957 1200; x_wconf 86' lang='lat' dir='ltr'><strong>quod</strong></span> 
     </span>
    </p>
   </div>
   <div class='ocr_carea' id='block_1_16' title="bbox 362 1208 1958 1274">
    <p class='ocr_par' dir='ltr' id='par_1_16' title="bbox 362 1208 1958 1274">
     <span class='ocr_line' id='line_1_16' title="bbox 362 1208 1958 1274; baseline 0 -15"><span class='ocrx_word' id='word_1_100' title='bbox 362 1211 550 1259; x_wconf 91' lang='lat' dir='ltr'><strong>totum</strong></span> <span class='ocrx_word' id='word_1_101' title='bbox 601 1208 831 1260; x_wconf 79' lang='lat' dir='ltr'><strong>Effraim</strong></span> <span class='ocrx_word' id='word_1_102' title='bbox 876 1209 1120 1261; x_wconf 79' lang='lat' dir='ltr'><strong>vastitas</strong></span> <span class='ocrx_word' id='word_1_103' title='bbox 1160 1214 1483 1274; x_wconf 86' lang='lat' dir='ltr'><strong>occuparet.</strong></span> <span class='ocrx_word' id='word_1_104' title='bbox 1514 1208 1720 1260; x_wconf 86' lang='lat' dir='ltr'><strong>Omnia</strong></span> <span class='ocrx_word' id='word_1_105' title='bbox 1744 1214 1958 1272; x_wconf 91' lang='lat' dir='ltr'><strong>autem,</strong></span> 
     </span>
    </p>
   </div>
   <div class='ocr_carea' id='block_1_17' title="bbox 361 1278 1962 1345">
    <p class='ocr_par' dir='ltr' id='par_1_17' title="bbox 361 1278 1962 1345">
     <span class='ocr_line' id='line_1_17' title="bbox 361 1278 1962 1345; baseline 0.001 -15"><span class='ocrx_word' id='word_1_106' title='bbox 361 1291 495 1342; x_wconf 70' lang='lat' dir='ltr'><strong>quas</strong></span> <span class='ocrx_word' id='word_1_107' title='bbox 520 1278 667 1331; x_wconf 81' lang='lat' dir='ltr'><strong>dixit</strong></span> <span class='ocrx_word' id='word_1_108' title='bbox 687 1280 830 1345; x_wconf 90' lang='lat' dir='ltr'><strong>loca,</strong></span> <span class='ocrx_word' id='word_1_109' title='bbox 841 1280 1010 1345; x_wconf 91' lang='lat' dir='ltr'><strong>idest,</strong></span> <span class='ocrx_word' id='word_1_110' title='bbox 1029 1283 1277 1345; x_wconf 87' lang='lat' dir='ltr'><strong>Tergum</strong></span> <span class='ocrx_word' id='word_1_111' title='bbox 1296 1280 1611 1341; x_wconf 90' lang='lat' dir='ltr'><strong>Benjamin,</strong></span> <span class='ocrx_word' id='word_1_112' title='bbox 1632 1292 1762 1343; x_wconf 59' lang='lat' dir='ltr'><strong>quae</strong></span> <span class='ocrx_word' id='word_1_113' title='bbox 1779 1280 1962 1331; x_wconf 86' lang='lat' dir='ltr'><strong>tribus</strong></span> 
     </span>
    </p>
   </div>
   <div class='ocr_carea' id='block_1_18' title="bbox 362 1350 1963 1416">
    <p class='ocr_par' dir='ltr' id='par_1_18' title="bbox 362 1350 1963 1416">
     <span class='ocr_line' id='line_1_18' title="bbox 362 1350 1963 1416; baseline 0.001 -16"><span class='ocrx_word' id='word_1_114' title='bbox 362 1350 471 1401; x_wconf 87' lang='lat' dir='ltr'><strong>fuit</strong></span> <span class='ocrx_word' id='word_1_115' title='bbox 515 1350 685 1403; x_wconf 68' lang='lat' dir='ltr'><strong>Judm</strong></span> <span class='ocrx_word' id='word_1_116' title='bbox 728 1351 949 1415; x_wconf 88' lang='lat' dir='ltr'><strong>regioni</strong></span> <span class='ocrx_word' id='word_1_117' title='bbox 989 1351 1366 1416; x_wconf 87' lang='lat' dir='ltr'><strong>contermina,</strong></span> <span class='ocrx_word' id='word_1_118' title='bbox 1414 1352 1608 1402; x_wconf 88' lang='lat' dir='ltr'><strong>Gabaa</strong></span> <span class='ocrx_word' id='word_1_119' title='bbox 1629 1353 1686 1401; x_wconf 91' lang='lat' dir='ltr'><strong>et</strong></span> <span class='ocrx_word' id='word_1_120' title='bbox 1708 1352 1887 1401; x_wconf 81' lang='lat' dir='ltr'><strong>Rama</strong></span> <span class='ocrx_word' id='word_1_121' title='bbox 1907 1356 1963 1402; x_wconf 89' lang='lat' dir='ltr'><strong>et</strong></span> 
     </span>
    </p>
   </div>
   <div class='ocr_carea' id='block_1_19' title="bbox 359 1420 1958 1486">
    <p class='ocr_par' dir='ltr' id='par_1_19' title="bbox 359 1420 1958 1486">
     <span class='ocr_line' id='line_1_19' title="bbox 359 1420 1958 1486; baseline 0.001 -15"><span class='ocrx_word' id='word_1_122' title='bbox 359 1420 668 1486; x_wconf 88' lang='lat' dir='ltr'><strong>Bethaven,</strong></span> <span class='ocrx_word' id='word_1_123' title='bbox 712 1422 882 1475; x_wconf 62' lang='lat' dir='ltr'><strong>Juda:</strong></span> <span class='ocrx_word' id='word_1_124' title='bbox 934 1422 1148 1474; x_wconf 83' lang='lat' dir='ltr'><strong>finibus</strong></span> <span class='ocrx_word' id='word_1_125' title='bbox 1192 1423 1379 1474; x_wconf 90' lang='lat' dir='ltr'><strong>vicina</strong></span> <span class='ocrx_word' id='word_1_126' title='bbox 1415 1422 1594 1473; x_wconf 86' lang='lat' dir='ltr'><strong>fuisse</strong></span> <span class='ocrx_word' id='word_1_127' title='bbox 1617 1421 1958 1485; x_wconf 87' lang='lat' dir='ltr'><strong>colligimus.</strong></span> 
     </span>
    </p>
   </div>
   <div class='ocr_carea' id='block_1_20' title="bbox 360 1492 1960 1557">
    <p class='ocr_par' dir='ltr' id='par_1_20' title="bbox 360 1492 1960 1557">
     <span class='ocr_line' id='line_1_20' title="bbox 360 1492 1960 1557; baseline 0 -14"><span class='ocrx_word' id='word_1_128' title='bbox 360 1492 503 1543; x_wconf 88' lang='lat' dir='ltr'><strong>Cum</strong></span> <span class='ocrx_word' id='word_1_129' title='bbox 526 1492 700 1557; x_wconf 85' lang='lat' dir='ltr'><strong>igitur</strong></span> <span class='ocrx_word' id='word_1_130' title='bbox 722 1493 965 1545; x_wconf 90' lang='lat' dir='ltr'><strong>istorum</strong></span> <span class='ocrx_word' id='word_1_131' title='bbox 997 1493 1316 1557; x_wconf 87' lang='lat' dir='ltr'><strong>calamitas,</strong></span> <span class='ocrx_word' id='word_1_132' title='bbox 1351 1504 1482 1557; x_wconf 65' lang='lat' dir='ltr'><strong>qum</strong></span> <span class='ocrx_word' id='word_1_133' title='bbox 1510 1492 1808 1557; x_wconf 90' lang='lat' dir='ltr'><strong>precessit,</strong></span> <span class='ocrx_word' id='word_1_134' title='bbox 1832 1493 1960 1543; x_wconf 91' lang='lat' dir='ltr'><strong>illos</strong></span> 
     </span>
    </p>
   </div>
   <div class='ocr_carea' id='block_1_21' title="bbox 358 1562 1962 1629">
    <p class='ocr_par' dir='ltr' id='par_1_21' title="bbox 358 1562 1962 1629">
     <span class='ocr_line' id='line_1_21' title="bbox 358 1562 1962 1629; baseline -0.001 -16"><span class='ocrx_word' id='word_1_135' title='bbox 358 1562 631 1615; x_wconf 86' lang='lat' dir='ltr'><strong>sollicitos</strong></span> <span class='ocrx_word' id='word_1_136' title='bbox 647 1564 909 1616; x_wconf 88' lang='lat' dir='ltr'><strong>debuerit</strong></span> <span class='ocrx_word' id='word_1_137' title='bbox 924 1565 1127 1628; x_wconf 86' lang='lat' dir='ltr'><strong>facere,</strong></span> <span class='ocrx_word' id='word_1_138' title='bbox 1142 1565 1267 1629; x_wconf 91' lang='lat' dir='ltr'><strong>ipso</strong></span> <span class='ocrx_word' id='word_1_139' title='bbox 1280 1564 1554 1616; x_wconf 89' lang='lat' dir='ltr'><strong>nimirum</strong></span> <span class='ocrx_word' id='word_1_140' title='bbox 1567 1563 1787 1613; x_wconf 89' lang='lat' dir='ltr'><strong>timoris</strong></span> <span class='ocrx_word' id='word_1_141' title='bbox 1799 1579 1962 1611; x_wconf 82' lang='lat' dir='ltr'><strong>exem-</strong></span> 
     </span>
    </p>
   </div>
   <div class='ocr_carea' id='block_1_22' title="bbox 358 1634 1960 1698">
    <p class='ocr_par' dir='ltr' id='par_1_22' title="bbox 358 1634 1960 1698">
     <span class='ocr_line' id='line_1_22' title="bbox 358 1634 1960 1698; baseline -0.001 -13"><span class='ocrx_word' id='word_1_142' title='bbox 358 1634 469 1698; x_wconf 91' lang='lat' dir='ltr'><strong>plo,</strong></span> <span class='ocrx_word' id='word_1_143' title='bbox 517 1646 633 1685; x_wconf 90' lang='lat' dir='ltr'><strong>non</strong></span> <span class='ocrx_word' id='word_1_144' title='bbox 681 1634 869 1686; x_wconf 91' lang='lat' dir='ltr'><strong>solum</strong></span> <span class='ocrx_word' id='word_1_145' title='bbox 899 1635 1042 1686; x_wconf 89' lang='lat' dir='ltr'><strong>nihil</strong></span> <span class='ocrx_word' id='word_1_146' title='bbox 1066 1634 1139 1686; x_wconf 90' lang='lat' dir='ltr'><strong>ad</strong></span> <span class='ocrx_word' id='word_1_147' title='bbox 1171 1634 1633 1686; x_wconf 90' lang='lat' dir='ltr'><strong>emendationem</strong></span> <span class='ocrx_word' id='word_1_148' title='bbox 1655 1634 1960 1697; x_wconf 86' lang='lat' dir='ltr'><strong>promovit,</strong></span> 
     </span>
    </p>
   </div>
   <div class='ocr_carea' id='block_1_23' title="bbox 2068 419 3744 487">
    <p class='ocr_par' dir='ltr' id='par_1_23' title="bbox 2068 419 3744 487">
     <span class='ocr_line' id='line_1_23' title="bbox 2068 419 3744 487; baseline -0.004 -12"><span class='ocrx_word' id='word_1_149' title='bbox 2068 422 2259 475; x_wconf 89' lang='lat' dir='ltr'><strong>vitalis</strong></span> <span class='ocrx_word' id='word_1_150' title='bbox 2285 422 2495 487; x_wconf 79' lang='lat' dir='ltr'><strong>exegit,</strong></span> <span class='ocrx_word' id='word_1_151' title='bbox 2522 436 2623 474; x_wconf 92' lang='lat' dir='ltr'><strong>cur</strong></span> <span class='ocrx_word' id='word_1_152' title='bbox 2643 425 2674 475; x_wconf 86' lang='lat' dir='ltr'><strong>J</strong></span> <span class='ocrx_word' id='word_1_153' title='bbox 2681 422 2824 475; x_wconf 91' lang='lat' dir='ltr'><strong>udas</strong></span> <span class='ocrx_word' id='word_1_154' title='bbox 2846 424 2904 474; x_wconf 91' lang='lat' dir='ltr'><strong>et</strong></span> <span class='ocrx_word' id='word_1_155' title='bbox 2925 419 3203 485; x_wconf 86' lang='lat' dir='ltr'><strong>gentium</strong></span> <span class='ocrx_word' id='word_1_156' title='bbox 3226 421 3519 471; x_wconf 89' lang='lat' dir='ltr'><strong>moribus</strong></span> <span class='ocrx_word' id='word_1_157' title='bbox 3542 422 3744 480; x_wconf 78' lang='lat' dir='ltr'><strong>inqui-</strong></span> 
     </span>
    </p>
   </div>
   <div class='ocr_carea' id='block_1_24' title="bbox 2067 492 3745 558">
    <p class='ocr_par' dir='ltr' id='par_1_24' title="bbox 2067 492 3745 558">
     <span class='ocr_line' id='line_1_24' title="bbox 2067 492 3745 558; baseline -0.004 -13"><span class='ocrx_word' id='word_1_158' title='bbox 2067 498 2259 558; x_wconf 90' lang='lat' dir='ltr'><strong>natus,</strong></span> <span class='ocrx_word' id='word_1_159' title='bbox 2283 499 2342 545; x_wconf 89' lang='lat' dir='ltr'><strong>et</strong></span> <span class='ocrx_word' id='word_1_160' title='bbox 2362 494 2493 545; x_wconf 90' lang='lat' dir='ltr'><strong>odio</strong></span> <span class='ocrx_word' id='word_1_161' title='bbox 2506 494 2693 545; x_wconf 83' lang='lat' dir='ltr'><strong>fratris</strong></span> <span class='ocrx_word' id='word_1_162' title='bbox 2717 494 2964 546; x_wconf 90' lang='lat' dir='ltr'><strong>infectus</strong></span> <span class='ocrx_word' id='word_1_163' title='bbox 2980 533 2995 557; x_wconf 93' lang='lat'><strong>,</strong></span> <span class='ocrx_word' id='word_1_164' title='bbox 3019 493 3143 544; x_wconf 89' lang='lat' dir='ltr'><strong>vim</strong></span> <span class='ocrx_word' id='word_1_165' title='bbox 3167 492 3405 544; x_wconf 87' lang='lat' dir='ltr'><strong>distulit</strong></span> <span class='ocrx_word' id='word_1_166' title='bbox 3430 494 3699 541; x_wconf 78' lang='lat' dir='ltr'><strong>ultionis</strong></span> <span class='ocrx_word' id='word_1_167' title='bbox 3718 494 3745 539; x_wconf 55' lang='grc' dir='ltr'><em>ἢ</em></span> 
     </span>
    </p>
   </div>
   <div class='ocr_carea' id='block_1_25' title="bbox 2070 564 3745 630">
    <p class='ocr_par' dir='ltr' id='par_1_25' title="bbox 2070 564 3745 630">
     <span class='ocr_line' id='line_1_25' title="bbox 2070 564 3745 630; baseline -0.001 -14"><span class='ocrx_word' id='word_1_168' title='bbox 2070 565 2168 617; x_wconf 91' lang='lat' dir='ltr'><strong>Sin</strong></span> <span class='ocrx_word' id='word_1_169' title='bbox 2207 569 2403 617; x_wconf 89' lang='lat' dir='ltr'><strong>autem</strong></span> <span class='ocrx_word' id='word_1_170' title='bbox 2448 570 2578 630; x_wconf 84' lang='lat' dir='ltr'><strong>post</strong></span> <span class='ocrx_word' id='word_1_171' title='bbox 2629 570 2712 617; x_wconf 90' lang='lat' dir='ltr'><strong>tot</strong></span> <span class='ocrx_word' id='word_1_172' title='bbox 2759 566 3035 626; x_wconf 51' lang='lat' dir='ltr'><strong>crimina,</strong></span> <span class='ocrx_word' id='word_1_173' title='bbox 3064 564 3332 616; x_wconf 88' lang='lat' dir='ltr'><strong>necdum</strong></span> <span class='ocrx_word' id='word_1_174' title='bbox 3380 569 3745 616; x_wconf 79' lang='lat' dir='ltr'><strong>mereretur</strong></span> 
     </span>
    </p>
   </div>
   <div class='ocr_carea' id='block_1_26' title="bbox 2069 635 3739 701">
    <p class='ocr_par' dir='ltr' id='par_1_26' title="bbox 2069 635 3739 701">
     <span class='ocr_line' id='line_1_26' title="bbox 2069 635 3739 701; baseline -0.001 -14"><span class='ocrx_word' id='word_1_175' title='bbox 2069 636 2089 665; x_wconf 66' lang='grc'><strong>⁵</strong></span> <span class='ocrx_word' id='word_1_176' title='bbox 2110 636 2331 701; x_wconf 78' lang='lat' dir='ltr'><strong>expelli,</strong></span> <span class='ocrx_word' id='word_1_177' title='bbox 2357 650 2549 688; x_wconf 90' lang='lat' dir='ltr'><strong>nonne</strong></span> <span class='ocrx_word' id='word_1_178' title='bbox 2572 636 2665 688; x_wconf 88' lang='lat' dir='ltr'><strong>ille</strong></span> <span class='ocrx_word' id='word_1_179' title='bbox 2699 637 2798 700; x_wconf 90' lang='lat' dir='ltr'><strong>qui</strong></span> <span class='ocrx_word' id='word_1_180' title='bbox 2821 642 3031 700; x_wconf 87' lang='lat' dir='ltr'><strong>captus</strong></span> <span class='ocrx_word' id='word_1_181' title='bbox 3053 637 3167 698; x_wconf 89' lang='lat' dir='ltr'><strong>est,</strong></span> <span class='ocrx_word' id='word_1_182' title='bbox 3206 648 3314 699; x_wconf 92' lang='lat' dir='ltr'><strong>per</strong></span> <span class='ocrx_word' id='word_1_183' title='bbox 3339 635 3739 686; x_wconf 82' lang='lat' dir='ltr'><strong>calumniam</strong></span> 
     </span>
    </p>
   </div>
   <div class='ocr_carea' id='block_1_27' title="bbox 2069 705 3739 773">
    <p class='ocr_par' dir='ltr' id='par_1_27' title="bbox 2069 705 3739 773">
     <span class='ocr_line' id='line_1_27' title="bbox 2069 705 3739 773; baseline -0.002 -15"><span class='ocrx_word' id='word_1_184' title='bbox 2069 709 2255 770; x_wconf 76' lang='lat' dir='ltr'><strong>magis</strong></span> <span class='ocrx_word' id='word_1_185' title='bbox 2290 722 2463 773; x_wconf 89' lang='lat' dir='ltr'><strong>quam</strong></span> <span class='ocrx_word' id='word_1_186' title='bbox 2492 722 2591 773; x_wconf 89' lang='lat' dir='ltr'><strong>per</strong></span> <span class='ocrx_word' id='word_1_187' title='bbox 2614 709 2900 771; x_wconf 84' lang='lat' dir='ltr'><strong>justitiam</strong></span> <span class='ocrx_word' id='word_1_188' title='bbox 2926 706 3195 759; x_wconf 90' lang='lat' dir='ltr'><strong>docentis</strong></span> <span class='ocrx_word' id='word_1_189' title='bbox 3207 719 3558 771; x_wconf 86' lang='lat' dir='ltr'><strong>oppressus</strong></span> <span class='ocrx_word' id='word_1_190' title='bbox 3576 709 3614 755; x_wconf 65' lang='grc' dir='ltr'><strong>’ἲ</strong></span> <span class='ocrx_word' id='word_1_191' title='bbox 3631 705 3739 755; x_wconf 81' lang='lat' dir='ltr'><strong>Ca-</strong></span> 
     </span>
    </p>
   </div>
   <div class='ocr_carea' id='block_1_28' title="bbox 2070 777 3740 844">
    <p class='ocr_par' dir='ltr' id='par_1_28' title="bbox 2070 777 3740 844">
     <span class='ocr_line' id='line_1_28' title="bbox 2070 777 3740 844; baseline 0 -17"><span class='ocrx_word' id='word_1_192' title='bbox 2070 778 2339 828; x_wconf 86' lang='lat' dir='ltr'><strong>lumniam</strong></span> <span class='ocrx_word' id='word_1_193' title='bbox 2363 780 2575 844; x_wconf 83' lang='lat' dir='ltr'><strong>patiens</strong></span> <span class='ocrx_word' id='word_1_194' title='bbox 2595 779 2851 843; x_wconf 74' lang='lat' dir='ltr'><strong>E/I‘raim,</strong></span> <span class='ocrx_word' id='word_1_195' title='bbox 2875 779 3085 842; x_wconf 81' lang='lat' dir='ltr'><strong>fractus</strong></span> <span class='ocrx_word' id='word_1_196' title='bbox 3098 778 3346 843; x_wconf 82' lang='lat' dir='ltr'><strong>judicio.</strong></span> <span class='ocrx_word' id='word_1_197' title='bbox 3369 777 3539 839; x_wconf 86' lang='lat' dir='ltr'><strong>Quid</strong></span> <span class='ocrx_word' id='word_1_198' title='bbox 3568 779 3740 828; x_wconf 74' lang='lat' dir='ltr'><strong>esset</strong></span> 
     </span>
    </p>
   </div>
   <div class='ocr_carea' id='block_1_29' title="bbox 2071 848 3731 915">
    <p class='ocr_par' dir='ltr' id='par_1_29' title="bbox 2071 848 3731 915">
     <span class='ocr_line' id='line_1_29' title="bbox 2071 848 3731 915; baseline -0.001 -15"><span class='ocrx_word' id='word_1_199' title='bbox 2071 850 2396 902; x_wconf 90' lang='lat' dir='ltr'><strong>calumnian</strong></span> <span class='ocrx_word' id='word_1_200' title='bbox 2420 850 2552 915; x_wconf 91' lang='lat' dir='ltr'><strong>pali,</strong></span> <span class='ocrx_word' id='word_1_201' title='bbox 2578 851 3126 915; x_wconf 85' lang='lat' dir='ltr'><strong>curavitexponere,</strong></span> <span class='ocrx_word' id='word_1_202' title='bbox 3139 848 3316 910; x_wconf 91' lang='lat' dir='ltr'><strong>idest,</strong></span> <span class='ocrx_word' id='word_1_203' title='bbox 3329 848 3731 912; x_wconf 86' lang='lat' dir='ltr'><strong>judicis,non</strong></span> 
     </span>
    </p>
   </div>
   <div class='ocr_carea' id='block_1_30' title="bbox 2071 919 3729 985">
    <p class='ocr_par' dir='ltr' id='par_1_30' title="bbox 2071 919 3729 985">
     <span class='ocr_line' id='line_1_30' title="bbox 2071 919 3729 985; baseline -0.004 -12"><span class='ocrx_word' id='word_1_204' title='bbox 2071 921 2358 984; x_wconf 74' lang='lat' dir='ltr'><strong>aequilate,</strong></span> <span class='ocrx_word' id='word_1_205' title='bbox 2385 921 2486 973; x_wconf 91' lang='lat' dir='ltr'><strong>sed</strong></span> <span class='ocrx_word' id='word_1_206' title='bbox 2512 926 2793 984; x_wconf 78' lang='lat' dir='ltr'><strong>potestate</strong></span> <span class='ocrx_word' id='word_1_207' title='bbox 2811 920 3071 985; x_wconf 82' lang='lat' dir='ltr'><strong>deprimi.</strong></span> <span class='ocrx_word' id='word_1_208' title='bbox 3100 919 3194 971; x_wconf 87' lang='lat' dir='ltr'><strong>Ad</strong></span> <span class='ocrx_word' id='word_1_209' title='bbox 3221 920 3528 971; x_wconf 89' lang='lat' dir='ltr'><strong>eumdem</strong></span> <span class='ocrx_word' id='word_1_210' title='bbox 3541 928 3729 968; x_wconf 80' lang='lat' dir='ltr'><strong>autem</strong></span> 
     </span>
    </p>
   </div>
   <div class='ocr_carea' id='block_1_31' title="bbox 2070 991 3728 1057">
    <p class='ocr_par' dir='ltr' id='par_1_31' title="bbox 2070 991 3728 1057">
     <span class='ocr_line' id='line_1_31' title="bbox 2070 991 3728 1057; baseline -0.001 -14"><span class='ocrx_word' id='word_1_211' title='bbox 2070 1005 2309 1044; x_wconf 90' lang='lat' dir='ltr'><strong>sensum</strong></span> <span class='ocrx_word' id='word_1_212' title='bbox 2339 994 2587 1057; x_wconf 85' lang='lat' dir='ltr'><strong>respicit,</strong></span> <span class='ocrx_word' id='word_1_213' title='bbox 2627 992 2782 1057; x_wconf 90' lang='lat' dir='ltr'><strong>quod</strong></span> <span class='ocrx_word' id='word_1_214' title='bbox 2815 992 2912 1055; x_wconf 85' lang='lat' dir='ltr'><strong>ait,</strong></span> <span class='ocrx_word' id='word_1_215' title='bbox 2943 992 3106 1056; x_wconf 66' lang='lat' dir='ltr'><strong>Caspii</strong></span> <span class='ocrx_word' id='word_1_216' title='bbox 3127 991 3287 1040; x_wconf 80' lang='lat' dir='ltr'><strong>abire</strong></span> <span class='ocrx_word' id='word_1_217' title='bbox 3310 997 3441 1055; x_wconf 80' lang='lat' dir='ltr'><strong>post</strong></span> <span class='ocrx_word' id='word_1_218' title='bbox 3463 991 3728 1041; x_wconf 74' lang='lat' dir='ltr'><strong>sordem.</strong></span> 
     </span>
    </p>
   </div>
   <div class='ocr_carea' id='block_1_32' title="bbox 2070 1062 3728 1128">
    <p class='ocr_par' dir='ltr' id='par_1_32' title="bbox 2070 1062 3728 1128">
     <span class='ocr_line' id='line_1_32' title="bbox 2070 1062 3728 1128; baseline -0.001 -13"><span class='ocrx_word' id='word_1_219' title='bbox 2070 1067 2133 1115; x_wconf 93' lang='lat' dir='ltr'><strong>In</strong></span> <span class='ocrx_word' id='word_1_220' title='bbox 2158 1065 2551 1128; x_wconf 88' lang='lat' dir='ltr'><strong>superioribus</strong></span> <span class='ocrx_word' id='word_1_221' title='bbox 2563 1065 2716 1115; x_wconf 89' lang='lat' dir='ltr'><strong>enim</strong></span> <span class='ocrx_word' id='word_1_222' title='bbox 2728 1068 2786 1115; x_wconf 91' lang='lat' dir='ltr'><strong>et</strong></span> <span class='ocrx_word' id='word_1_223' title='bbox 2797 1062 3235 1116; x_wconf 89' lang='lat' dir='ltr'><strong>multitudinem</strong></span> <span class='ocrx_word' id='word_1_224' title='bbox 3246 1067 3312 1115; x_wconf 90' lang='lat' dir='ltr'><strong>et</strong></span> <span class='ocrx_word' id='word_1_225' title='bbox 3328 1066 3728 1115; x_wconf 72' lang='lat' dir='ltr'><strong>vetustatem</strong></span> 
     </span>
    </p>
   </div>
   <div class='ocr_carea' id='block_1_33' title="bbox 2068 1132 3724 1204">
    <p class='ocr_par' dir='ltr' id='par_1_33' title="bbox 2068 1132 3724 1204">
     <span class='ocr_line' id='line_1_33' title="bbox 2068 1132 3724 1204; baseline 0.001 -19"><span class='ocrx_word' id='word_1_226' title='bbox 2068 1141 2429 1200; x_wconf 84' lang='lat' dir='ltr'><strong>peccatorum</strong></span> <span class='ocrx_word' id='word_1_227' title='bbox 2452 1137 2903 1201; x_wconf 80' lang='lat' dir='ltr'><strong>exprobraverat</strong></span> <span class='ocrx_word' id='word_1_228' title='bbox 2923 1132 3102 1204; x_wconf 72' lang='lat'><strong>427</strong></span> <span class='ocrx_word' id='word_1_229' title='bbox 3137 1135 3349 1187; x_wconf 88' lang='lat' dir='ltr'><strong>Israeli</strong></span> <span class='ocrx_word' id='word_1_230' title='bbox 3373 1153 3391 1195; x_wconf 87' lang='lat'><strong>;</strong></span> <span class='ocrx_word' id='word_1_231' title='bbox 3418 1134 3531 1187; x_wconf 87' lang='lat' dir='ltr'><strong>ubi</strong></span> <span class='ocrx_word' id='word_1_232' title='bbox 3576 1146 3724 1186; x_wconf 81' lang='lat' dir='ltr'><strong>vero</strong></span> 
     </span>
    </p>
   </div>
   <div class='ocr_carea' id='block_1_34' title="bbox 2065 1205 3724 1268">
    <p class='ocr_par' dir='ltr' id='par_1_34' title="bbox 2065 1205 3724 1268">
     <span class='ocr_line' id='line_1_34' title="bbox 2065 1205 3724 1268; baseline -0.002 -11"><span class='ocrx_word' id='word_1_233' title='bbox 2065 1207 2235 1260; x_wconf 72' lang='lat' dir='ltr'><strong>Judm</strong></span> <span class='ocrx_word' id='word_1_234' title='bbox 2254 1209 2470 1259; x_wconf 87' lang='lat' dir='ltr'><strong>crimen</strong></span> <span class='ocrx_word' id='word_1_235' title='bbox 2497 1208 2754 1268; x_wconf 79' lang='lat' dir='ltr'><strong>agitavit,</strong></span> <span class='ocrx_word' id='word_1_236' title='bbox 2779 1206 3059 1263; x_wconf 84' lang='lat' dir='ltr'><strong>videlicet,</strong></span> <span class='ocrx_word' id='word_1_237' title='bbox 3084 1205 3159 1258; x_wconf 91' lang='lat' dir='ltr'><strong>de</strong></span> <span class='ocrx_word' id='word_1_238' title='bbox 3184 1206 3397 1258; x_wconf 82' lang='lat' dir='ltr'><strong>fratris</strong></span> <span class='ocrx_word' id='word_1_239' title='bbox 3418 1207 3517 1258; x_wconf 88' lang='lat' dir='ltr'><strong>sui</strong></span> <span class='ocrx_word' id='word_1_240' title='bbox 3546 1211 3724 1267; x_wconf 78' lang='lat' dir='ltr'><strong>capti-</strong></span> 
     </span>
    </p>
   </div>
   <div class='ocr_carea' id='block_1_35' title="bbox 2066 1276 3724 1342">
    <p class='ocr_par' dir='ltr' id='par_1_35' title="bbox 2066 1276 3724 1342">
     <span class='ocr_line' id='line_1_35' title="bbox 2066 1276 3724 1342; baseline -0.001 -12"><span class='ocrx_word' id='word_1_241' title='bbox 2066 1278 2245 1330; x_wconf 80' lang='lat' dir='ltr'><strong>vitate</strong></span> <span class='ocrx_word' id='word_1_242' title='bbox 2272 1278 2495 1330; x_wconf 91' lang='lat' dir='ltr'><strong>lucrum</strong></span> <span class='ocrx_word' id='word_1_243' title='bbox 2518 1278 2834 1342; x_wconf 69' lang='lat' dir='ltr'><strong>qummntis</strong></span> <span class='ocrx_word' id='word_1_244' title='bbox 2858 1282 2916 1329; x_wconf 91' lang='lat' dir='ltr'><strong>et</strong></span> <span class='ocrx_word' id='word_1_245' title='bbox 2937 1276 3219 1341; x_wconf 86' lang='lat' dir='ltr'><strong>gaudium</strong></span> <span class='ocrx_word' id='word_1_246' title='bbox 3245 1278 3609 1330; x_wconf 79' lang='lat' dir='ltr'><strong>sentientis.</strong></span> <span class='ocrx_word' id='word_1_247' title='bbox 3639 1277 3724 1328; x_wconf 82' lang='lat' dir='ltr'><strong>id-</strong></span> 
     </span>
    </p>
   </div>
   <div class='ocr_carea' id='block_1_36' title="bbox 2065 1347 3721 1414">
    <p class='ocr_par' dir='ltr' id='par_1_36' title="bbox 2065 1347 3721 1414">
     <span class='ocr_line' id='line_1_36' title="bbox 2065 1347 3721 1414; baseline -0.001 -15"><span class='ocrx_word' id='word_1_248' title='bbox 2065 1362 2177 1411; x_wconf 91' lang='lat' dir='ltr'><strong>que</strong></span> <span class='ocrx_word' id='word_1_249' title='bbox 2201 1351 2430 1401; x_wconf 90' lang='lat' dir='ltr'><strong>censuit</strong></span> <span class='ocrx_word' id='word_1_250' title='bbox 2450 1350 2577 1402; x_wconf 89' lang='lat' dir='ltr'><strong>aliis</strong></span> <span class='ocrx_word' id='word_1_251' title='bbox 2601 1349 3036 1414; x_wconf 71' lang='lat' dir='ltr'><strong>prmponderare</strong></span> <span class='ocrx_word' id='word_1_252' title='bbox 3062 1348 3431 1399; x_wconf 86' lang='lat' dir='ltr'><strong>criminibus</strong></span> <span class='ocrx_word' id='word_1_253' title='bbox 3447 1365 3463 1396; x_wconf 87' lang='lat'><strong><em>:</em></strong></span> <span class='ocrx_word' id='word_1_254' title='bbox 3489 1347 3721 1399; x_wconf 84' lang='lat' dir='ltr'><strong>eodem</strong></span> 
     </span>
    </p>
   </div>
   <div class='ocr_carea' id='block_1_37' title="bbox 2066 1418 3721 1484">
    <p class='ocr_par' dir='ltr' id='par_1_37' title="bbox 2066 1418 3721 1484">
     <span class='ocr_line' id='line_1_37' title="bbox 2066 1418 3721 1484; baseline -0.001 -14"><span class='ocrx_word' id='word_1_255' title='bbox 2066 1420 2239 1472; x_wconf 89' lang='lat' dir='ltr'><strong>etiam</strong></span> <span class='ocrx_word' id='word_1_256' title='bbox 2263 1425 2461 1473; x_wconf 90' lang='lat' dir='ltr'><strong>tenore</strong></span> <span class='ocrx_word' id='word_1_257' title='bbox 2486 1422 2733 1484; x_wconf 87' lang='lat' dir='ltr'><strong>subjecit</strong></span> <span class='ocrx_word' id='word_1_258' title='bbox 2755 1418 2997 1480; x_wconf 88' lang='lat' dir='ltr'><strong>reliqua,</strong></span> <span class='ocrx_word' id='word_1_259' title='bbox 3016 1422 3079 1467; x_wconf 90' lang='lat' dir='ltr'><strong>ut</strong></span> <span class='ocrx_word' id='word_1_260' title='bbox 3103 1418 3355 1480; x_wconf 85' lang='lat' dir='ltr'><strong>diceret,</strong></span> <span class='ocrx_word' id='word_1_261' title='bbox 3374 1422 3439 1468; x_wconf 89' lang='lat' dir='ltr'><strong>et</strong></span> <span class='ocrx_word' id='word_1_262' title='bbox 3455 1418 3721 1469; x_wconf 88' lang='lat' dir='ltr'><strong>circum-</strong></span> 
     </span>
    </p>
   </div>
   <div class='ocr_carea' id='block_1_38' title="bbox 2063 1488 3716 1554">
    <p class='ocr_par' dir='ltr' id='par_1_38' title="bbox 2063 1488 3716 1554">
     <span class='ocr_line' id='line_1_38' title="bbox 2063 1488 3716 1554; baseline 0.001 -14"><span class='ocrx_word' id='word_1_263' title='bbox 2063 1496 2299 1541; x_wconf 80' lang='lat' dir='ltr'><strong>ventum</strong></span> <span class='ocrx_word' id='word_1_264' title='bbox 2323 1493 2379 1542; x_wconf 91' lang='lat' dir='ltr'><strong>in</strong></span> <span class='ocrx_word' id='word_1_265' title='bbox 2399 1492 2617 1554; x_wconf 87' lang='lat' dir='ltr'><strong>judicio</strong></span> <span class='ocrx_word' id='word_1_266' title='bbox 2645 1490 2825 1541; x_wconf 88' lang='lat' dir='ltr'><strong>fuisse</strong></span> <span class='ocrx_word' id='word_1_267' title='bbox 2844 1488 3077 1540; x_wconf 84' lang='lat' dir='ltr'><strong>Efl‘raim</strong></span> <span class='ocrx_word' id='word_1_268' title='bbox 3093 1493 3153 1539; x_wconf 90' lang='lat' dir='ltr'><strong>et</strong></span> <span class='ocrx_word' id='word_1_269' title='bbox 3179 1489 3389 1552; x_wconf 90' lang='lat' dir='ltr'><strong>ipsum</strong></span> <span class='ocrx_word' id='word_1_270' title='bbox 3411 1489 3716 1553; x_wconf 82' lang='lat' dir='ltr'><strong>principia</strong></span> 
     </span>
    </p>
   </div>
   <div class='ocr_carea' id='block_1_39' title="bbox 2064 1560 3715 1613">
    <p class='ocr_par' dir='ltr' id='par_1_39' title="bbox 2064 1560 3715 1613">
     <span class='ocr_line' id='line_1_39' title="bbox 2064 1560 3715 1613; baseline -0.001 -1"><span class='ocrx_word' id='word_1_271' title='bbox 2064 1562 2271 1613; x_wconf 89' lang='lat' dir='ltr'><strong>erroris</strong></span> <span class='ocrx_word' id='word_1_272' title='bbox 2304 1561 2596 1613; x_wconf 87' lang='lat' dir='ltr'><strong>habuisse.</strong></span> <span class='ocrx_word' id='word_1_273' title='bbox 2621 1563 2704 1613; x_wconf 88' lang='lat' dir='ltr'><strong>Ac</strong></span> <span class='ocrx_word' id='word_1_274' title='bbox 2730 1562 2777 1611; x_wconf 90' lang='lat' dir='ltr'><strong>si</strong></span> <span class='ocrx_word' id='word_1_275' title='bbox 2801 1560 3020 1611; x_wconf 86' lang='lat' dir='ltr'><strong>diceret</strong></span> <span class='ocrx_word' id='word_1_276' title='bbox 3044 1577 3055 1608; x_wconf 76' lang='grc' dir='ltr'>ε</span> <span class='ocrx_word' id='word_1_277' title='bbox 3095 1560 3358 1612; x_wconf 83' lang='lat' dir='ltr'><strong>Tantam</strong></span> <span class='ocrx_word' id='word_1_278' title='bbox 3380 1561 3715 1613; x_wconf 74' lang='lat' dir='ltr'><strong>crudelita-</strong></span> 
     </span>
    </p>
   </div>
   <div class='ocr_carea' id='block_1_40' title="bbox 2062 1631 3709 1696">
    <p class='ocr_par' dir='ltr' id='par_1_40' title="bbox 2062 1631 3709 1696">
     <span class='ocr_line' id='line_1_40' title="bbox 2062 1631 3709 1696; baseline 0 -13"><span class='ocrx_word' id='word_1_279' title='bbox 2062 1637 2195 1695; x_wconf 90' lang='lat' dir='ltr'><strong>tem,</strong></span> <span class='ocrx_word' id='word_1_280' title='bbox 2233 1636 2263 1684; x_wconf 88' lang='lat' dir='ltr'><strong>J</strong></span> <span class='ocrx_word' id='word_1_281' title='bbox 2273 1633 2434 1696; x_wconf 86' lang='lat' dir='ltr'><strong>udas,</strong></span> <span class='ocrx_word' id='word_1_282' title='bbox 2460 1632 2634 1684; x_wconf 87' lang='lat' dir='ltr'><strong>animi</strong></span> <span class='ocrx_word' id='word_1_283' title='bbox 2672 1632 2754 1683; x_wconf 90' lang='lat' dir='ltr'><strong>tui</strong></span> <span class='ocrx_word' id='word_1_284' title='bbox 2787 1631 3114 1695; x_wconf 89' lang='lat' dir='ltr'><strong>publicasti,</strong></span> <span class='ocrx_word' id='word_1_285' title='bbox 3159 1636 3224 1682; x_wconf 89' lang='lat' dir='ltr'><strong>ut</strong></span> <span class='ocrx_word' id='word_1_286' title='bbox 3250 1631 3314 1682; x_wconf 91' lang='lat' dir='ltr'><strong>in</strong></span> <span class='ocrx_word' id='word_1_287' title='bbox 3340 1632 3709 1695; x_wconf 76' lang='lat' dir='ltr'><strong>sceleribus,</strong></span> 
     </span>
    </p>
   </div>
   <div class='ocr_carea' id='block_1_41' title="bbox 359 1703 3708 1790">
    <p class='ocr_par' dir='ltr' id='par_1_41' title="bbox 359 1703 3708 1790">
     <span class='ocr_line' id='line_1_41' title="bbox 359 1703 3708 1790; baseline -0 -35"><span class='ocrx_word' id='word_1_288' title='bbox 359 1705 461 1756; x_wconf 90' lang='lat' dir='ltr'><strong>sed</strong></span> <span class='ocrx_word' id='word_1_289' title='bbox 485 1705 658 1790; x_wconf 75' lang='lat' dir='ltr'><strong>etiam</strong></span> <span class='ocrx_word' id='word_1_290' title='bbox 681 1704 1051 1790; x_wconf 76' lang='lat' dir='ltr'><strong>delinquendi</strong></span> <span class='ocrx_word' id='word_1_291' title='bbox 1074 1706 1712 1790; x_wconf 39' lang='lat' dir='ltr'><strong>praebuit‘i&#39;ncremenjla.</strong></span> <span class='ocrx_word' id='word_1_292' title='bbox 1727 1705 1848 1755; x_wconf 86' lang='lat' dir='ltr'><strong>Hoc</strong></span> <span class='ocrx_word' id='word_1_293' title='bbox 1864 1708 1961 1787; x_wconf 54' lang='grc' dir='ltr'><strong>ἱξε-</strong></span> <span class='ocrx_word' id='word_1_294' title='bbox 1994 1717 2046 1790; x_wconf 82' lang='grc' dir='ltr'><strong>Β</strong></span> <span class='ocrx_word' id='word_1_295' title='bbox 2069 1717 2168 1790; x_wconf 61' lang='lat' dir='ltr'><strong>pro</strong></span> <span class='ocrx_word' id='word_1_296' title='bbox 2192 1704 2406 1786; x_wconf 80' lang='lat' dir='ltr'><strong>quibus</strong></span> <span class='ocrx_word' id='word_1_297' title='bbox 2430 1707 2521 1790; x_wconf 67' lang='lat' dir='ltr'><strong>est</strong></span> <span class='ocrx_word' id='word_1_298' title='bbox 2550 1703 3178 1790; x_wconf 29' lang='lat' dir='ltr'><strong>damnatusllsragelmtu</strong></span> <span class='ocrx_word' id='word_1_299' title='bbox 3200 1703 3504 1785; x_wconf 76' lang='lat' dir='ltr'><strong>horridior</strong></span> <span class='ocrx_word' id='word_1_300' title='bbox 3526 1708 3708 1790; x_wconf 55' lang='lat' dir='ltr'><strong>vetu-</strong></span> 
     </span>
    </p>
   </div>
   <div class='ocr_carea' id='block_1_42' title="bbox 360 1776 1963 1840">
    <p class='ocr_par' dir='ltr' id='par_1_42' title="bbox 360 1776 1963 1840">
     <span class='ocr_line' id='line_1_42' title="bbox 360 1776 1963 1840; baseline -0.001 -13"><span class='ocrx_word' id='word_1_301' title='bbox 360 1788 471 1839; x_wconf 89' lang='lat' dir='ltr'><strong>que</strong></span> <span class='ocrx_word' id='word_1_302' title='bbox 505 1776 871 1828; x_wconf 85' lang='lat' dir='ltr'><strong>vehementer</strong></span> <span class='ocrx_word' id='word_1_303' title='bbox 892 1778 1289 1840; x_wconf 85' lang='lat' dir='ltr'><strong>exprobrat,et</strong></span> <span class='ocrx_word' id='word_1_304' title='bbox 1309 1776 1466 1840; x_wconf 90' lang='lat' dir='ltr'><strong>dicit,</strong></span> <span class='ocrx_word' id='word_1_305' title='bbox 1484 1776 1648 1840; x_wconf 93' lang='lat' dir='ltr'><strong>perid</strong></span> <span class='ocrx_word' id='word_1_306' title='bbox 1664 1776 1963 1839; x_wconf 90' lang='lat' dir='ltr'><strong>apparuis-</strong></span> 
     </span>
    </p>
   </div>
   <div class='ocr_carea' id='block_1_43' title="bbox 362 1846 1964 1912">
    <p class='ocr_par' dir='ltr' id='par_1_43' title="bbox 362 1846 1964 1912">
     <span class='ocr_line' id='line_1_43' title="bbox 362 1846 1964 1912; baseline -0.001 -14"><span class='ocrx_word' id='word_1_307' title='bbox 362 1860 424 1899; x_wconf 91' lang='lat' dir='ltr'><strong>se</strong></span> <span class='ocrx_word' id='word_1_308' title='bbox 468 1851 707 1912; x_wconf 87' lang='lat' dir='ltr'><strong>pejores,</strong></span> <span class='ocrx_word' id='word_1_309' title='bbox 759 1861 857 1912; x_wconf 89' lang='lat' dir='ltr'><strong>per</strong></span> <span class='ocrx_word' id='word_1_310' title='bbox 902 1848 1056 1912; x_wconf 86' lang='lat' dir='ltr'><strong>quod</strong></span> <span class='ocrx_word' id='word_1_311' title='bbox 1101 1848 1224 1901; x_wconf 82' lang='lat' dir='ltr'><strong>ﬂeri</strong></span> <span class='ocrx_word' id='word_1_312' title='bbox 1258 1848 1572 1900; x_wconf 90' lang='lat' dir='ltr'><strong>debuerant</strong></span> <span class='ocrx_word' id='word_1_313' title='bbox 1594 1846 1680 1899; x_wconf 89' lang='lat' dir='ltr'><strong>vel</strong></span> <span class='ocrx_word' id='word_1_314' title='bbox 1707 1859 1807 1910; x_wconf 90' lang='lat' dir='ltr'><strong>pro</strong></span> <span class='ocrx_word' id='word_1_315' title='bbox 1840 1846 1964 1911; x_wconf 88' lang='lat' dir='ltr'><strong>ipsa</strong></span> 
     </span>
    </p>
   </div>
   <div class='ocr_carea' id='block_1_44' title="bbox 360 1918 1024 1971">
    <p class='ocr_par' dir='ltr' id='par_1_44' title="bbox 360 1918 1024 1971">
     <span class='ocr_line' id='line_1_44' title="bbox 360 1918 1024 1971; baseline 0 0"><span class='ocrx_word' id='word_1_316' title='bbox 360 1918 719 1971; x_wconf 85' lang='lat' dir='ltr'><strong>humanitate</strong></span> <span class='ocrx_word' id='word_1_317' title='bbox 740 1920 1024 1971; x_wconf 89' lang='lat' dir='ltr'><strong>meliores.</strong></span> 
     </span>
    </p>
   </div>
   <div class='ocr_carea' id='block_1_45' title="bbox 425 1987 1965 2058">
    <p class='ocr_par' dir='ltr' id='par_1_45' title="bbox 425 1987 1965 2058">
     <span class='ocr_line' id='line_1_45' title="bbox 425 1987 1965 2058; baseline -0.001 -18"><span class='ocrx_word' id='word_1_318' title='bbox 425 1993 586 2042; x_wconf 88' lang='lat' dir='ltr'><strong>Vers.</strong></span> <span class='ocrx_word' id='word_1_319' title='bbox 615 1990 701 2046; x_wconf 91' lang='grc'><strong>10.</strong></span> <span class='ocrx_word' id='word_1_320' title='bbox 728 2019 787 2029; x_wconf 94' lang='grc'><strong><em>-</em></strong></span> <span class='ocrx_word' id='word_1_321' title='bbox 810 1992 960 2041; x_wconf 89' lang='lat' dir='ltr'><strong>Facti</strong></span> <span class='ocrx_word' id='word_1_322' title='bbox 980 1996 1107 2040; x_wconf 86' lang='lat' dir='ltr'><strong>sunt</strong></span> <span class='ocrx_word' id='word_1_323' title='bbox 1123 1990 1275 2043; x_wconf 90' lang='lat' dir='ltr'><strong>enim</strong></span> <span class='ocrx_word' id='word_1_324' title='bbox 1521 1990 1794 2054; x_wconf 75' lang='lat' dir='ltr'><strong>principes</strong></span> <span class='ocrx_word' id='word_1_325' title='bbox 1816 1990 1965 2039; x_wconf 85' lang='lat' dir='ltr'><strong>Juda</strong></span> 
     </span>
    </p>
   </div>
   <div class='ocr_carea' id='block_1_46' title="bbox 363 2060 1965 2126">
    <p class='ocr_par' dir='ltr' id='par_1_46' title="bbox 363 2060 1965 2126">
     <span class='ocr_line' id='line_1_46' title="bbox 363 2060 1965 2126; baseline 0.001 -18"><span class='ocrx_word' id='word_1_326' title='bbox 363 2062 521 2124; x_wconf 87' lang='lat' dir='ltr'><strong>quasi</strong></span> <span class='ocrx_word' id='word_1_327' title='bbox 543 2077 669 2111; x_wconf 83' lang='lat' dir='ltr'><strong>assu</strong></span> <span class='ocrx_word' id='word_1_328' title='bbox 677 2066 872 2111; x_wconf 86' lang='lat' dir='ltr'><strong>mentes</strong></span> <span class='ocrx_word' id='word_1_329' title='bbox 895 2062 1214 2122; x_wconf 85' lang='lat' dir='ltr'><strong>terminum,</strong></span> <span class='ocrx_word' id='word_1_330' title='bbox 1231 2076 1392 2125; x_wconf 83' lang='lat' dir='ltr'><strong>super</strong></span> <span class='ocrx_word' id='word_1_331' title='bbox 1407 2077 1490 2111; x_wconf 88' lang='lat' dir='ltr'><strong>eos</strong></span> <span class='ocrx_word' id='word_1_332' title='bbox 1509 2061 1795 2126; x_wconf 75' lang='lat' dir='ltr'><strong>effundam</strong></span> <span class='ocrx_word' id='word_1_333' title='bbox 1807 2060 1965 2125; x_wconf 87' lang='lat' dir='ltr'><strong>quasi</strong></span> 
     </span>
    </p>
   </div>
   <div class='ocr_carea' id='block_1_47' title="bbox 360 2132 1965 2196">
    <p class='ocr_par' dir='ltr' id='par_1_47' title="bbox 360 2132 1965 2196">
     <span class='ocr_line' id='line_1_47' title="bbox 360 2132 1965 2196; baseline 0.002 -17"><span class='ocrx_word' id='word_1_334' title='bbox 360 2147 567 2195; x_wconf 86' lang='lat' dir='ltr'><strong>aquam</strong></span> <span class='ocrx_word' id='word_1_335' title='bbox 584 2133 731 2181; x_wconf 87' lang='lat' dir='ltr'><strong>iram</strong></span> <span class='ocrx_word' id='word_1_336' title='bbox 749 2147 940 2181; x_wconf 84' lang='lat' dir='ltr'><strong>meam.</strong></span> <span class='ocrx_word' id='word_1_337' title='bbox 961 2132 1132 2194; x_wconf 89' lang='lat' dir='ltr'><strong>Idest,</strong></span> <span class='ocrx_word' id='word_1_338' title='bbox 1151 2137 1406 2194; x_wconf 87' lang='lat' dir='ltr'><strong>tempore</strong></span> <span class='ocrx_word' id='word_1_339' title='bbox 1422 2133 1768 2196; x_wconf 86' lang='lat' dir='ltr'><strong>captivitatis</strong></span> <span class='ocrx_word' id='word_1_340' title='bbox 1784 2135 1965 2196; x_wconf 81' lang='lat' dir='ltr'><strong>Assy-</strong></span> 
     </span>
    </p>
   </div>
   <div class='ocr_carea' id='block_1_48' title="bbox 360 2201 1963 2266">
    <p class='ocr_par' dir='ltr' id='par_1_48' title="bbox 360 2201 1963 2266">
     <span class='ocr_line' id='line_1_48' title="bbox 360 2201 1963 2266; baseline -0.002 -13"><span class='ocrx_word' id='word_1_341' title='bbox 360 2201 477 2263; x_wconf 65' lang='lat' dir='ltr'><strong>rias,</strong></span> <span class='ocrx_word' id='word_1_342' title='bbox 503 2215 637 2264; x_wconf 66' lang='lat' dir='ltr'><strong>quae</strong></span> <span class='ocrx_word' id='word_1_343' title='bbox 665 2204 847 2254; x_wconf 89' lang='lat' dir='ltr'><strong>tribus</strong></span> <span class='ocrx_word' id='word_1_344' title='bbox 870 2203 1070 2255; x_wconf 90' lang='lat' dir='ltr'><strong>decem</strong></span> <span class='ocrx_word' id='word_1_345' title='bbox 1094 2203 1165 2255; x_wconf 90' lang='lat' dir='ltr'><strong>de</strong></span> <span class='ocrx_word' id='word_1_346' title='bbox 1189 2202 1401 2255; x_wconf 75' lang='lat' dir='ltr'><strong>finibus</strong></span> <span class='ocrx_word' id='word_1_347' title='bbox 1419 2203 1540 2254; x_wconf 90' lang='lat' dir='ltr'><strong>suis</strong></span> <span class='ocrx_word' id='word_1_348' title='bbox 1560 2203 1792 2266; x_wconf 90' lang='lat' dir='ltr'><strong>pepulit,</strong></span> <span class='ocrx_word' id='word_1_349' title='bbox 1821 2206 1963 2251; x_wconf 64' lang='lat' dir='ltr'><strong>Juda)</strong></span> 
     </span>
    </p>
   </div>
   <div class='ocr_carea' id='block_1_49' title="bbox 359 2272 1964 2337">
    <p class='ocr_par' dir='ltr' id='par_1_49' title="bbox 359 2272 1964 2337">
     <span class='ocr_line' id='line_1_49' title="bbox 359 2272 1964 2337; baseline 0.001 -15"><span class='ocrx_word' id='word_1_350' title='bbox 359 2272 665 2336; x_wconf 87' lang='lat' dir='ltr'><strong>principes,</strong></span> <span class='ocrx_word' id='word_1_351' title='bbox 691 2286 841 2337; x_wconf 88' lang='lat' dir='ltr'><strong>quos</strong></span> <span class='ocrx_word' id='word_1_352' title='bbox 867 2273 1116 2327; x_wconf 86' lang='lat' dir='ltr'><strong>fraterna</strong></span> <span class='ocrx_word' id='word_1_353' title='bbox 1138 2273 1465 2326; x_wconf 89' lang='lat' dir='ltr'><strong>calamitate</strong></span> <span class='ocrx_word' id='word_1_354' title='bbox 1491 2275 1551 2324; x_wconf 90' lang='lat' dir='ltr'><strong>in</strong></span> <span class='ocrx_word' id='word_1_355' title='bbox 1575 2275 1774 2325; x_wconf 84' lang='lat' dir='ltr'><strong>fletum</strong></span> <span class='ocrx_word' id='word_1_356' title='bbox 1803 2286 1964 2336; x_wconf 90' lang='lat' dir='ltr'><strong>opor-</strong></span> 
     </span>
    </p>
   </div>
   <div class='ocr_carea' id='block_1_50' title="bbox 361 2344 1964 2409">
    <p class='ocr_par' dir='ltr' id='par_1_50' title="bbox 361 2344 1964 2409">
     <span class='ocr_line' id='line_1_50' title="bbox 361 2344 1964 2409; baseline 0.001 -16"><span class='ocrx_word' id='word_1_357' title='bbox 361 2346 547 2394; x_wconf 88' lang='lat' dir='ltr'><strong>tuerat</strong></span> <span class='ocrx_word' id='word_1_358' title='bbox 558 2344 928 2402; x_wconf 90' lang='lat' dir='ltr'><strong>commoveri,</strong></span> <span class='ocrx_word' id='word_1_359' title='bbox 962 2357 1027 2395; x_wconf 87' lang='lat' dir='ltr'><strong>ac</strong></span> <span class='ocrx_word' id='word_1_360' title='bbox 1052 2344 1314 2396; x_wconf 91' lang='lat' dir='ltr'><strong>decorem</strong></span> <span class='ocrx_word' id='word_1_361' title='bbox 1338 2356 1562 2396; x_wconf 90' lang='lat' dir='ltr'><strong>morum</strong></span> <span class='ocrx_word' id='word_1_362' title='bbox 1588 2344 1787 2395; x_wconf 89' lang='lat' dir='ltr'><strong>sedulo</strong></span> <span class='ocrx_word' id='word_1_363' title='bbox 1811 2345 1964 2409; x_wconf 85' lang='lat' dir='ltr'><strong>cogi-</strong></span> 
     </span>
    </p>
   </div>
   <div class='ocr_carea' id='block_1_51' title="bbox 360 2414 1963 2481">
    <p class='ocr_par' dir='ltr' id='par_1_51' title="bbox 360 2414 1963 2481">
     <span class='ocr_line' id='line_1_51' title="bbox 360 2414 1963 2481; baseline 0.001 -17"><span class='ocrx_word' id='word_1_364' title='bbox 360 2418 500 2477; x_wconf 84' lang='lat' dir='ltr'><strong>tare,</strong></span> <span class='ocrx_word' id='word_1_365' title='bbox 526 2426 599 2464; x_wconf 92' lang='lat' dir='ltr'><strong>ne</strong></span> <span class='ocrx_word' id='word_1_366' title='bbox 625 2415 681 2465; x_wconf 91' lang='lat' dir='ltr'><strong>et</strong></span> <span class='ocrx_word' id='word_1_367' title='bbox 709 2414 838 2481; x_wconf 90' lang='lat' dir='ltr'><strong>ipsi,</strong></span> <span class='ocrx_word' id='word_1_368' title='bbox 864 2414 1144 2475; x_wconf 89' lang='lat' dir='ltr'><strong>videlicet,</strong></span> <span class='ocrx_word' id='word_1_369' title='bbox 1171 2416 1228 2467; x_wconf 90' lang='lat' dir='ltr'><strong>in</strong></span> <span class='ocrx_word' id='word_1_370' title='bbox 1255 2415 1473 2467; x_wconf 90' lang='lat' dir='ltr'><strong>similes</strong></span> <span class='ocrx_word' id='word_1_371' title='bbox 1499 2427 1793 2467; x_wconf 62' lang='lat' dir='ltr'><strong>aerumnas</strong></span> <span class='ocrx_word' id='word_1_372' title='bbox 1810 2416 1963 2467; x_wconf 84' lang='lat' dir='ltr'><strong>labe-</strong></span> 
     </span>
    </p>
   </div>
   <div class='ocr_carea' id='block_1_52' title="bbox 358 2485 1963 2547">
    <p class='ocr_par' dir='ltr' id='par_1_52' title="bbox 358 2485 1963 2547">
     <span class='ocr_line' id='line_1_52' title="bbox 358 2485 1963 2547; baseline 0 -12"><span class='ocrx_word' id='word_1_373' title='bbox 358 2488 597 2539; x_wconf 89' lang='lat' dir='ltr'><strong>rentur:</strong></span> <span class='ocrx_word' id='word_1_374' title='bbox 631 2497 747 2536; x_wconf 91' lang='lat' dir='ltr'><strong>non</strong></span> <span class='ocrx_word' id='word_1_375' title='bbox 772 2485 958 2537; x_wconf 92' lang='lat' dir='ltr'><strong>solum</strong></span> <span class='ocrx_word' id='word_1_376' title='bbox 983 2486 1126 2539; x_wconf 87' lang='lat' dir='ltr'><strong>nihil</strong></span> <span class='ocrx_word' id='word_1_377' title='bbox 1149 2486 1472 2538; x_wconf 88' lang='lat' dir='ltr'><strong>formidinis</strong></span> <span class='ocrx_word' id='word_1_378' title='bbox 1498 2488 1963 2547; x_wconf 86' lang='lat' dir='ltr'><strong>compunctiouisve</strong></span> 
     </span>
    </p>
   </div>
   <div class='ocr_carea' id='block_1_53' title="bbox 357 2555 1964 2619">
    <p class='ocr_par' dir='ltr' id='par_1_53' title="bbox 357 2555 1964 2619">
     <span class='ocr_line' id='line_1_53' title="bbox 357 2555 1964 2619; baseline 0.001 -15"><span class='ocrx_word' id='word_1_379' title='bbox 357 2559 684 2619; x_wconf 87' lang='lat' dir='ltr'><strong>senserunt,</strong></span> <span class='ocrx_word' id='word_1_380' title='bbox 710 2555 812 2607; x_wconf 84' lang='lat' dir='ltr'><strong>sed</strong></span> <span class='ocrx_word' id='word_1_381' title='bbox 836 2557 1226 2619; x_wconf 86' lang='lat' dir='ltr'><strong>parricidalem</strong></span> <span class='ocrx_word' id='word_1_382' title='bbox 1251 2557 1425 2609; x_wconf 89' lang='lat' dir='ltr'><strong>etiam</strong></span> <span class='ocrx_word' id='word_1_383' title='bbox 1445 2556 1706 2608; x_wconf 88' lang='lat' dir='ltr'><strong>animum</strong></span> <span class='ocrx_word' id='word_1_384' title='bbox 1732 2558 1964 2618; x_wconf 83' lang='lat' dir='ltr'><strong>publica-</strong></span> 
     </span>
    </p>
   </div>
   <div class='ocr_carea' id='block_1_54' title="bbox 358 2625 1962 2693">
    <p class='ocr_par' dir='ltr' id='par_1_54' title="bbox 358 2625 1962 2693">
     <span class='ocr_line' id='line_1_54' title="bbox 358 2625 1962 2693; baseline 0.002 -18"><span class='ocrx_word' id='word_1_385' title='bbox 358 2626 508 2684; x_wconf 87' lang='lat' dir='ltr'><strong>runt,</strong></span> <span class='ocrx_word' id='word_1_386' title='bbox 534 2625 729 2677; x_wconf 91' lang='lat' dir='ltr'><strong>addita</strong></span> <span class='ocrx_word' id='word_1_387' title='bbox 754 2626 884 2689; x_wconf 88' lang='lat' dir='ltr'><strong>sibi,</strong></span> <span class='ocrx_word' id='word_1_388' title='bbox 907 2627 1387 2693; x_wconf 86' lang='lat' dir='ltr'><strong>videlicet,spatia</strong></span> <span class='ocrx_word' id='word_1_389' title='bbox 1408 2627 1962 2691; x_wconf 89' lang='lat' dir='ltr'><strong>terrarum,expulso</strong></span> 
     </span>
    </p>
   </div>
   <div class='ocr_carea' id='block_1_55' title="bbox 358 2695 1963 2764">
    <p class='ocr_par' dir='ltr' id='par_1_55' title="bbox 358 2695 1963 2764">
     <span class='ocr_line' id='line_1_55' title="bbox 358 2695 1963 2764; baseline 0.002 -17"><span class='ocrx_word' id='word_1_390' title='bbox 358 2695 548 2760; x_wconf 82' lang='lat' dir='ltr'><strong>fratre,</strong></span> <span class='ocrx_word' id='word_1_391' title='bbox 580 2696 915 2760; x_wconf 87' lang='lat' dir='ltr'><strong>gaudentes.</strong></span> <span class='ocrx_word' id='word_1_392' title='bbox 944 2701 1007 2750; x_wconf 94' lang='lat' dir='ltr'><strong>In</strong></span> <span class='ocrx_word' id='word_1_393' title='bbox 1032 2699 1124 2751; x_wconf 90' lang='lat' dir='ltr'><strong>die</strong></span> <span class='ocrx_word' id='word_1_394' title='bbox 1148 2712 1284 2764; x_wconf 90' lang='lat' dir='ltr'><strong>ergo</strong></span> <span class='ocrx_word' id='word_1_395' title='bbox 1311 2698 1702 2757; x_wconf 89' lang='lat' dir='ltr'><strong>desolationis,</strong></span> <span class='ocrx_word' id='word_1_396' title='bbox 1731 2701 1877 2763; x_wconf 86' lang='lat' dir='ltr'><strong>idest,</strong></span> <span class='ocrx_word' id='word_1_397' title='bbox 1903 2700 1963 2750; x_wconf 92' lang='lat' dir='ltr'><strong>in</strong></span> 
     </span>
    </p>
   </div>
   <div class='ocr_carea' id='block_1_56' title="bbox 361 2768 1963 2832">
    <p class='ocr_par' dir='ltr' id='par_1_56' title="bbox 361 2768 1963 2832">
     <span class='ocr_line' id='line_1_56' title="bbox 361 2768 1963 2832; baseline 0.001 -14"><span class='ocrx_word' id='word_1_398' title='bbox 361 2771 613 2832; x_wconf 84' lang='lat' dir='ltr'><strong>tempore</strong></span> <span class='ocrx_word' id='word_1_399' title='bbox 656 2780 770 2832; x_wconf 89' lang='lat' dir='ltr'><strong>quo</strong></span> <span class='ocrx_word' id='word_1_400' title='bbox 793 2768 998 2820; x_wconf 90' lang='lat' dir='ltr'><strong>Tribus</strong></span> <span class='ocrx_word' id='word_1_401' title='bbox 1022 2769 1347 2822; x_wconf 59' lang='lat' dir='ltr'><strong>Israelitica</strong></span> <span class='ocrx_word' id='word_1_402' title='bbox 1372 2770 1444 2822; x_wconf 92' lang='lat' dir='ltr'><strong>de</strong></span> <span class='ocrx_word' id='word_1_403' title='bbox 1467 2770 1590 2821; x_wconf 87' lang='lat' dir='ltr'><strong>suis</strong></span> <span class='ocrx_word' id='word_1_404' title='bbox 1614 2769 1827 2820; x_wconf 83' lang='lat' dir='ltr'><strong>finibus</strong></span> <span class='ocrx_word' id='word_1_405' title='bbox 1850 2769 1963 2820; x_wconf 82' lang='lat' dir='ltr'><strong>mi-</strong></span> 
     </span>
    </p>
   </div>
   <div class='ocr_carea' id='block_1_57' title="bbox 360 2840 1961 2904">
    <p class='ocr_par' dir='ltr' id='par_1_57' title="bbox 360 2840 1961 2904">
     <span class='ocr_line' id='line_1_57' title="bbox 360 2840 1961 2904; baseline 0.002 -15"><span class='ocrx_word' id='word_1_406' title='bbox 360 2841 693 2903; x_wconf 88' lang='lat' dir='ltr'><strong>graverunt,</strong></span> <span class='ocrx_word' id='word_1_407' title='bbox 719 2840 972 2892; x_wconf 84' lang='lat' dir='ltr'><strong>ostendit</strong></span> <span class='ocrx_word' id='word_1_408' title='bbox 1007 2840 1182 2892; x_wconf 86' lang='lat' dir='ltr'><strong>fidem</strong></span> <span class='ocrx_word' id='word_1_409' title='bbox 1210 2841 1525 2902; x_wconf 80' lang='lat' dir='ltr'><strong>(subaudis)</strong></span> <span class='ocrx_word' id='word_1_410' title='bbox 1547 2841 1716 2892; x_wconf 62' lang='lat' dir='ltr'><strong>Judas</strong></span> <span class='ocrx_word' id='word_1_411' title='bbox 1744 2855 1757 2890; x_wconf 88' lang='lat'><strong>:</strong></span> <span class='ocrx_word' id='word_1_412' title='bbox 1794 2841 1961 2904; x_wconf 88' lang='lat' dir='ltr'><strong>cujus</strong></span> 
     </span>
    </p>
   </div>
   <div class='ocr_carea' id='block_1_58' title="bbox 358 2909 1961 2975">
    <p class='ocr_par' dir='ltr' id='par_1_58' title="bbox 358 2909 1961 2975">
     <span class='ocr_line' id='line_1_58' title="bbox 358 2909 1961 2975; baseline 0.001 -14"><span class='ocrx_word' id='word_1_413' title='bbox 358 2909 548 2962; x_wconf 88' lang='lat' dir='ltr'><strong>latens</strong></span> <span class='ocrx_word' id='word_1_414' title='bbox 575 2915 771 2962; x_wconf 80' lang='lat' dir='ltr'><strong>votum</strong></span> <span class='ocrx_word' id='word_1_415' title='bbox 798 2911 1017 2964; x_wconf 89' lang='lat' dir='ltr'><strong>detexit</strong></span> <span class='ocrx_word' id='word_1_416' title='bbox 1038 2913 1281 2964; x_wconf 83' lang='lat' dir='ltr'><strong>occasio.</strong></span> <span class='ocrx_word' id='word_1_417' title='bbox 1307 2916 1498 2975; x_wconf 85' lang='lat' dir='ltr'><strong>Atque</strong></span> <span class='ocrx_word' id='word_1_418' title='bbox 1521 2912 1601 2963; x_wconf 87' lang='lat' dir='ltr'><strong>ita</strong></span> <span class='ocrx_word' id='word_1_419' title='bbox 1622 2912 1682 2962; x_wconf 92' lang='lat' dir='ltr'><strong>in</strong></span> <span class='ocrx_word' id='word_1_420' title='bbox 1706 2913 1844 2964; x_wconf 87' lang='lat' dir='ltr'><strong>Levi</strong></span> <span class='ocrx_word' id='word_1_421' title='bbox 1856 2911 1961 2963; x_wconf 83' lang='lat' dir='ltr'><strong>ha-</strong></span> 
     </span>
    </p>
   </div>
   <div class='ocr_carea' id='block_1_59' title="bbox 354 2980 1957 3045">
    <p class='ocr_par' dir='ltr' id='par_1_59' title="bbox 354 2980 1957 3045">
     <span class='ocr_line' id='line_1_59' title="bbox 354 2980 1957 3045; baseline -0.001 -14"><span class='ocrx_word' id='word_1_422' title='bbox 354 2980 480 3032; x_wconf 90' lang='lat' dir='ltr'><strong>buit</strong></span> <span class='ocrx_word' id='word_1_423' title='bbox 503 2980 835 3033; x_wconf 86' lang='lat' dir='ltr'><strong>discrimina</strong></span> <span class='ocrx_word' id='word_1_424' title='bbox 857 2995 1284 3045; x_wconf 86' lang='lat' dir='ltr'><strong>germanorum,</strong></span> <span class='ocrx_word' id='word_1_425' title='bbox 1315 2986 1383 3034; x_wconf 92' lang='lat' dir='ltr'><strong>ut</strong></span> <span class='ocrx_word' id='word_1_426' title='bbox 1407 2994 1475 3034; x_wconf 90' lang='lat' dir='ltr'><strong>ea</strong></span> <span class='ocrx_word' id='word_1_427' title='bbox 1490 2982 1601 3033; x_wconf 91' lang='lat' dir='ltr'><strong>sibi</strong></span> <span class='ocrx_word' id='word_1_428' title='bbox 1625 2982 1795 3033; x_wconf 90' lang='lat' dir='ltr'><strong>etiam</strong></span> <span class='ocrx_word' id='word_1_429' title='bbox 1819 2998 1957 3031; x_wconf 91' lang='lat' dir='ltr'><strong>com-</strong></span> 
     </span>
    </p>
   </div>
   <div class='ocr_carea' id='block_1_60' title="bbox 351 3051 1953 3118">
    <p class='ocr_par' dir='ltr' id='par_1_60' title="bbox 351 3051 1953 3118">
     <span class='ocr_line' id='line_1_60' title="bbox 351 3051 1953 3118; baseline 0.001 -15"><span class='ocrx_word' id='word_1_430' title='bbox 351 3051 523 3104; x_wconf 90' lang='lat' dir='ltr'><strong>moda</strong></span> <span class='ocrx_word' id='word_1_431' title='bbox 549 3052 729 3105; x_wconf 85' lang='lat' dir='ltr'><strong>fuisse</strong></span> <span class='ocrx_word' id='word_1_432' title='bbox 752 3051 1114 3118; x_wconf 90' lang='lat' dir='ltr'><strong>loqueretur:</strong></span> <span class='ocrx_word' id='word_1_433' title='bbox 1130 3053 1286 3118; x_wconf 90' lang='lat' dir='ltr'><strong>quod</strong></span> <span class='ocrx_word' id='word_1_434' title='bbox 1314 3067 1453 3105; x_wconf 88' lang='lat' dir='ltr'><strong>sane</strong></span> <span class='ocrx_word' id='word_1_435' title='bbox 1470 3052 1617 3104; x_wconf 88' lang='lat' dir='ltr'><strong>tanti</strong></span> <span class='ocrx_word' id='word_1_436' title='bbox 1639 3058 1830 3104; x_wconf 89' lang='lat' dir='ltr'><strong>reatus</strong></span> <span class='ocrx_word' id='word_1_437' title='bbox 1847 3057 1953 3112; x_wconf 89' lang='lat' dir='ltr'><strong>est,</strong></span> 
     </span>
    </p>
   </div>
   <div class='ocr_carea' id='block_1_61' title="bbox 2068 1774 3703 1839">
    <p class='ocr_par' dir='ltr' id='par_1_61' title="bbox 2068 1774 3703 1839">
     <span class='ocr_line' id='line_1_61' title="bbox 2068 1774 3703 1839; baseline 0 -13"><span class='ocrx_word' id='word_1_438' title='bbox 2068 1776 2323 1839; x_wconf 84' lang='lat' dir='ltr'><strong>stiorque</strong></span> <span class='ocrx_word' id='word_1_439' title='bbox 2354 1775 2616 1827; x_wconf 88' lang='lat' dir='ltr'><strong>videaris.</strong></span> <span class='ocrx_word' id='word_1_440' title='bbox 2644 1774 2807 1828; x_wconf 86' lang='lat' dir='ltr'><strong>Unde</strong></span> <span class='ocrx_word' id='word_1_441' title='bbox 2826 1778 2885 1826; x_wconf 89' lang='lat' dir='ltr'><strong>et</strong></span> <span class='ocrx_word' id='word_1_442' title='bbox 2917 1774 3123 1838; x_wconf 91' lang='lat' dir='ltr'><strong>judicii</strong></span> <span class='ocrx_word' id='word_1_443' title='bbox 3146 1774 3285 1837; x_wconf 92' lang='lat' dir='ltr'><strong>mei,</strong></span> <span class='ocrx_word' id='word_1_444' title='bbox 3324 1788 3438 1838; x_wconf 87' lang='lat' dir='ltr'><strong>pro</strong></span> <span class='ocrx_word' id='word_1_445' title='bbox 3464 1774 3703 1826; x_wconf 86' lang='lat' dir='ltr'><strong>merito—</strong></span> 
     </span>
    </p>
   </div>
   <div class='ocr_carea' id='block_1_62' title="bbox 2062 1845 3698 1910">
    <p class='ocr_par' dir='ltr' id='par_1_62' title="bbox 2062 1845 3698 1910">
     <span class='ocr_line' id='line_1_62' title="bbox 2062 1845 3698 1910; baseline -0.001 -13"><span class='ocrx_word' id='word_1_446' title='bbox 2062 1859 2190 1897; x_wconf 89' lang='lat' dir='ltr'><strong>rum</strong></span> <span class='ocrx_word' id='word_1_447' title='bbox 2243 1846 2578 1907; x_wconf 71' lang='lat' dir='ltr'><strong>differentia,</strong></span> <span class='ocrx_word' id='word_1_448' title='bbox 2605 1846 2813 1897; x_wconf 87' lang='lat' dir='ltr'><strong>modus</strong></span> <span class='ocrx_word' id='word_1_449' title='bbox 2843 1850 3104 1905; x_wconf 89' lang='lat' dir='ltr'><strong>acuetur,</strong></span> <span class='ocrx_word' id='word_1_450' title='bbox 3140 1849 3207 1896; x_wconf 88' lang='lat' dir='ltr'><strong>ut</strong></span> <span class='ocrx_word' id='word_1_451' title='bbox 3231 1845 3500 1907; x_wconf 80' lang='lat' dir='ltr'><strong>Eil‘raim,</strong></span> <span class='ocrx_word' id='word_1_452' title='bbox 3524 1846 3698 1910; x_wconf 81' lang='lat' dir='ltr'><strong>quasi</strong></span> 
     </span>
    </p>
   </div>
   <div class='ocr_carea' id='block_1_63' title="bbox 2062 1916 3693 1982">
    <p class='ocr_par' dir='ltr' id='par_1_63' title="bbox 2062 1916 3693 1982">
     <span class='ocr_line' id='line_1_63' title="bbox 2062 1916 3693 1982; baseline 0.001 -15"><span class='ocrx_word' id='word_1_453' title='bbox 2062 1917 2216 1968; x_wconf 88' lang='lat' dir='ltr'><strong>tinea</strong></span> <span class='ocrx_word' id='word_1_454' title='bbox 2239 1917 2571 1982; x_wconf 80' lang='lat' dir='ltr'><strong>interpolem</strong></span> <span class='ocrx_word' id='word_1_455' title='bbox 2601 1934 2613 1969; x_wconf 94' lang='lat'>:</span> <span class='ocrx_word' id='word_1_456' title='bbox 2650 1922 2708 1968; x_wconf 89' lang='lat' dir='ltr'><strong>le</strong></span> <span class='ocrx_word' id='word_1_457' title='bbox 2739 1930 2875 1968; x_wconf 90' lang='lat' dir='ltr'><strong>vero</strong></span> <span class='ocrx_word' id='word_1_458' title='bbox 2900 1916 3070 1980; x_wconf 89' lang='lat' dir='ltr'><strong>quasi</strong></span> <span class='ocrx_word' id='word_1_459' title='bbox 3086 1916 3395 1968; x_wconf 61' lang='lat' dir='ltr'><strong>inharens</strong></span> <span class='ocrx_word' id='word_1_460' title='bbox 3421 1917 3693 1982; x_wconf 84' lang='lat' dir='ltr'><strong>putredo,</strong></span> 
     </span>
    </p>
   </div>
   <div class='ocr_carea' id='block_1_64' title="bbox 2061 1987 3691 2051">
    <p class='ocr_par' dir='ltr' id='par_1_64' title="bbox 2061 1987 3691 2051">
     <span class='ocr_line' id='line_1_64' title="bbox 2061 1987 3691 2051; baseline 0 -12"><span class='ocrx_word' id='word_1_461' title='bbox 2061 2001 2417 2041; x_wconf 87' lang='lat' dir='ltr'><strong>consumam.</strong></span> <span class='ocrx_word' id='word_1_462' title='bbox 2437 1990 2651 2041; x_wconf 91' lang='lat' dir='ltr'><strong>Notum</strong></span> <span class='ocrx_word' id='word_1_463' title='bbox 2666 1993 2962 2040; x_wconf 90' lang='lat' dir='ltr'><strong>estautem</strong></span> <span class='ocrx_word' id='word_1_464' title='bbox 2978 1990 3201 2051; x_wconf 89' lang='lat' dir='ltr'><strong>quanto</strong></span> <span class='ocrx_word' id='word_1_465' title='bbox 3214 1987 3471 2049; x_wconf 88' lang='lat' dir='ltr'><strong>minore,</strong></span> <span class='ocrx_word' id='word_1_466' title='bbox 3484 2001 3550 2039; x_wconf 84' lang='lat' dir='ltr'><strong>ea</strong></span> <span class='ocrx_word' id='word_1_467' title='bbox 3570 2003 3691 2048; x_wconf 64' lang='lat' dir='ltr'><strong>qua</strong></span> 
     </span>
    </p>
   </div>
   <div class='ocr_carea' id='block_1_65' title="bbox 2063 2059 3691 2123">
    <p class='ocr_par' dir='ltr' id='par_1_65' title="bbox 2063 2059 3691 2123">
     <span class='ocr_line' id='line_1_65' title="bbox 2063 2059 3691 2123; baseline -0.002 -11"><span class='ocrx_word' id='word_1_468' title='bbox 2063 2060 2217 2112; x_wconf 86' lang='lat' dir='ltr'><strong>tinea</strong></span> <span class='ocrx_word' id='word_1_469' title='bbox 2263 2060 2507 2121; x_wconf 91' lang='lat' dir='ltr'><strong>mordet,</strong></span> <span class='ocrx_word' id='word_1_470' title='bbox 2547 2072 2721 2122; x_wconf 88' lang='lat' dir='ltr'><strong>quam</strong></span> <span class='ocrx_word' id='word_1_471' title='bbox 2756 2071 2888 2123; x_wconf 69' lang='lat' dir='ltr'><strong>qum</strong></span> <span class='ocrx_word' id='word_1_472' title='bbox 2911 2059 3162 2123; x_wconf 89' lang='lat' dir='ltr'><strong>putredo</strong></span> <span class='ocrx_word' id='word_1_473' title='bbox 3185 2059 3488 2123; x_wconf 82' lang='lat' dir='ltr'><strong>pervadit,</strong></span> <span class='ocrx_word' id='word_1_474' title='bbox 3511 2059 3691 2110; x_wconf 84' lang='lat' dir='ltr'><strong>exitio</strong></span> 
     </span>
    </p>
   </div>
   <div class='ocr_carea' id='block_1_66' title="bbox 2061 2128 3690 2194">
    <p class='ocr_par' dir='ltr' id='par_1_66' title="bbox 2061 2128 3690 2194">
     <span class='ocr_line' id='line_1_66' title="bbox 2061 2128 3690 2194; baseline -0.003 -13"><span class='ocrx_word' id='word_1_475' title='bbox 2061 2136 2499 2182; x_wconf 88' lang='lat' dir='ltr'><strong>consumantur.</strong></span> <span class='ocrx_word' id='word_1_476' title='bbox 2545 2132 2611 2180; x_wconf 84' lang='lat' dir='ltr'><strong>Et</strong></span> <span class='ocrx_word' id='word_1_477' title='bbox 2636 2130 2768 2179; x_wconf 81' lang='lat' dir='ltr'><strong>vidit</strong></span> <span class='ocrx_word' id='word_1_478' title='bbox 2800 2128 3041 2194; x_wconf 80' lang='lat' dir='ltr'><strong>E/fraim</strong></span> <span class='ocrx_word' id='word_1_479' title='bbox 3068 2129 3409 2192; x_wconf 83' lang='lat' dir='ltr'><strong>languorem</strong></span> <span class='ocrx_word' id='word_1_480' title='bbox 3428 2144 3609 2189; x_wconf 80' lang='lat' dir='ltr'><strong>suum,</strong></span> <span class='ocrx_word' id='word_1_481' title='bbox 3640 2134 3690 2177; x_wconf 83' lang='lat' dir='ltr'><strong>et</strong></span> 
     </span>
    </p>
   </div>
   <div class='ocr_carea' id='block_1_67' title="bbox 2060 2200 3685 2265">
    <p class='ocr_par' dir='ltr' id='par_1_67' title="bbox 2060 2200 3685 2265">
     <span class='ocr_line' id='line_1_67' title="bbox 2060 2200 3685 2265; baseline 0.001 -14"><span class='ocrx_word' id='word_1_482' title='bbox 2060 2201 2098 2251; x_wconf 88' lang='lat' dir='ltr'><em>J</em></span> <span class='ocrx_word' id='word_1_483' title='bbox 2102 2202 2235 2250; x_wconf 86' lang='lat' dir='ltr'><strong>udas</strong></span> <span class='ocrx_word' id='word_1_484' title='bbox 2258 2202 2535 2251; x_wconf 82' lang='lat' dir='ltr'><strong>vinculum</strong></span> <span class='ocrx_word' id='word_1_485' title='bbox 2553 2216 2715 2251; x_wconf 87' lang='lat' dir='ltr'><strong>suum</strong></span> <span class='ocrx_word' id='word_1_486' title='bbox 2741 2219 2751 2250; x_wconf 94' lang='lat'>:</span> <span class='ocrx_word' id='word_1_487' title='bbox 2780 2200 2839 2252; x_wconf 85' lang='lat' dir='ltr'><strong>id</strong></span> <span class='ocrx_word' id='word_1_488' title='bbox 2854 2202 2961 2261; x_wconf 91' lang='lat' dir='ltr'><strong>est,</strong></span> <span class='ocrx_word' id='word_1_489' title='bbox 2988 2200 3395 2264; x_wconf 89' lang='lat' dir='ltr'><strong>conspicietis,</strong></span> <span class='ocrx_word' id='word_1_490' title='bbox 3422 2206 3484 2254; x_wconf 87' lang='lat' dir='ltr'><strong>et</strong></span> <span class='ocrx_word' id='word_1_491' title='bbox 3504 2201 3685 2265; x_wconf 75' lang='lat' dir='ltr'><strong>perfe-</strong></span> 
     </span>
    </p>
   </div>
   <div class='ocr_carea' id='block_1_68' title="bbox 2060 2270 3686 2336">
    <p class='ocr_par' dir='ltr' id='par_1_68' title="bbox 2060 2270 3686 2336">
     <span class='ocr_line' id='line_1_68' title="bbox 2060 2270 3686 2336; baseline -0.002 -13"><span class='ocrx_word' id='word_1_492' title='bbox 2060 2271 2199 2323; x_wconf 88' lang='lat' dir='ltr'><strong>retis</strong></span> <span class='ocrx_word' id='word_1_493' title='bbox 2220 2275 2457 2336; x_wconf 88' lang='lat' dir='ltr'><strong>uterque</strong></span> <span class='ocrx_word' id='word_1_494' title='bbox 2474 2271 2804 2334; x_wconf 89' lang='lat' dir='ltr'><strong>vindictam,</strong></span> <span class='ocrx_word' id='word_1_495' title='bbox 2830 2283 2964 2333; x_wconf 65' lang='lat' dir='ltr'><strong>quas</strong></span> <span class='ocrx_word' id='word_1_496' title='bbox 2987 2270 3199 2321; x_wconf 85' lang='lat' dir='ltr'><strong>vestris</strong></span> <span class='ocrx_word' id='word_1_497' title='bbox 3213 2270 3437 2321; x_wconf 86' lang='lat' dir='ltr'><strong>studiis</strong></span> <span class='ocrx_word' id='word_1_498' title='bbox 3453 2273 3686 2319; x_wconf 79' lang='lat' dir='ltr'><strong>destina-</strong></span> 
     </span>
    </p>
   </div>
   <div class='ocr_carea' id='block_1_69' title="bbox 2061 2341 3685 2406">
    <p class='ocr_par' dir='ltr' id='par_1_69' title="bbox 2061 2341 3685 2406">
     <span class='ocr_line' id='line_1_69' title="bbox 2061 2341 3685 2406; baseline -0.001 -12"><span class='ocrx_word' id='word_1_499' title='bbox 2061 2344 2172 2403; x_wconf 87' lang='lat' dir='ltr'><strong>tur,</strong></span> <span class='ocrx_word' id='word_1_500' title='bbox 2198 2356 2305 2394; x_wconf 92' lang='lat' dir='ltr'><strong>nec</strong></span> <span class='ocrx_word' id='word_1_501' title='bbox 2330 2343 2494 2394; x_wconf 88' lang='lat' dir='ltr'><strong>vobis</strong></span> <span class='ocrx_word' id='word_1_502' title='bbox 2522 2342 2772 2405; x_wconf 91' lang='lat' dir='ltr'><strong>proderit</strong></span> <span class='ocrx_word' id='word_1_503' title='bbox 2792 2341 3077 2394; x_wconf 83' lang='lat' dir='ltr'><strong>auxilium</strong></span> <span class='ocrx_word' id='word_1_504' title='bbox 3100 2354 3136 2392; x_wconf 91' lang='lat' dir='ltr'><strong>a</strong></span> <span class='ocrx_word' id='word_1_505' title='bbox 3159 2341 3423 2393; x_wconf 89' lang='lat' dir='ltr'><strong>diversis</strong></span> <span class='ocrx_word' id='word_1_506' title='bbox 3445 2343 3685 2406; x_wconf 82' lang='lat' dir='ltr'><strong>regibus</strong></span> 
     </span>
    </p>
   </div>
   <div class='ocr_carea' id='block_1_70' title="bbox 2060 2412 3683 2479">
    <p class='ocr_par' dir='ltr' id='par_1_70' title="bbox 2060 2412 3683 2479">
     <span class='ocr_line' id='line_1_70' title="bbox 2060 2412 3683 2479; baseline 0 -14"><span class='ocrx_word' id='word_1_507' title='bbox 2060 2415 2350 2479; x_wconf 81' lang='lat' dir='ltr'><strong>postulare</strong></span> <span class='ocrx_word' id='word_1_508' title='bbox 2384 2431 2394 2462; x_wconf 90' lang='lat'><strong>:</strong></span> <span class='ocrx_word' id='word_1_509' title='bbox 2422 2414 2522 2466; x_wconf 87' lang='lat' dir='ltr'><strong>sed</strong></span> <span class='ocrx_word' id='word_1_510' title='bbox 2538 2415 2712 2466; x_wconf 90' lang='lat' dir='ltr'><strong>rebus</strong></span> <span class='ocrx_word' id='word_1_511' title='bbox 2730 2413 3068 2473; x_wconf 86' lang='lat' dir='ltr'><strong>fatebimini,</strong></span> <span class='ocrx_word' id='word_1_512' title='bbox 3095 2412 3226 2464; x_wconf 89' lang='lat' dir='ltr'><strong>illos</strong></span> <span class='ocrx_word' id='word_1_513' title='bbox 3253 2414 3429 2464; x_wconf 84' lang='lat' dir='ltr'><strong>vobis</strong></span> <span class='ocrx_word' id='word_1_514' title='bbox 3459 2427 3683 2478; x_wconf 85' lang='lat' dir='ltr'><strong>corrup-</strong></span> 
     </span>
    </p>
   </div>
   <div class='ocr_carea' id='block_1_71' title="bbox 2061 2484 3683 2549">
    <p class='ocr_par' dir='ltr' id='par_1_71' title="bbox 2061 2484 3683 2549">
     <span class='ocr_line' id='line_1_71' title="bbox 2061 2484 3683 2549; baseline -0.001 -12"><span class='ocrx_word' id='word_1_515' title='bbox 2061 2485 2233 2537; x_wconf 89' lang='lat' dir='ltr'><strong>tionis</strong></span> <span class='ocrx_word' id='word_1_516' title='bbox 2282 2487 2546 2549; x_wconf 88' lang='lat' dir='ltr'><strong>exempla</strong></span> <span class='ocrx_word' id='word_1_517' title='bbox 2574 2485 2782 2548; x_wconf 78' lang='lat' dir='ltr'><strong>solum,</strong></span> <span class='ocrx_word' id='word_1_518' title='bbox 2830 2497 2950 2536; x_wconf 92' lang='lat' dir='ltr'><strong>non</strong></span> <span class='ocrx_word' id='word_1_519' title='bbox 2980 2484 3157 2536; x_wconf 86' lang='lat' dir='ltr'><strong>etiam</strong></span> <span class='ocrx_word' id='word_1_520' title='bbox 3182 2485 3399 2536; x_wconf 87' lang='lat' dir='ltr'><strong>salutis</strong></span> <span class='ocrx_word' id='word_1_521' title='bbox 3419 2485 3683 2536; x_wconf 85' lang='lat' dir='ltr'><strong>subsidia</strong></span> 
     </span>
    </p>
   </div>
   <div class='ocr_carea' id='block_1_72' title="bbox 2060 2555 3681 2620">
    <p class='ocr_par' dir='ltr' id='par_1_72' title="bbox 2060 2555 3681 2620">
     <span class='ocr_line' id='line_1_72' title="bbox 2060 2555 3681 2620; baseline -0.002 -12"><span class='ocrx_word' id='word_1_522' title='bbox 2060 2556 2418 2620; x_wconf 65' lang='lat' dir='ltr'><strong>prmstitisse.</strong></span> <span class='ocrx_word' id='word_1_523' title='bbox 2436 2558 2503 2606; x_wconf 86' lang='lat' dir='ltr'><strong>Et</strong></span> <span class='ocrx_word' id='word_1_524' title='bbox 2526 2556 2658 2606; x_wconf 80' lang='lat' dir='ltr'><strong>abiit</strong></span> <span class='ocrx_word' id='word_1_525' title='bbox 2682 2555 2920 2619; x_wconf 82' lang='lat' dir='ltr'><strong>Effraim</strong></span> <span class='ocrx_word' id='word_1_526' title='bbox 2941 2555 3015 2604; x_wconf 86' lang='lat' dir='ltr'><strong>ad</strong></span> <span class='ocrx_word' id='word_1_527' title='bbox 3047 2556 3241 2620; x_wconf 82' lang='lat' dir='ltr'><strong>Assur,</strong></span> <span class='ocrx_word' id='word_1_528' title='bbox 3268 2561 3319 2604; x_wconf 89' lang='lat' dir='ltr'><strong>el</strong></span> <span class='ocrx_word' id='word_1_529' title='bbox 3336 2557 3493 2605; x_wconf 85' lang='lat' dir='ltr'><strong>misit</strong></span> <span class='ocrx_word' id='word_1_530' title='bbox 3507 2556 3583 2606; x_wconf 86' lang='lat' dir='ltr'><strong>ad</strong></span> <span class='ocrx_word' id='word_1_531' title='bbox 3596 2571 3681 2605; x_wconf 81' lang='lat' dir='ltr'><strong>rc-</strong></span> 
     </span>
    </p>
   </div>
   <div class='ocr_carea' id='block_1_73' title="bbox 2059 2626 3681 2692">
    <p class='ocr_par' dir='ltr' id='par_1_73' title="bbox 2059 2626 3681 2692">
     <span class='ocr_line' id='line_1_73' title="bbox 2059 2626 3681 2692; baseline 0.001 -17"><span class='ocrx_word' id='word_1_532' title='bbox 2059 2640 2176 2689; x_wconf 87' lang='lat' dir='ltr'><strong>gem</strong></span> <span class='ocrx_word' id='word_1_533' title='bbox 2200 2626 2444 2687; x_wconf 88' lang='lat' dir='ltr'><strong>ultorem,</strong></span> <span class='ocrx_word' id='word_1_534' title='bbox 2469 2633 2515 2676; x_wconf 86' lang='lat' dir='ltr'><strong>et</strong></span> <span class='ocrx_word' id='word_1_535' title='bbox 2545 2630 2655 2692; x_wconf 85' lang='lat' dir='ltr'><strong>ipse</strong></span> <span class='ocrx_word' id='word_1_536' title='bbox 2676 2642 2788 2675; x_wconf 89' lang='lat' dir='ltr'><strong>non</strong></span> <span class='ocrx_word' id='word_1_537' title='bbox 2809 2626 3001 2691; x_wconf 76' lang='lat' dir='ltr'><strong>poterit</strong></span> <span class='ocrx_word' id='word_1_538' title='bbox 3023 2641 3228 2675; x_wconf 86' lang='lat' dir='ltr'><strong>sanare</strong></span> <span class='ocrx_word' id='word_1_539' title='bbox 3238 2641 3351 2685; x_wconf 82' lang='lat' dir='ltr'><strong>vos,</strong></span> <span class='ocrx_word' id='word_1_540' title='bbox 3368 2641 3469 2675; x_wconf 80' lang='lat' dir='ltr'><strong>nec</strong></span> <span class='ocrx_word' id='word_1_541' title='bbox 3482 2627 3681 2676; x_wconf 70' lang='lat' dir='ltr'><strong>soluere</strong></span> 
     </span>
    </p>
   </div>
   <div class='ocr_carea' id='block_1_74' title="bbox 2059 2698 3677 2762">
    <p class='ocr_par' dir='ltr' id='par_1_74' title="bbox 2059 2698 3677 2762">
     <span class='ocr_line' id='line_1_74' title="bbox 2059 2698 3677 2762; baseline -0.001 -14"><span class='ocrx_word' id='word_1_542' title='bbox 2059 2698 2252 2760; x_wconf 80' lang='lat' dir='ltr'><strong>poterit</strong></span> <span class='ocrx_word' id='word_1_543' title='bbox 2293 2714 2330 2747; x_wconf 88' lang='lat' dir='ltr'><strong>a</strong></span> <span class='ocrx_word' id='word_1_544' title='bbox 2372 2698 2516 2747; x_wconf 82' lang='lat' dir='ltr'><strong>vobis</strong></span> <span class='ocrx_word' id='word_1_545' title='bbox 2547 2698 2845 2747; x_wconf 82' lang='lat' dir='ltr'><strong>vinculum.</strong></span> <span class='ocrx_word' id='word_1_546' title='bbox 2888 2698 3166 2756; x_wconf 79' lang='lat' dir='ltr'><strong>Quoniam</strong></span> <span class='ocrx_word' id='word_1_547' title='bbox 3199 2712 3296 2761; x_wconf 87' lang='lat' dir='ltr'><strong>ego</strong></span> <span class='ocrx_word' id='word_1_548' title='bbox 3321 2699 3491 2762; x_wconf 85' lang='lat' dir='ltr'><strong>quasi</strong></span> <span class='ocrx_word' id='word_1_549' title='bbox 3513 2698 3677 2746; x_wconf 60' lang='lat' dir='ltr'><strong>leaena</strong></span> 
     </span>
    </p>
   </div>
   <div class='ocr_carea' id='block_1_75' title="bbox 2060 2767 3679 2833">
    <p class='ocr_par' dir='ltr' id='par_1_75' title="bbox 2060 2767 3679 2833">
     <span class='ocr_line' id='line_1_75' title="bbox 2060 2767 3679 2833; baseline 0.002 -16"><span class='ocrx_word' id='word_1_550' title='bbox 2060 2767 2317 2832; x_wconf 77' lang='lat' dir='ltr'><strong>Effraim,</strong></span> <span class='ocrx_word' id='word_1_551' title='bbox 2348 2775 2394 2818; x_wconf 89' lang='lat' dir='ltr'><strong>el</strong></span> <span class='ocrx_word' id='word_1_552' title='bbox 2420 2769 2579 2833; x_wconf 86' lang='lat' dir='ltr'><strong>quasi</strong></span> <span class='ocrx_word' id='word_1_553' title='bbox 2601 2768 2807 2817; x_wconf 80' lang='lat' dir='ltr'><strong>catulus</strong></span> <span class='ocrx_word' id='word_1_554' title='bbox 2831 2768 2999 2818; x_wconf 84' lang='lat' dir='ltr'><strong>leonis</strong></span> <span class='ocrx_word' id='word_1_555' title='bbox 3019 2768 3215 2817; x_wconf 84' lang='lat' dir='ltr'><strong>domui</strong></span> <span class='ocrx_word' id='word_1_556' title='bbox 3235 2768 3413 2817; x_wconf 83' lang='lat' dir='ltr'><strong>Juda.</strong></span> <span class='ocrx_word' id='word_1_557' title='bbox 3440 2769 3679 2832; x_wconf 79' lang='lat' dir='ltr'><strong>Utrique</strong></span> 
     </span>
    </p>
   </div>
   <div class='ocr_carea' id='block_1_76' title="bbox 2061 2839 3673 2904">
    <p class='ocr_par' dir='ltr' id='par_1_76' title="bbox 2061 2839 3673 2904">
     <span class='ocr_line' id='line_1_76' title="bbox 2061 2839 3673 2904; baseline 0 -13"><span class='ocrx_word' id='word_1_558' title='bbox 2061 2839 2271 2904; x_wconf 90' lang='lat' dir='ltr'><strong>populo</strong></span> <span class='ocrx_word' id='word_1_559' title='bbox 2315 2840 2577 2904; x_wconf 87' lang='lat' dir='ltr'><strong>promisit</strong></span> <span class='ocrx_word' id='word_1_560' title='bbox 2615 2852 2678 2891; x_wconf 90' lang='lat' dir='ltr'><strong>se</strong></span> <span class='ocrx_word' id='word_1_561' title='bbox 2702 2839 2901 2890; x_wconf 79' lang='lat' dir='ltr'><strong>habitu</strong></span> <span class='ocrx_word' id='word_1_562' title='bbox 2923 2839 3110 2890; x_wconf 89' lang='lat' dir='ltr'><strong>leonis</strong></span> <span class='ocrx_word' id='word_1_563' title='bbox 3134 2852 3549 2903; x_wconf 88' lang='lat' dir='ltr'><strong>occursurum,</strong></span> <span class='ocrx_word' id='word_1_564' title='bbox 3576 2840 3673 2891; x_wconf 84' lang='lat' dir='ltr'><strong>sed</strong></span> 
     </span>
    </p>
   </div>
   <div class='ocr_carea' id='block_1_77' title="bbox 2060 2910 3674 2975">
    <p class='ocr_par' dir='ltr' id='par_1_77' title="bbox 2060 2910 3674 2975">
     <span class='ocr_line' id='line_1_77' title="bbox 2060 2910 3674 2975; baseline 0 -14"><span class='ocrx_word' id='word_1_565' title='bbox 2060 2910 2505 2972; x_wconf 90' lang='lat' dir='ltr'><strong>vehementiam,</strong></span> <span class='ocrx_word' id='word_1_566' title='bbox 2531 2923 2704 2975; x_wconf 89' lang='lat' dir='ltr'><strong>quam</strong></span> <span class='ocrx_word' id='word_1_567' title='bbox 2723 2910 2911 2973; x_wconf 88' lang='lat' dir='ltr'><strong>specie</strong></span> <span class='ocrx_word' id='word_1_568' title='bbox 2929 2922 3049 2962; x_wconf 91' lang='lat' dir='ltr'><strong>non</strong></span> <span class='ocrx_word' id='word_1_569' title='bbox 3072 2910 3307 2972; x_wconf 87' lang='lat' dir='ltr'><strong>fecerat,</strong></span> <span class='ocrx_word' id='word_1_570' title='bbox 3331 2912 3595 2963; x_wconf 84' lang='lat' dir='ltr'><strong>servavit</strong></span> <span class='ocrx_word' id='word_1_571' title='bbox 3614 2912 3674 2961; x_wconf 91' lang='lat' dir='ltr'><strong>in</strong></span> 
     </span>
    </p>
   </div>
   <div class='ocr_carea' id='block_1_78' title="bbox 2058 2981 3675 3046">
    <p class='ocr_par' dir='ltr' id='par_1_78' title="bbox 2058 2981 3675 3046">
     <span class='ocr_line' id='line_1_78' title="bbox 2058 2981 3675 3046; baseline -0.002 -14"><span class='ocrx_word' id='word_1_572' title='bbox 2058 2994 2221 3046; x_wconf 89' lang='lat' dir='ltr'><strong>sexu,</strong></span> <span class='ocrx_word' id='word_1_573' title='bbox 2246 2986 2311 3033; x_wconf 92' lang='lat' dir='ltr'><strong>ut</strong></span> <span class='ocrx_word' id='word_1_574' title='bbox 2337 2981 2418 3033; x_wconf 86' lang='lat' dir='ltr'><strong>illi</strong></span> <span class='ocrx_word' id='word_1_575' title='bbox 2457 2994 2535 3044; x_wconf 89' lang='lat' dir='ltr'><strong>se,</strong></span> <span class='ocrx_word' id='word_1_576' title='bbox 2560 2982 2727 3045; x_wconf 89' lang='lat' dir='ltr'><strong>quasi</strong></span> <span class='ocrx_word' id='word_1_577' title='bbox 2754 2982 3021 3039; x_wconf 65' lang='lat' dir='ltr'><strong>leaenam,</strong></span> <span class='ocrx_word' id='word_1_578' title='bbox 3044 2982 3182 3033; x_wconf 89' lang='lat' dir='ltr'><strong>huic</strong></span> <span class='ocrx_word' id='word_1_579' title='bbox 3202 2994 3362 3035; x_wconf 90' lang='lat' dir='ltr'><strong>vero.</strong></span> <span class='ocrx_word' id='word_1_580' title='bbox 3388 2983 3557 3044; x_wconf 88' lang='lat' dir='ltr'><strong>quasi</strong></span> <span class='ocrx_word' id='word_1_581' title='bbox 3581 2986 3675 3030; x_wconf 80' lang='lat' dir='ltr'><strong>leo-</strong></span> 
     </span>
    </p>
   </div>
   <div class='ocr_carea' id='block_1_79' title="bbox 2055 3052 3674 3117">
    <p class='ocr_par' dir='ltr' id='par_1_79' title="bbox 2055 3052 3674 3117">
     <span class='ocr_line' id='line_1_79' title="bbox 2055 3052 3674 3117; baseline 0 -12"><span class='ocrx_word' id='word_1_582' title='bbox 2055 3065 2190 3105; x_wconf 91' lang='lat' dir='ltr'><strong>nem</strong></span> <span class='ocrx_word' id='word_1_583' title='bbox 2231 3053 2443 3105; x_wconf 89' lang='lat' dir='ltr'><strong>diceret</strong></span> <span class='ocrx_word' id='word_1_584' title='bbox 2470 3065 2761 3117; x_wconf 83' lang='lat' dir='ltr'><strong>apparere.</strong></span> <span class='ocrx_word' id='word_1_585' title='bbox 2810 3052 3079 3116; x_wconf 88' lang='lat' dir='ltr'><strong>Implevit</strong></span> <span class='ocrx_word' id='word_1_586' title='bbox 3107 3057 3311 3104; x_wconf 81' lang='lat' dir='ltr'><strong>autem</strong></span> <span class='ocrx_word' id='word_1_587' title='bbox 3343 3058 3674 3105; x_wconf 75' lang='lat' dir='ltr'><strong>assumtam</strong></span> 
     </span>
    </p>
   </div>
   <div class='ocr_carea' id='block_1_80' title="bbox 350 3122 3671 3199">
    <p class='ocr_par' dir='ltr' id='par_1_80' title="bbox 350 3122 3671 3199">
     <span class='ocr_line' id='line_1_80' title="bbox 350 3122 3671 3199; baseline 0 -26"><span class='ocrx_word' id='word_1_588' title='bbox 350 3127 417 3199; x_wconf 86' lang='lat' dir='ltr'><strong>ut</strong></span> <span class='ocrx_word' id='word_1_589' title='bbox 439 3124 690 3199; x_wconf 80' lang='lat' dir='ltr'><strong>coegerit</strong></span> <span class='ocrx_word' id='word_1_590' title='bbox 711 3123 1172 3199; x_wconf 59' lang='lat' dir='ltr'><strong>indignationem</strong></span> <span class='ocrx_word' id='word_1_591' title='bbox 1189 3123 1765 3199; x_wconf 79' lang='lat' dir='ltr'><strong>ulciscentisaugeri.</strong></span> <span class='ocrx_word' id='word_1_592' title='bbox 1786 3127 1956 3199; x_wconf 78' lang='lat' dir='ltr'><strong>Sequi-</strong></span> <span class='ocrx_word' id='word_1_593' title='bbox 1986 3127 2032 3199; x_wconf 70' lang='grc' dir='ltr'><strong>ρ</strong></span> <span class='ocrx_word' id='word_1_594' title='bbox 2059 3122 2493 3199; x_wconf 79' lang='lat' dir='ltr'><strong>similitudinem</strong></span> <span class='ocrx_word' id='word_1_595' title='bbox 2520 3123 2781 3199; x_wconf 85' lang='lat' dir='ltr'><strong>dicendo,</strong></span> <span class='ocrx_word' id='word_1_596' title='bbox 2820 3123 2954 3187; x_wconf 85' lang='lat' dir='ltr'><strong>Ego,</strong></span> <span class='ocrx_word' id='word_1_597' title='bbox 2976 3139 3093 3199; x_wconf 69' lang='lat' dir='ltr'><strong>_e_go_</strong></span> <span class='ocrx_word' id='word_1_598' title='bbox 3106 3125 3349 3188; x_wconf 83' lang='lat' dir='ltr'><strong>capiam,</strong></span> <span class='ocrx_word' id='word_1_599' title='bbox 3376 3130 3427 3173; x_wconf 77' lang='lat' dir='ltr'><strong>et</strong></span> <span class='ocrx_word' id='word_1_600' title='bbox 3452 3125 3671 3199; x_wconf 70' lang='lat' dir='ltr'><strong>cadam,</strong></span> 
     </span>
    </p>
   </div>
   <div class='ocr_carea' id='block_1_81' title="bbox 354 3195 1956 3260">
    <p class='ocr_par' dir='ltr' id='par_1_81' title="bbox 354 3195 1956 3260">
     <span class='ocr_line' id='line_1_81' title="bbox 354 3195 1956 3260; baseline 0 -16"><span class='ocrx_word' id='word_1_601' title='bbox 354 3196 446 3245; x_wconf 92' lang='lat' dir='ltr'><strong>tur</strong></span> <span class='ocrx_word' id='word_1_602' title='bbox 491 3195 663 3255; x_wconf 88' lang='lat' dir='ltr'><strong>enim,</strong></span> <span class='ocrx_word' id='word_1_603' title='bbox 703 3195 879 3260; x_wconf 81' lang='lat' dir='ltr'><strong>Super</strong></span> <span class='ocrx_word' id='word_1_604' title='bbox 907 3211 1029 3244; x_wconf 89' lang='lat' dir='ltr'><strong>eum</strong></span> <span class='ocrx_word' id='word_1_605' title='bbox 1053 3195 1352 3259; x_wconf 75' lang='lat' dir='ltr'><strong>effundam,</strong></span> <span class='ocrx_word' id='word_1_606' title='bbox 1379 3198 1538 3259; x_wconf 83' lang='lat' dir='ltr'><strong>quasi</strong></span> <span class='ocrx_word' id='word_1_607' title='bbox 1562 3210 1786 3259; x_wconf 89' lang='lat' dir='ltr'><strong>aquam,</strong></span> <span class='ocrx_word' id='word_1_608' title='bbox 1808 3196 1956 3245; x_wconf 85' lang='lat' dir='ltr'><strong>iram</strong></span> 
     </span>
    </p>
   </div>
   <div class='ocr_carea' id='block_1_82' title="bbox 352 3265 1956 3332">
    <p class='ocr_par' dir='ltr' id='par_1_82' title="bbox 352 3265 1956 3332">
     <span class='ocr_line' id='line_1_82' title="bbox 352 3265 1956 3332; baseline 0.004 -20"><span class='ocrx_word' id='word_1_609' title='bbox 352 3279 564 3314; x_wconf 84' lang='lat' dir='ltr'><strong>meam:</strong></span> <span class='ocrx_word' id='word_1_610' title='bbox 592 3266 761 3326; x_wconf 91' lang='lat' dir='ltr'><strong>idest,</strong></span> <span class='ocrx_word' id='word_1_611' title='bbox 806 3271 1116 3331; x_wconf 86' lang='lat' dir='ltr'><strong>postquam</strong></span> <span class='ocrx_word' id='word_1_612' title='bbox 1161 3267 1403 3332; x_wconf 89' lang='lat' dir='ltr'><strong>dixerat,</strong></span> <span class='ocrx_word' id='word_1_613' title='bbox 1429 3265 1735 3331; x_wconf 74' lang='lat' dir='ltr'><strong>effundam.</strong></span> <span class='ocrx_word' id='word_1_614' title='bbox 1761 3270 1956 3331; x_wconf 90' lang='lat' dir='ltr'><strong>aperte</strong></span> 
     </span>
    </p>
   </div>
   <div class='ocr_carea' id='block_1_83' title="bbox 355 3336 1957 3403">
    <p class='ocr_par' dir='ltr' id='par_1_83' title="bbox 355 3336 1957 3403">
     <span class='ocr_line' id='line_1_83' title="bbox 355 3336 1957 3403; baseline 0.002 -17"><span class='ocrx_word' id='word_1_615' title='bbox 355 3336 630 3398; x_wconf 88' lang='lat' dir='ltr'><strong>subdidit,</strong></span> <span class='ocrx_word' id='word_1_616' title='bbox 680 3339 841 3402; x_wconf 82' lang='lat' dir='ltr'><strong>quasi</strong></span> <span class='ocrx_word' id='word_1_617' title='bbox 875 3354 1100 3403; x_wconf 88' lang='lat' dir='ltr'><strong>aquam.</strong></span> <span class='ocrx_word' id='word_1_618' title='bbox 1129 3339 1405 3399; x_wconf 86' lang='lat' dir='ltr'><strong>Deterior,</strong></span> <span class='ocrx_word' id='word_1_619' title='bbox 1429 3338 1636 3402; x_wconf 90' lang='lat' dir='ltr'><strong>inquit,</strong></span> <span class='ocrx_word' id='word_1_620' title='bbox 1684 3338 1835 3389; x_wconf 89' lang='lat' dir='ltr'><strong>Juda</strong></span> <span class='ocrx_word' id='word_1_621' title='bbox 1858 3351 1957 3403; x_wconf 91' lang='lat' dir='ltr'><strong>per</strong></span> 
     </span>
    </p>
   </div>
   <div class='ocr_carea' id='block_1_84' title="bbox 355 3407 1956 3475">
    <p class='ocr_par' dir='ltr' id='par_1_84' title="bbox 355 3407 1956 3475">
     <span class='ocr_line' id='line_1_84' title="bbox 355 3407 1956 3475; baseline 0.002 -16"><span class='ocrx_word' id='word_1_622' title='bbox 355 3407 724 3460; x_wconf 87' lang='lat' dir='ltr'><strong>exultationis</strong></span> <span class='ocrx_word' id='word_1_623' title='bbox 745 3410 914 3461; x_wconf 86' lang='lat' dir='ltr'><strong>istius</strong></span> <span class='ocrx_word' id='word_1_624' title='bbox 947 3411 1163 3462; x_wconf 88' lang='lat' dir='ltr'><strong>crimen</strong></span> <span class='ocrx_word' id='word_1_625' title='bbox 1186 3410 1466 3475; x_wconf 90' lang='lat' dir='ltr'><strong>apparuit.</strong></span> <span class='ocrx_word' id='word_1_626' title='bbox 1494 3412 1565 3460; x_wconf 88' lang='lat' dir='ltr'><strong>Et</strong></span> <span class='ocrx_word' id='word_1_627' title='bbox 1590 3408 1715 3461; x_wconf 92' lang='lat' dir='ltr'><strong>ideo</strong></span> <span class='ocrx_word' id='word_1_628' title='bbox 1737 3422 1956 3474; x_wconf 88' lang='lat' dir='ltr'><strong>merge-</strong></span> 
     </span>
    </p>
   </div>
   <div class='ocr_carea' id='block_1_85' title="bbox 356 3480 1958 3544">
    <p class='ocr_par' dir='ltr' id='par_1_85' title="bbox 356 3480 1958 3544">
     <span class='ocr_line' id='line_1_85' title="bbox 356 3480 1958 3544; baseline 0.001 -13"><span class='ocrx_word' id='word_1_629' title='bbox 356 3483 452 3531; x_wconf 89' lang='lat' dir='ltr'><strong>tur</strong></span> <span class='ocrx_word' id='word_1_630' title='bbox 489 3480 630 3530; x_wconf 90' lang='lat' dir='ltr'><strong>inun</strong></span> <span class='ocrx_word' id='word_1_631' title='bbox 643 3480 864 3532; x_wconf 78' lang='lat' dir='ltr'><strong>iatione</strong></span> <span class='ocrx_word' id='word_1_632' title='bbox 897 3493 1218 3544; x_wconf 71' lang='lat' dir='ltr'><strong>poenarum,</strong></span> <span class='ocrx_word' id='word_1_633' title='bbox 1257 3482 1394 3544; x_wconf 90' lang='lat' dir='ltr'><strong>quia</strong></span> <span class='ocrx_word' id='word_1_634' title='bbox 1416 3493 1549 3531; x_wconf 91' lang='lat' dir='ltr'><strong>cum</strong></span> <span class='ocrx_word' id='word_1_635' title='bbox 1574 3481 1722 3532; x_wconf 85' lang='lat' dir='ltr'><strong>inter</strong></span> <span class='ocrx_word' id='word_1_636' title='bbox 1750 3484 1958 3533; x_wconf 62' lang='lat' dir='ltr'><strong>caetera</strong></span> 
     </span>
    </p>
   </div>
   <div class='ocr_carea' id='block_1_86' title="bbox 356 3550 1957 3614">
    <p class='ocr_par' dir='ltr' id='par_1_86' title="bbox 356 3550 1957 3614">
     <span class='ocr_line' id='line_1_86' title="bbox 356 3550 1957 3614; baseline 0.002 -14"><span class='ocrx_word' id='word_1_637' title='bbox 356 3550 630 3602; x_wconf 84' lang='lat' dir='ltr'><strong>beneficia</strong></span> <span class='ocrx_word' id='word_1_638' title='bbox 661 3551 768 3602; x_wconf 91' lang='lat' dir='ltr'><strong>hoc</strong></span> <span class='ocrx_word' id='word_1_639' title='bbox 793 3563 1025 3614; x_wconf 88' lang='lat' dir='ltr'><strong>quoque</strong></span> <span class='ocrx_word' id='word_1_640' title='bbox 1049 3551 1351 3603; x_wconf 87' lang='lat' dir='ltr'><strong>clementia</strong></span> <span class='ocrx_word' id='word_1_641' title='bbox 1372 3557 1570 3602; x_wconf 88' lang='lat' dir='ltr'><strong>nostra</strong></span> <span class='ocrx_word' id='word_1_642' title='bbox 1594 3552 1645 3602; x_wconf 91' lang='lat' dir='ltr'><strong>ei</strong></span> <span class='ocrx_word' id='word_1_643' title='bbox 1670 3552 1957 3614; x_wconf 70' lang='lat' dir='ltr'><strong>prmstite-</strong></span> 
     </span>
    </p>
   </div>
   <div class='ocr_carea' id='block_1_87' title="bbox 356 3621 1958 3686">
    <p class='ocr_par' dir='ltr' id='par_1_87' title="bbox 356 3621 1958 3686">
     <span class='ocr_line' id='line_1_87' title="bbox 356 3621 1958 3686; baseline 0.001 -14"><span class='ocrx_word' id='word_1_644' title='bbox 356 3621 446 3682; x_wconf 91' lang='lat' dir='ltr'><strong>rit,</strong></span> <span class='ocrx_word' id='word_1_645' title='bbox 472 3626 538 3672; x_wconf 91' lang='lat' dir='ltr'><strong>ut</strong></span> <span class='ocrx_word' id='word_1_646' title='bbox 579 3621 768 3672; x_wconf 90' lang='lat' dir='ltr'><strong>timori</strong></span> <span class='ocrx_word' id='word_1_647' title='bbox 794 3622 920 3684; x_wconf 89' lang='lat' dir='ltr'><strong>ejus</strong></span> <span class='ocrx_word' id='word_1_648' title='bbox 948 3622 1451 3684; x_wconf 88' lang='lat' dir='ltr'><strong>emendationique</strong></span> <span class='ocrx_word' id='word_1_649' title='bbox 1478 3621 1709 3673; x_wconf 82' lang='lat' dir='ltr'><strong>Ell‘raim</strong></span> <span class='ocrx_word' id='word_1_650' title='bbox 1734 3624 1958 3686; x_wconf 92' lang='lat' dir='ltr'><strong>impen-</strong></span> 
     </span>
    </p>
   </div>
   <div class='ocr_carea' id='block_1_88' title="bbox 356 3690 1957 3747">
    <p class='ocr_par' dir='ltr' id='par_1_88' title="bbox 356 3690 1957 3747">
     <span class='ocr_line' id='line_1_88' title="bbox 356 3690 1957 3747; baseline 0.002 -4"><span class='ocrx_word' id='word_1_651' title='bbox 356 3692 586 3743; x_wconf 88' lang='lat' dir='ltr'><strong>deretur</strong></span> <span class='ocrx_word' id='word_1_652' title='bbox 608 3692 851 3743; x_wconf 82' lang='lat' dir='ltr'><strong>exitium</strong></span> <span class='ocrx_word' id='word_1_653' title='bbox 884 3706 895 3741; x_wconf 93' lang='lat'>:</span> <span class='ocrx_word' id='word_1_654' title='bbox 936 3690 1029 3743; x_wconf 90' lang='lat' dir='ltr'><strong>ille</strong></span> <span class='ocrx_word' id='word_1_655' title='bbox 1052 3696 1144 3743; x_wconf 92' lang='lat' dir='ltr'><strong>est</strong></span> <span class='ocrx_word' id='word_1_656' title='bbox 1174 3704 1241 3743; x_wconf 91' lang='lat' dir='ltr'><strong>eo</strong></span> <span class='ocrx_word' id='word_1_657' title='bbox 1265 3693 1484 3743; x_wconf 89' lang='lat' dir='ltr'><strong>abusus</strong></span> <span class='ocrx_word' id='word_1_658' title='bbox 1509 3692 1582 3743; x_wconf 90' lang='lat' dir='ltr'><strong>ad</strong></span> <span class='ocrx_word' id='word_1_659' title='bbox 1602 3692 1957 3747; x_wconf 89' lang='lat' dir='ltr'><strong>incrementa</strong></span> 
     </span>
    </p>
   </div>
   <div class='ocr_carea' id='block_1_89' title="bbox 356 3760 1957 3829">
    <p class='ocr_par' dir='ltr' id='par_1_89' title="bbox 356 3760 1957 3829">
     <span class='ocr_line' id='line_1_89' title="bbox 356 3760 1957 3829; baseline 0.001 -16"><span class='ocrx_word' id='word_1_660' title='bbox 356 3760 704 3827; x_wconf 59' lang='lat' dir='ltr'><strong>petulantia,</strong></span> <span class='ocrx_word' id='word_1_661' title='bbox 759 3762 1131 3825; x_wconf 86' lang='lat' dir='ltr'><strong>germanique</strong></span> <span class='ocrx_word' id='word_1_662' title='bbox 1155 3762 1263 3813; x_wconf 89' lang='lat' dir='ltr'><strong>sibi</strong></span> <span class='ocrx_word' id='word_1_663' title='bbox 1284 3761 1528 3815; x_wconf 88' lang='lat' dir='ltr'><strong>credidit</strong></span> <span class='ocrx_word' id='word_1_664' title='bbox 1549 3774 1665 3814; x_wconf 93' lang='lat' dir='ltr'><strong>non</strong></span> <span class='ocrx_word' id='word_1_665' title='bbox 1689 3764 1957 3829; x_wconf 82' lang='lat' dir='ltr'><strong>exempla</strong></span> 
     </span>
    </p>
   </div>
   <div class='ocr_carea' id='block_1_90' title="bbox 354 3832 1337 3897">
    <p class='ocr_par' dir='ltr' id='par_1_90' title="bbox 354 3832 1337 3897">
     <span class='ocr_line' id='line_1_90' title="bbox 354 3832 1337 3897; baseline 0.001 -13"><span class='ocrx_word' id='word_1_666' title='bbox 354 3833 602 3897; x_wconf 88' lang='lat' dir='ltr'><strong>provisa,</strong></span> <span class='ocrx_word' id='word_1_667' title='bbox 628 3832 730 3885; x_wconf 83' lang='lat' dir='ltr'><strong>sed</strong></span> <span class='ocrx_word' id='word_1_668' title='bbox 756 3833 972 3897; x_wconf 68' lang='lat' dir='ltr'><strong>prmdia</strong></span> <span class='ocrx_word' id='word_1_669' title='bbox 993 3834 1337 3886; x_wconf 88' lang='lat' dir='ltr'><strong>contributa.</strong></span> 
     </span>
    </p>
   </div>
   <div class='ocr_carea' id='block_1_91' title="bbox 416 3903 1957 3974">
    <p class='ocr_par' dir='ltr' id='par_1_91' title="bbox 416 3903 1957 3974">
     <span class='ocr_line' id='line_1_91' title="bbox 416 3903 1957 3974; baseline 0.005 -21"><span class='ocrx_word' id='word_1_670' title='bbox 416 3905 578 3956; x_wconf 90' lang='lat' dir='ltr'><strong>Vers.</strong></span> <span class='ocrx_word' id='word_1_671' title='bbox 617 3903 701 3959; x_wconf 89' lang='grc'><strong>11.</strong></span> <span class='ocrx_word' id='word_1_672' title='bbox 722 3904 838 3959; x_wconf 83' lang='grc'><strong>-15,</strong></span> <span class='ocrx_word' id='word_1_673' title='bbox 866 3933 925 3942; x_wconf 92' lang='grc'><strong><em>-</em></strong></span> <span class='ocrx_word' id='word_1_674' title='bbox 953 3905 1302 3955; x_wconf 83' lang='lat' dir='ltr'><strong>Calumniam</strong></span> <span class='ocrx_word' id='word_1_675' title='bbox 1325 3907 1536 3970; x_wconf 85' lang='lat' dir='ltr'><strong>patiens</strong></span> <span class='ocrx_word' id='word_1_676' title='bbox 1564 3910 1818 3974; x_wconf 73' lang='lat' dir='ltr'><strong>E/fraim,</strong></span> <span class='ocrx_word' id='word_1_677' title='bbox 1843 3910 1957 3973; x_wconf 81' lang='lat' dir='ltr'><strong>fra-</strong></span> 
     </span>
    </p>
   </div>
   <div class='ocr_carea' id='block_1_92' title="bbox 349 3976 1956 4045">
    <p class='ocr_par' dir='ltr' id='par_1_92' title="bbox 349 3976 1956 4045">
     <span class='ocr_line' id='line_1_92' title="bbox 349 3976 1956 4045; baseline 0.004 -20"><span class='ocrx_word' id='word_1_678' title='bbox 349 3981 461 4025; x_wconf 87' lang='lat' dir='ltr'><strong>ctus</strong></span> <span class='ocrx_word' id='word_1_679' title='bbox 475 3976 705 4040; x_wconf 88' lang='lat' dir='ltr'><strong>judicio,</strong></span> <span class='ocrx_word' id='word_1_680' title='bbox 738 3977 1004 4041; x_wconf 87' lang='lat' dir='ltr'><strong>quoniam</strong></span> <span class='ocrx_word' id='word_1_681' title='bbox 1028 3979 1177 4042; x_wconf 76' lang='lat' dir='ltr'><strong>carpit</strong></span> <span class='ocrx_word' id='word_1_682' title='bbox 1199 3977 1346 4027; x_wconf 76' lang='lat' dir='ltr'><strong>abire</strong></span> <span class='ocrx_word' id='word_1_683' title='bbox 1365 3984 1482 4043; x_wconf 81' lang='lat' dir='ltr'><strong>post</strong></span> <span class='ocrx_word' id='word_1_684' title='bbox 1504 3982 1731 4030; x_wconf 81' lang='lat' dir='ltr'><strong>sordem.</strong></span> <span class='ocrx_word' id='word_1_685' title='bbox 1770 3981 1838 4030; x_wconf 84' lang='lat' dir='ltr'><strong>Et</strong></span> <span class='ocrx_word' id='word_1_686' title='bbox 1864 3997 1956 4045; x_wconf 86' lang='lat' dir='ltr'><strong>ego</strong></span> 
     </span>
    </p>
   </div>
   <div class='ocr_carea' id='block_1_93' title="bbox 354 4047 1955 4113">
    <p class='ocr_par' dir='ltr' id='par_1_93' title="bbox 354 4047 1955 4113">
     <span class='ocr_line' id='line_1_93' title="bbox 354 4047 1955 4113; baseline 0.004 -17"><span class='ocrx_word' id='word_1_687' title='bbox 354 4048 513 4111; x_wconf 76' lang='lat' dir='ltr'><strong>quasi</strong></span> <span class='ocrx_word' id='word_1_688' title='bbox 545 4048 691 4097; x_wconf 80' lang='lat' dir='ltr'><strong>tinea</strong></span> <span class='ocrx_word' id='word_1_689' title='bbox 712 4047 967 4113; x_wconf 78' lang='lat' dir='ltr'><strong>E/fraim,</strong></span> <span class='ocrx_word' id='word_1_690' title='bbox 985 4054 1031 4098; x_wconf 87' lang='lat' dir='ltr'><strong>el</strong></span> <span class='ocrx_word' id='word_1_691' title='bbox 1054 4049 1214 4113; x_wconf 86' lang='lat' dir='ltr'><strong>quasi</strong></span> <span class='ocrx_word' id='word_1_692' title='bbox 1236 4051 1461 4113; x_wconf 79' lang='lat' dir='ltr'><strong>putredo</strong></span> <span class='ocrx_word' id='word_1_693' title='bbox 1480 4052 1668 4102; x_wconf 84' lang='lat' dir='ltr'><strong>domui</strong></span> <span class='ocrx_word' id='word_1_694' title='bbox 1687 4053 1859 4103; x_wconf 71' lang='lat' dir='ltr'><strong>Judas.</strong></span> <span class='ocrx_word' id='word_1_695' title='bbox 1887 4054 1955 4104; x_wconf 82' lang='lat' dir='ltr'><strong>Et</strong></span> 
     </span>
    </p>
   </div>
   <div class='ocr_carea' id='block_1_94' title="bbox 354 4118 1951 4183">
    <p class='ocr_par' dir='ltr' id='par_1_94' title="bbox 354 4118 1951 4183">
     <span class='ocr_line' id='line_1_94' title="bbox 354 4118 1951 4183; baseline 0.004 -16"><span class='ocrx_word' id='word_1_696' title='bbox 354 4118 487 4167; x_wconf 81' lang='lat' dir='ltr'><strong>vidit</strong></span> <span class='ocrx_word' id='word_1_697' title='bbox 524 4118 763 4183; x_wconf 76' lang='lat' dir='ltr'><strong>E/fraim</strong></span> <span class='ocrx_word' id='word_1_698' title='bbox 806 4119 1126 4182; x_wconf 85' lang='lat' dir='ltr'><strong>languorem</strong></span> <span class='ocrx_word' id='word_1_699' title='bbox 1169 4136 1348 4182; x_wconf 89' lang='lat' dir='ltr'><strong>suum,</strong></span> <span class='ocrx_word' id='word_1_700' title='bbox 1388 4128 1433 4170; x_wconf 92' lang='lat' dir='ltr'><strong>et</strong></span> <span class='ocrx_word' id='word_1_701' title='bbox 1465 4123 1641 4173; x_wconf 87' lang='lat' dir='ltr'><strong>Judas</strong></span> <span class='ocrx_word' id='word_1_702' title='bbox 1673 4123 1951 4173; x_wconf 85' lang='lat' dir='ltr'><strong>vinculum</strong></span> 
     </span>
    </p>
   </div>
   <div class='ocr_carea' id='block_1_95' title="bbox 353 4191 1953 4259">
    <p class='ocr_par' dir='ltr' id='par_1_95' title="bbox 353 4191 1953 4259">
     <span class='ocr_line' id='line_1_95' title="bbox 353 4191 1953 4259; baseline 0.004 -21"><span class='ocrx_word' id='word_1_703' title='bbox 353 4205 533 4243; x_wconf 81' lang='lat' dir='ltr'><strong>suum.</strong></span> <span class='ocrx_word' id='word_1_704' title='bbox 581 4191 650 4241; x_wconf 83' lang='lat' dir='ltr'><strong>Et</strong></span> <span class='ocrx_word' id='word_1_705' title='bbox 678 4191 813 4241; x_wconf 88' lang='lat' dir='ltr'><strong>abiit</strong></span> <span class='ocrx_word' id='word_1_706' title='bbox 854 4191 1098 4255; x_wconf 77' lang='lat' dir='ltr'><strong>E/fraim</strong></span> <span class='ocrx_word' id='word_1_707' title='bbox 1128 4191 1203 4240; x_wconf 89' lang='lat' dir='ltr'><strong>ad</strong></span> <span class='ocrx_word' id='word_1_708' title='bbox 1234 4193 1423 4253; x_wconf 80' lang='lat' dir='ltr'><strong>Assur,</strong></span> <span class='ocrx_word' id='word_1_709' title='bbox 1441 4200 1488 4243; x_wconf 88' lang='lat' dir='ltr'><strong>et</strong></span> <span class='ocrx_word' id='word_1_710' title='bbox 1511 4195 1660 4243; x_wconf 84' lang='lat' dir='ltr'><strong>misit</strong></span> <span class='ocrx_word' id='word_1_711' title='bbox 1682 4196 1757 4244; x_wconf 88' lang='lat' dir='ltr'><strong>ad</strong></span> <span class='ocrx_word' id='word_1_712' title='bbox 1777 4212 1953 4259; x_wconf 81' lang='lat' dir='ltr'><strong>regem</strong></span> 
     </span>
    </p>
   </div>
   <div class='ocr_carea' id='block_1_96' title="bbox 356 4262 1953 4327">
    <p class='ocr_par' dir='ltr' id='par_1_96' title="bbox 356 4262 1953 4327">
     <span class='ocr_line' id='line_1_96' title="bbox 356 4262 1953 4327; baseline 0.003 -16"><span class='ocrx_word' id='word_1_713' title='bbox 356 4262 611 4312; x_wconf 87' lang='lat' dir='ltr'><strong>ultorem:</strong></span> <span class='ocrx_word' id='word_1_714' title='bbox 660 4269 707 4313; x_wconf 81' lang='lat' dir='ltr'><strong>et</strong></span> <span class='ocrx_word' id='word_1_715' title='bbox 749 4263 861 4326; x_wconf 86' lang='lat' dir='ltr'><strong>ipse</strong></span> <span class='ocrx_word' id='word_1_716' title='bbox 910 4278 1022 4312; x_wconf 89' lang='lat' dir='ltr'><strong>non</strong></span> <span class='ocrx_word' id='word_1_717' title='bbox 1055 4263 1252 4327; x_wconf 78' lang='lat' dir='ltr'><strong>poterit</strong></span> <span class='ocrx_word' id='word_1_718' title='bbox 1283 4279 1484 4314; x_wconf 86' lang='lat' dir='ltr'><strong>sanare</strong></span> <span class='ocrx_word' id='word_1_719' title='bbox 1512 4280 1617 4325; x_wconf 83' lang='lat' dir='ltr'><strong>vos,</strong></span> <span class='ocrx_word' id='word_1_720' title='bbox 1645 4282 1737 4315; x_wconf 85' lang='lat' dir='ltr'><strong>nec</strong></span> <span class='ocrx_word' id='word_1_721' title='bbox 1759 4267 1953 4317; x_wconf 88' lang='lat' dir='ltr'><strong>solvere</strong></span> 
     </span>
    </p>
   </div>
   <div class='ocr_carea' id='block_1_97' title="bbox 354 4333 1949 4402">
    <p class='ocr_par' dir='ltr' id='par_1_97' title="bbox 354 4333 1949 4402">
     <span class='ocr_line' id='line_1_97' title="bbox 354 4333 1949 4402; baseline 0.005 -22"><span class='ocrx_word' id='word_1_722' title='bbox 354 4334 546 4397; x_wconf 80' lang='lat' dir='ltr'><strong>poterit</strong></span> <span class='ocrx_word' id='word_1_723' title='bbox 579 4350 615 4384; x_wconf 91' lang='lat' dir='ltr'><strong>a</strong></span> <span class='ocrx_word' id='word_1_724' title='bbox 646 4334 791 4384; x_wconf 84' lang='lat' dir='ltr'><strong>vobis</strong></span> <span class='ocrx_word' id='word_1_725' title='bbox 824 4333 1123 4391; x_wconf 75' lang='lat' dir='ltr'><strong>vinculum.</strong></span> <span class='ocrx_word' id='word_1_726' title='bbox 1178 4335 1451 4394; x_wconf 83' lang='lat' dir='ltr'><strong>Quoniam</strong></span> <span class='ocrx_word' id='word_1_727' title='bbox 1479 4352 1571 4400; x_wconf 85' lang='lat' dir='ltr'><strong>ego</strong></span> <span class='ocrx_word' id='word_1_728' title='bbox 1604 4339 1763 4402; x_wconf 86' lang='lat' dir='ltr'><strong>quasi</strong></span> <span class='ocrx_word' id='word_1_729' title='bbox 1784 4338 1949 4388; x_wconf 70' lang='lat' dir='ltr'><strong>leaena</strong></span> 
     </span>
    </p>
   </div>
   <div class='ocr_carea' id='block_1_98' title="bbox 356 4404 1943 4473">
    <p class='ocr_par' dir='ltr' id='par_1_98' title="bbox 356 4404 1943 4473">
     <span class='ocr_line' id='line_1_98' title="bbox 356 4404 1943 4473; baseline 0.003 -19"><span class='ocrx_word' id='word_1_730' title='bbox 356 4404 614 4469; x_wconf 82' lang='lat' dir='ltr'><strong>Effraim,</strong></span> <span class='ocrx_word' id='word_1_731' title='bbox 657 4410 704 4456; x_wconf 85' lang='lat' dir='ltr'><strong>el</strong></span> <span class='ocrx_word' id='word_1_732' title='bbox 754 4406 914 4471; x_wconf 86' lang='lat' dir='ltr'><strong>quasi</strong></span> <span class='ocrx_word' id='word_1_733' title='bbox 956 4407 1167 4456; x_wconf 87' lang='lat' dir='ltr'><strong>catulus</strong></span> <span class='ocrx_word' id='word_1_734' title='bbox 1212 4406 1376 4457; x_wconf 83' lang='lat' dir='ltr'><strong>leonis</strong></span> <span class='ocrx_word' id='word_1_735' title='bbox 1399 4407 1588 4458; x_wconf 84' lang='lat' dir='ltr'><strong>domui</strong></span> <span class='ocrx_word' id='word_1_736' title='bbox 1619 4409 1785 4460; x_wconf 87' lang='lat' dir='ltr'><strong>Juda.</strong></span> <span class='ocrx_word' id='word_1_737' title='bbox 1811 4410 1943 4473; x_wconf 83' lang='lat' dir='ltr'><strong>Ego,</strong></span> 
     </span>
    </p>
   </div>
   <div class='ocr_carea' id='block_1_99' title="bbox 350 4477 1946 4545">
    <p class='ocr_par' dir='ltr' id='par_1_99' title="bbox 350 4477 1946 4545">
     <span class='ocr_line' id='line_1_99' title="bbox 350 4477 1946 4545; baseline 0.003 -20"><span class='ocrx_word' id='word_1_738' title='bbox 350 4491 441 4537; x_wconf 86' lang='lat' dir='ltr'><strong>ego</strong></span> <span class='ocrx_word' id='word_1_739' title='bbox 466 4477 684 4539; x_wconf 75' lang='lat' dir='ltr'><strong>cadam,</strong></span> <span class='ocrx_word' id='word_1_740' title='bbox 709 4483 753 4526; x_wconf 89' lang='lat' dir='ltr'><strong>et</strong></span> <span class='ocrx_word' id='word_1_741' title='bbox 777 4477 1013 4541; x_wconf 88' lang='lat' dir='ltr'><strong>capiam.</strong></span> <span class='ocrx_word' id='word_1_742' title='bbox 1052 4483 1097 4527; x_wconf 88' lang='lat' dir='ltr'><strong>et</strong></span> <span class='ocrx_word' id='word_1_743' title='bbox 1132 4477 1334 4539; x_wconf 83' lang='lat' dir='ltr'><strong>tollam,</strong></span> <span class='ocrx_word' id='word_1_744' title='bbox 1355 4484 1400 4529; x_wconf 88' lang='lat' dir='ltr'><strong>et</strong></span> <span class='ocrx_word' id='word_1_745' title='bbox 1425 4494 1540 4529; x_wconf 87' lang='lat' dir='ltr'><strong>non</strong></span> <span class='ocrx_word' id='word_1_746' title='bbox 1564 4486 1634 4530; x_wconf 88' lang='lat' dir='ltr'><strong>est</strong></span> <span class='ocrx_word' id='word_1_747' title='bbox 1652 4480 1749 4545; x_wconf 88' lang='lat' dir='ltr'><strong>qui</strong></span> <span class='ocrx_word' id='word_1_748' title='bbox 1772 4485 1946 4529; x_wconf 86' lang='lat' dir='ltr'><strong>eruat.</strong></span> 
     </span>
    </p>
   </div>
   <div class='ocr_carea' id='block_1_100' title="bbox 363 4548 1954 4614">
    <p class='ocr_par' dir='ltr' id='par_1_100' title="bbox 363 4548 1954 4614">
     <span class='ocr_line' id='line_1_100' title="bbox 363 4548 1954 4614; baseline 0.003 -18"><span class='ocrx_word' id='word_1_749' title='bbox 363 4548 571 4598; x_wconf 85' lang='lat' dir='ltr'><strong>Vadens</strong></span> <span class='ocrx_word' id='word_1_750' title='bbox 613 4554 851 4598; x_wconf 79' lang='lat' dir='ltr'><strong>revertar</strong></span> <span class='ocrx_word' id='word_1_751' title='bbox 882 4550 956 4598; x_wconf 88' lang='lat' dir='ltr'><strong>ad</strong></span> <span class='ocrx_word' id='word_1_752' title='bbox 986 4550 1159 4599; x_wconf 87' lang='lat' dir='ltr'><strong>locum</strong></span> <span class='ocrx_word' id='word_1_753' title='bbox 1183 4564 1382 4611; x_wconf 89' lang='lat' dir='ltr'><strong>meum,</strong></span> <span class='ocrx_word' id='word_1_754' title='bbox 1409 4551 1574 4601; x_wconf 87' lang='lat' dir='ltr'><strong>donec</strong></span> <span class='ocrx_word' id='word_1_755' title='bbox 1604 4552 1882 4614; x_wconf 78' lang='lat' dir='ltr'><strong>deﬁciatis,</strong></span> <span class='ocrx_word' id='word_1_756' title='bbox 1909 4558 1954 4600; x_wconf 83' lang='lat' dir='ltr'><strong>et</strong></span> 
     </span>
    </p>
   </div>
   <div class='ocr_carea' id='block_1_101' title="bbox 356 4619 1955 4682">
    <p class='ocr_par' dir='ltr' id='par_1_101' title="bbox 356 4619 1955 4682">
     <span class='ocr_line' id='line_1_101' title="bbox 356 4619 1955 4682; baseline 0.001 -15"><span class='ocrx_word' id='word_1_757' title='bbox 356 4619 609 4681; x_wconf 68' lang='lat' dir='ltr'><strong>quaeratis</strong></span> <span class='ocrx_word' id='word_1_758' title='bbox 632 4620 825 4682; x_wconf 82' lang='lat' dir='ltr'><strong>faciem</strong></span> <span class='ocrx_word' id='word_1_759' title='bbox 852 4636 1048 4672; x_wconf 89' lang='lat' dir='ltr'><strong>meam.</strong></span> <span class='ocrx_word' id='word_1_760' title='bbox 1081 4621 1349 4675; x_wconf 71' lang='lat' dir='ltr'><strong>Graviter,</strong></span> <span class='ocrx_word' id='word_1_761' title='bbox 1371 4634 1433 4674; x_wconf 90' lang='lat' dir='ltr'><strong>se</strong></span> <span class='ocrx_word' id='word_1_762' title='bbox 1458 4625 1613 4674; x_wconf 91' lang='lat' dir='ltr'><strong>Deus</strong></span> <span class='ocrx_word' id='word_1_763' title='bbox 1642 4624 1955 4672; x_wconf 85' lang='lat' dir='ltr'><strong>commendat</strong></span> 
     </span>
    </p>
   </div>
   <div class='ocr_carea' id='block_1_102' title="bbox 355 4686 1955 4757">
    <p class='ocr_par' dir='ltr' id='par_1_102' title="bbox 355 4686 1955 4757">
     <span class='ocr_line' id='line_1_102' title="bbox 355 4686 1955 4757; baseline 0.001 -17"><span class='ocrx_word' id='word_1_764' title='bbox 355 4686 657 4753; x_wconf 69' lang='lat' dir='ltr'><strong>offensum,</strong></span> <span class='ocrx_word' id='word_1_765' title='bbox 672 4692 822 4753; x_wconf 91' lang='lat' dir='ltr'><strong>quod</strong></span> <span class='ocrx_word' id='word_1_766' title='bbox 839 4691 981 4744; x_wconf 90' lang='lat' dir='ltr'><strong>nihil</strong></span> <span class='ocrx_word' id='word_1_767' title='bbox 998 4693 1456 4757; x_wconf 88' lang='lat' dir='ltr'><strong>compunctionis</strong></span> <span class='ocrx_word' id='word_1_768' title='bbox 1473 4694 1543 4745; x_wconf 88' lang='lat' dir='ltr'><strong>de</strong></span> <span class='ocrx_word' id='word_1_769' title='bbox 1560 4694 1809 4745; x_wconf 84' lang='lat' dir='ltr'><strong>fraterna</strong></span> <span class='ocrx_word' id='word_1_770' title='bbox 1819 4695 1955 4742; x_wconf 90' lang='lat' dir='ltr'><strong>dam-</strong></span> 
     </span>
    </p>
   </div>
   <div class='ocr_carea' id='block_1_103' title="bbox 353 4758 1953 4825">
    <p class='ocr_par' dir='ltr' id='par_1_103' title="bbox 353 4758 1953 4825">
     <span class='ocr_line' id='line_1_103' title="bbox 353 4758 1953 4825; baseline 0.002 -15"><span class='ocrx_word' id='word_1_771' title='bbox 353 4758 585 4810; x_wconf 88' lang='lat' dir='ltr'><strong>natione</strong></span> <span class='ocrx_word' id='word_1_772' title='bbox 611 4763 944 4825; x_wconf 89' lang='lat' dir='ltr'><strong>susceperit,</strong></span> <span class='ocrx_word' id='word_1_773' title='bbox 972 4761 1072 4813; x_wconf 91' lang='lat' dir='ltr'><strong>sed</strong></span> <span class='ocrx_word' id='word_1_774' title='bbox 1100 4774 1407 4817; x_wconf 90' lang='lat' dir='ltr'><strong>remanens</strong></span> <span class='ocrx_word' id='word_1_775' title='bbox 1431 4766 1461 4816; x_wconf 91' lang='lat' dir='ltr'><strong>J</strong></span> <span class='ocrx_word' id='word_1_776' title='bbox 1468 4764 1613 4817; x_wconf 89' lang='lat' dir='ltr'><strong>udas</strong></span> <span class='ocrx_word' id='word_1_777' title='bbox 1636 4766 1953 4814; x_wconf 82' lang='lat' dir='ltr'><strong>insultaverit</strong></span> 
     </span>
    </p>
   </div>
   <div class='ocr_carea' id='block_1_104' title="bbox 354 4829 1952 4900">
    <p class='ocr_par' dir='ltr' id='par_1_104' title="bbox 354 4829 1952 4900">
     <span class='ocr_line' id='line_1_104' title="bbox 354 4829 1952 4900; baseline 0.003 -19"><span class='ocrx_word' id='word_1_778' title='bbox 354 4829 629 4893; x_wconf 89' lang='lat' dir='ltr'><strong>exulanti,</strong></span> <span class='ocrx_word' id='word_1_779' title='bbox 653 4830 904 4896; x_wconf 60' lang='lat' dir='ltr'><strong>laetatus,</strong></span> <span class='ocrx_word' id='word_1_780' title='bbox 937 4833 1081 4884; x_wconf 86' lang='lat' dir='ltr'><strong>fines</strong></span> <span class='ocrx_word' id='word_1_781' title='bbox 1108 4846 1247 4887; x_wconf 89' lang='lat' dir='ltr'><strong>suos</strong></span> <span class='ocrx_word' id='word_1_782' title='bbox 1265 4848 1635 4900; x_wconf 89' lang='lat' dir='ltr'><strong>quacumque</strong></span> <span class='ocrx_word' id='word_1_783' title='bbox 1650 4835 1952 4887; x_wconf 90' lang='lat' dir='ltr'><strong>occasione</strong></span> 
     </span>
    </p>
   </div>
   <div class='ocr_carea' id='block_1_105' title="bbox 351 4900 1954 4971">
    <p class='ocr_par' dir='ltr' id='par_1_105' title="bbox 351 4900 1954 4971">
     <span class='ocr_line' id='line_1_105' title="bbox 351 4900 1954 4971; baseline 0.004 -20"><span class='ocrx_word' id='word_1_784' title='bbox 351 4900 608 4964; x_wconf 84' lang='lat' dir='ltr'><strong>proferri.</strong></span> <span class='ocrx_word' id='word_1_785' title='bbox 631 4901 753 4953; x_wconf 86' lang='lat' dir='ltr'><strong>Hoc</strong></span> <span class='ocrx_word' id='word_1_786' title='bbox 779 4914 915 4966; x_wconf 90' lang='lat' dir='ltr'><strong>ergo</strong></span> <span class='ocrx_word' id='word_1_787' title='bbox 940 4908 1240 4965; x_wconf 90' lang='lat' dir='ltr'><strong>peccatum</strong></span> <span class='ocrx_word' id='word_1_788' title='bbox 1261 4905 1343 4957; x_wconf 89' lang='lat' dir='ltr'><strong>ita</strong></span> <span class='ocrx_word' id='word_1_789' title='bbox 1363 4907 1615 4971; x_wconf 86' lang='lat' dir='ltr'><strong>graviter</strong></span> <span class='ocrx_word' id='word_1_790' title='bbox 1638 4906 1954 4960; x_wconf 56' lang='lat' dir='ltr'><strong>aestimavit</strong></span> 
     </span>
    </p>
   </div>
   <div class='ocr_carea' id='block_1_106' title="bbox 354 4972 1953 5042">
    <p class='ocr_par' dir='ltr' id='par_1_106' title="bbox 354 4972 1953 5042">
     <span class='ocr_line' id='line_1_106' title="bbox 354 4972 1953 5042; baseline 0.003 -19"><span class='ocrx_word' id='word_1_791' title='bbox 354 4973 529 5034; x_wconf 88' lang='lat' dir='ltr'><strong>Deus,</strong></span> <span class='ocrx_word' id='word_1_792' title='bbox 553 4974 619 5023; x_wconf 91' lang='lat' dir='ltr'><strong>ut</strong></span> <span class='ocrx_word' id='word_1_793' title='bbox 649 4984 767 5023; x_wconf 92' lang='lat' dir='ltr'><strong>non</strong></span> <span class='ocrx_word' id='word_1_794' title='bbox 799 4972 1170 5025; x_wconf 90' lang='lat' dir='ltr'><strong>admoturum</strong></span> <span class='ocrx_word' id='word_1_795' title='bbox 1194 4988 1257 5028; x_wconf 88' lang='lat' dir='ltr'><strong>se</strong></span> <span class='ocrx_word' id='word_1_796' title='bbox 1281 4976 1426 5028; x_wconf 90' lang='lat' dir='ltr'><strong>iram</strong></span> <span class='ocrx_word' id='word_1_797' title='bbox 1452 4978 1822 5042; x_wconf 88' lang='lat' dir='ltr'><strong>promitteret,</strong></span> <span class='ocrx_word' id='word_1_798' title='bbox 1851 4976 1953 5028; x_wconf 89' lang='lat' dir='ltr'><strong>sed</strong></span> 
     </span>
    </p>
   </div>
   <div class='ocr_carea' id='block_1_107' title="bbox 353 5042 1954 5114">
    <p class='ocr_par' dir='ltr' id='par_1_107' title="bbox 353 5042 1954 5114">
     <span class='ocr_line' id='line_1_107' title="bbox 353 5042 1954 5114; baseline 0.004 -20"><span class='ocrx_word' id='word_1_799' title='bbox 353 5042 536 5095; x_wconf 90' lang='lat' dir='ltr'><strong>instar</strong></span> <span class='ocrx_word' id='word_1_800' title='bbox 558 5054 730 5108; x_wconf 68' lang='lat' dir='ltr'><strong>aquae</strong></span> <span class='ocrx_word' id='word_1_801' title='bbox 753 5043 982 5108; x_wconf 90' lang='lat' dir='ltr'><strong>penitus</strong></span> <span class='ocrx_word' id='word_1_802' title='bbox 1005 5044 1345 5098; x_wconf 71' lang='lat' dir='ltr'><strong>effusorum.</strong></span> <span class='ocrx_word' id='word_1_803' title='bbox 1380 5050 1450 5100; x_wconf 89' lang='lat' dir='ltr'><strong>Et</strong></span> <span class='ocrx_word' id='word_1_804' title='bbox 1480 5049 1616 5112; x_wconf 88' lang='lat' dir='ltr'><strong>quia</strong></span> <span class='ocrx_word' id='word_1_805' title='bbox 1643 5060 1741 5114; x_wconf 91' lang='lat' dir='ltr'><strong>per</strong></span> <span class='ocrx_word' id='word_1_806' title='bbox 1768 5050 1954 5100; x_wconf 90' lang='lat' dir='ltr'><strong>incre-</strong></span> 
     </span>
    </p>
   </div>
   <div class='ocr_carea' id='block_1_108' title="bbox 354 5116 1951 5181">
    <p class='ocr_par' dir='ltr' id='par_1_108' title="bbox 354 5116 1951 5181">
     <span class='ocr_line' id='line_1_108' title="bbox 354 5116 1951 5181; baseline 0 -14"><span class='ocrx_word' id='word_1_807' title='bbox 354 5120 550 5167; x_wconf 90' lang='lat' dir='ltr'><strong>menta</strong></span> <span class='ocrx_word' id='word_1_808' title='bbox 564 5127 886 5181; x_wconf 63' lang='lat' dir='ltr'><strong>poenarum,</strong></span> <span class='ocrx_word' id='word_1_809' title='bbox 906 5116 1297 5169; x_wconf 91' lang='lat' dir='ltr'><strong>nocentiorem</strong></span> <span class='ocrx_word' id='word_1_810' title='bbox 1315 5118 1525 5172; x_wconf 88' lang='lat' dir='ltr'><strong>fecerat</strong></span> <span class='ocrx_word' id='word_1_811' title='bbox 1536 5120 1573 5171; x_wconf 24' lang='lat' dir='ltr'><strong>‘J</strong></span> <span class='ocrx_word' id='word_1_812' title='bbox 1580 5120 1755 5173; x_wconf 87' lang='lat' dir='ltr'><strong>udam</strong></span> <span class='ocrx_word' id='word_1_813' title='bbox 1770 5122 1951 5181; x_wconf 87' lang='lat' dir='ltr'><strong>videri,</strong></span> 
     </span>
    </p>
   </div>
   <div class='ocr_carea' id='block_1_109' title="bbox 354 5187 1954 5253">
    <p class='ocr_par' dir='ltr' id='par_1_109' title="bbox 354 5187 1954 5253">
     <span class='ocr_line' id='line_1_109' title="bbox 354 5187 1954 5253; baseline 0.001 -15"><span class='ocrx_word' id='word_1_814' title='bbox 354 5187 563 5252; x_wconf 90' lang='lat' dir='ltr'><strong>quippe</strong></span> <span class='ocrx_word' id='word_1_815' title='bbox 587 5187 687 5252; x_wconf 89' lang='lat' dir='ltr'><strong>qui</strong></span> <span class='ocrx_word' id='word_1_816' title='bbox 716 5193 891 5249; x_wconf 90' lang='lat' dir='ltr'><strong>esset,</strong></span> <span class='ocrx_word' id='word_1_817' title='bbox 915 5187 1236 5242; x_wconf 88' lang='lat' dir='ltr'><strong>inundante</strong></span> <span class='ocrx_word' id='word_1_818' title='bbox 1260 5189 1780 5253; x_wconf 88' lang='lat' dir='ltr'><strong>animadversione,</strong></span> <span class='ocrx_word' id='word_1_819' title='bbox 1793 5205 1954 5251; x_wconf 82' lang='lat' dir='ltr'><strong>popu-</strong></span> 
     </span>
    </p>
   </div>
   <div class='ocr_carea' id='block_1_110' title="bbox 349 5256 1953 5325">
    <p class='ocr_par' dir='ltr' id='par_1_110' title="bbox 349 5256 1953 5325">
     <span class='ocr_line' id='line_1_110' title="bbox 349 5256 1953 5325; baseline 0.001 -14"><span class='ocrx_word' id='word_1_820' title='bbox 349 5256 579 5323; x_wconf 89' lang='lat' dir='ltr'><strong>landus,</strong></span> <span class='ocrx_word' id='word_1_821' title='bbox 621 5264 952 5313; x_wconf 87' lang='lat' dir='ltr'><strong>assumtum</strong></span> <span class='ocrx_word' id='word_1_822' title='bbox 973 5259 1223 5313; x_wconf 91' lang='lat' dir='ltr'><strong>colorem</strong></span> <span class='ocrx_word' id='word_1_823' title='bbox 1244 5261 1493 5325; x_wconf 84' lang='lat' dir='ltr'><strong>perrexit</strong></span> <span class='ocrx_word' id='word_1_824' title='bbox 1521 5261 1800 5314; x_wconf 87' lang='lat' dir='ltr'><strong>excolere.</strong></span> <span class='ocrx_word' id='word_1_825' title='bbox 1828 5260 1953 5313; x_wconf 88' lang='lat' dir='ltr'><strong>Ait-</strong></span> 
     </span>
    </p>
   </div>
   <div class='ocr_carea' id='block_1_111' title="bbox 351 5331 1953 5400">
    <p class='ocr_par' dir='ltr' id='par_1_111' title="bbox 351 5331 1953 5400">
     <span class='ocr_line' id='line_1_111' title="bbox 351 5331 1953 5400; baseline 0.003 -19"><span class='ocrx_word' id='word_1_826' title='bbox 351 5342 465 5393; x_wconf 90' lang='lat' dir='ltr'><strong>que</strong></span> <span class='ocrx_word' id='word_1_827' title='bbox 488 5331 569 5383; x_wconf 86' lang='lat' dir='ltr'><strong>ita</strong></span> <span class='ocrx_word' id='word_1_828' title='bbox 588 5331 759 5387; x_wconf 63' lang='lat' dir='ltr'><strong>Juda;</strong></span> <span class='ocrx_word' id='word_1_829' title='bbox 777 5344 907 5385; x_wconf 89' lang='lat' dir='ltr'><strong>esse</strong></span> <span class='ocrx_word' id='word_1_830' title='bbox 924 5332 1245 5398; x_wconf 82' lang='lat' dir='ltr'><strong>graviorem</strong></span> <span class='ocrx_word' id='word_1_831' title='bbox 1268 5335 1510 5397; x_wconf 86' lang='lat' dir='ltr'><strong>reatum,</strong></span> <span class='ocrx_word' id='word_1_832' title='bbox 1554 5337 1621 5385; x_wconf 88' lang='lat' dir='ltr'><strong>ut</strong></span> <span class='ocrx_word' id='word_1_833' title='bbox 1651 5334 1701 5385; x_wconf 88' lang='lat' dir='ltr'><strong>ei</strong></span> <span class='ocrx_word' id='word_1_834' title='bbox 1722 5347 1953 5400; x_wconf 87' lang='lat' dir='ltr'><strong>compa-</strong></span> 
     </span>
    </p>
   </div>
   <div class='ocr_carea' id='block_1_112' title="bbox 348 5403 1952 5471">
    <p class='ocr_par' dir='ltr' id='par_1_112' title="bbox 348 5403 1952 5471">
     <span class='ocr_line' id='line_1_112' title="bbox 348 5403 1952 5471; baseline 0.005 -20"><span class='ocrx_word' id='word_1_835' title='bbox 348 5406 511 5453; x_wconf 90' lang='lat' dir='ltr'><strong>ratus</strong></span> <span class='ocrx_word' id='word_1_836' title='bbox 536 5404 710 5457; x_wconf 90' lang='lat' dir='ltr'><strong>Israel</strong></span> <span class='ocrx_word' id='word_1_837' title='bbox 733 5403 998 5458; x_wconf 88' lang='lat' dir='ltr'><strong>videatur</strong></span> <span class='ocrx_word' id='word_1_838' title='bbox 1021 5404 1375 5458; x_wconf 88' lang='lat' dir='ltr'><strong>calumniam</strong></span> <span class='ocrx_word' id='word_1_839' title='bbox 1405 5405 1731 5470; x_wconf 87' lang='lat' dir='ltr'><strong>pertulisse.</strong></span> <span class='ocrx_word' id='word_1_840' title='bbox 1745 5407 1952 5471; x_wconf 88' lang='lat' dir='ltr'><strong>Fitque</strong></span> 
     </span>
    </p>
   </div>
   <div class='ocr_carea' id='block_1_113' title="bbox 416 5572 1951 5641">
    <p class='ocr_par' dir='ltr' id='par_1_113' title="bbox 416 5572 1951 5641">
     <span class='ocr_line' id='line_1_113' title="bbox 416 5572 1951 5641; baseline 0.005 -21"><span class='ocrx_word' id='word_1_841' title='bbox 416 5580 433 5641; x_wconf 59' lang='grc' dir='ltr'>ξ</span> <span class='ocrx_word' id='word_1_842' title='bbox 485 5572 603 5623; x_wconf 85' lang='lat' dir='ltr'><strong>Nisi</strong></span> <span class='ocrx_word' id='word_1_843' title='bbox 653 5575 901 5638; x_wconf 87' lang='lat' dir='ltr'><strong>accipias</strong></span> <span class='ocrx_word' id='word_1_844' title='bbox 943 5589 1044 5641; x_wconf 86' lang='lat' dir='ltr'><strong>pro</strong></span> <span class='ocrx_word' id='word_1_845' title='bbox 1069 5592 1181 5641; x_wconf 87' lang='lat' dir='ltr'><strong>qua</strong></span> <span class='ocrx_word' id='word_1_846' title='bbox 1224 5578 1287 5627; x_wconf 86' lang='lat' dir='ltr'><strong>in</strong></span> <span class='ocrx_word' id='word_1_847' title='bbox 1323 5593 1399 5641; x_wconf 80' lang='lat' dir='ltr'><strong>re,</strong></span> <span class='ocrx_word' id='word_1_848' title='bbox 1423 5576 1595 5631; x_wconf 84' lang='lat' dir='ltr'><strong>debet</strong></span> <span class='ocrx_word' id='word_1_849' title='bbox 1617 5577 1689 5629; x_wconf 88' lang='lat' dir='ltr'><strong>ad</strong></span> <span class='ocrx_word' id='word_1_850' title='bbox 1713 5592 1951 5628; x_wconf 86' lang='lat' dir='ltr'><strong>mensem</strong></span> 
     </span>
    </p>
   </div>
   <div class='ocr_carea' id='block_1_114' title="bbox 349 5640 1951 5703">
    <p class='ocr_par' dir='ltr' id='par_1_114' title="bbox 349 5640 1951 5703">
     <span class='ocr_line' id='line_1_114' title="bbox 349 5640 1951 5703; baseline 0.007 -12"><span class='ocrx_word' id='word_1_851' title='bbox 349 5640 564 5702; x_wconf 85' lang='lat' dir='ltr'><strong>referri,</strong></span> <span class='ocrx_word' id='word_1_852' title='bbox 588 5656 705 5696; x_wconf 91' lang='lat' dir='ltr'><strong>non</strong></span> <span class='ocrx_word' id='word_1_853' title='bbox 730 5640 965 5696; x_wconf 67' lang='lat' dir='ltr'><strong>messt</strong></span> <span class='ocrx_word' id='word_1_854' title='bbox 988 5640 1151 5700; x_wconf 86' lang='lat' dir='ltr'><strong>Tunc</strong></span> <span class='ocrx_word' id='word_1_855' title='bbox 1176 5662 1311 5701; x_wconf 91' lang='lat' dir='ltr'><strong>vero</strong></span> <span class='ocrx_word' id='word_1_856' title='bbox 1333 5640 1431 5702; x_wconf 86' lang='lat' dir='ltr'><strong>illa</strong></span> <span class='ocrx_word' id='word_1_857' title='bbox 1463 5649 1790 5703; x_wconf 89' lang='lat' dir='ltr'><strong>revocanda</strong></span> <span class='ocrx_word' id='word_1_858' title='bbox 1814 5651 1951 5702; x_wconf 88' lang='lat' dir='ltr'><strong>Hie-</strong></span> 
     </span>
    </p>
   </div>
   <div class='ocr_carea' id='block_1_115' title="bbox 353 5711 1954 5788">
    <p class='ocr_par' dir='ltr' id='par_1_115' title="bbox 353 5711 1954 5788">
     <span class='ocr_line' id='line_1_115' title="bbox 353 5711 1954 5788; baseline 0.01 -30"><span class='ocrx_word' id='word_1_859' title='bbox 353 5711 706 5788; x_wconf 70' lang='lat' dir='ltr'><strong>ronymianaa</strong></span> <span class='ocrx_word' id='word_1_860' title='bbox 731 5718 787 5788; x_wconf 79' lang='lat' dir='ltr'><strong>et</strong></span> <span class='ocrx_word' id='word_1_861' title='bbox 809 5718 1079 5781; x_wconf 63' lang='lat' dir='ltr'><strong>Vulgata</strong></span> <span class='ocrx_word' id='word_1_862' title='bbox 1108 5720 1391 5772; x_wconf 90' lang='lat' dir='ltr'><strong>versionis</strong></span> <span class='ocrx_word' id='word_1_863' title='bbox 1413 5721 1581 5773; x_wconf 89' lang='lat' dir='ltr'><strong>lectio</strong></span> <span class='ocrx_word' id='word_1_864' title='bbox 1596 5722 1721 5787; x_wconf 90' lang='lat' dir='ltr'><strong>erit,</strong></span> <span class='ocrx_word' id='word_1_865' title='bbox 1746 5728 1819 5774; x_wconf 89' lang='lat' dir='ltr'><strong>de</strong></span> <span class='ocrx_word' id='word_1_866' title='bbox 1838 5734 1954 5785; x_wconf 88' lang='lat' dir='ltr'><strong>qua</strong></span> 
     </span>
    </p>
   </div>
   <div class='ocr_carea' id='block_1_116' title="bbox 350 5781 1950 5857">
    <p class='ocr_par' dir='ltr' id='par_1_116' title="bbox 350 5781 1950 5857">
     <span class='ocr_line' id='line_1_116' title="bbox 350 5781 1950 5857; baseline 0.011 -30"><span class='ocrx_word' id='word_1_867' title='bbox 350 5781 412 5828; x_wconf 88' lang='lat' dir='ltr'><strong>in</strong></span> <span class='ocrx_word' id='word_1_868' title='bbox 431 5781 778 5842; x_wconf 65' lang='lat' dir='ltr'><strong>praecedenti</strong></span> <span class='ocrx_word' id='word_1_869' title='bbox 802 5788 1063 5847; x_wconf 84' lang='lat' dir='ltr'><strong>proxime</strong></span> <span class='ocrx_word' id='word_1_870' title='bbox 1092 5790 1478 5845; x_wconf 82' lang='lat' dir='ltr'><strong>Adnotatione</strong></span> <span class='ocrx_word' id='word_1_871' title='bbox 1502 5781 1811 5857; x_wconf 88' lang='lat' dir='ltr'><strong>loquimur.</strong></span> <span class='ocrx_word' id='word_1_872' title='bbox 1833 5781 1950 5845; x_wconf 55' lang='lat' dir='ltr'><strong>Sos</strong></span> 
     </span>
    </p>
   </div>
   <div class='ocr_carea' id='block_1_117' title="bbox 2055 3194 3672 3258">
    <p class='ocr_par' dir='ltr' id='par_1_117' title="bbox 2055 3194 3672 3258">
     <span class='ocr_line' id='line_1_117' title="bbox 2055 3194 3672 3258; baseline -0.001 -13"><span class='ocrx_word' id='word_1_873' title='bbox 2055 3200 2101 3245; x_wconf 86' lang='lat' dir='ltr'><strong>el</strong></span> <span class='ocrx_word' id='word_1_874' title='bbox 2121 3194 2323 3255; x_wconf 84' lang='lat' dir='ltr'><strong>tollam,</strong></span> <span class='ocrx_word' id='word_1_875' title='bbox 2355 3200 2400 3244; x_wconf 88' lang='lat' dir='ltr'><strong>et</strong></span> <span class='ocrx_word' id='word_1_876' title='bbox 2424 3210 2535 3243; x_wconf 88' lang='lat' dir='ltr'><strong>non</strong></span> <span class='ocrx_word' id='word_1_877' title='bbox 2559 3199 2632 3243; x_wconf 86' lang='lat' dir='ltr'><strong>est</strong></span> <span class='ocrx_word' id='word_1_878' title='bbox 2649 3195 2745 3258; x_wconf 87' lang='lat' dir='ltr'><strong>qui</strong></span> <span class='ocrx_word' id='word_1_879' title='bbox 2767 3200 2941 3251; x_wconf 79' lang='lat' dir='ltr'><strong>eruat.</strong></span> <span class='ocrx_word' id='word_1_880' title='bbox 2976 3194 3188 3244; x_wconf 85' lang='lat' dir='ltr'><strong>Vadens</strong></span> <span class='ocrx_word' id='word_1_881' title='bbox 3217 3200 3465 3244; x_wconf 81' lang='lat' dir='ltr'><strong>revertar</strong></span> <span class='ocrx_word' id='word_1_882' title='bbox 3496 3196 3574 3244; x_wconf 83' lang='lat' dir='ltr'><strong>ad</strong></span> <span class='ocrx_word' id='word_1_883' title='bbox 3594 3194 3672 3244; x_wconf 84' lang='lat' dir='ltr'><strong>lo-</strong></span> 
     </span>
    </p>
   </div>
   <div class='ocr_carea' id='block_1_118' title="bbox 2055 3266 3669 3330">
    <p class='ocr_par' dir='ltr' id='par_1_118' title="bbox 2055 3266 3669 3330">
     <span class='ocr_line' id='line_1_118' title="bbox 2055 3266 3669 3330; baseline -0.001 -15"><span class='ocrx_word' id='word_1_884' title='bbox 2055 3281 2179 3315; x_wconf 88' lang='lat' dir='ltr'><strong>cum</strong></span> <span class='ocrx_word' id='word_1_885' title='bbox 2202 3281 2402 3326; x_wconf 88' lang='lat' dir='ltr'><strong>meum,</strong></span> <span class='ocrx_word' id='word_1_886' title='bbox 2427 3266 2591 3316; x_wconf 83' lang='lat' dir='ltr'><strong>donec</strong></span> <span class='ocrx_word' id='word_1_887' title='bbox 2614 3266 2891 3328; x_wconf 83' lang='lat' dir='ltr'><strong>deﬁciatis,</strong></span> <span class='ocrx_word' id='word_1_888' title='bbox 2906 3271 2951 3315; x_wconf 84' lang='lat' dir='ltr'><strong>et</strong></span> <span class='ocrx_word' id='word_1_889' title='bbox 2967 3267 3226 3330; x_wconf 76' lang='lat' dir='ltr'><strong>quaeralis</strong></span> <span class='ocrx_word' id='word_1_890' title='bbox 3243 3267 3449 3329; x_wconf 83' lang='lat' dir='ltr'><strong>faciem</strong></span> <span class='ocrx_word' id='word_1_891' title='bbox 3472 3282 3669 3317; x_wconf 82' lang='lat' dir='ltr'><strong>meam.</strong></span> 
     </span>
    </p>
   </div>
   <div class='ocr_carea' id='block_1_119' title="bbox 2057 3336 3673 3401">
    <p class='ocr_par' dir='ltr' id='par_1_119' title="bbox 2057 3336 3673 3401">
     <span class='ocr_line' id='line_1_119' title="bbox 2057 3336 3673 3401; baseline -0.002 -12"><span class='ocrx_word' id='word_1_892' title='bbox 2057 3339 2236 3389; x_wconf 90' lang='lat' dir='ltr'><strong>Nemo</strong></span> <span class='ocrx_word' id='word_1_893' title='bbox 2261 3342 2369 3400; x_wconf 87' lang='lat' dir='ltr'><strong>est,</strong></span> <span class='ocrx_word' id='word_1_894' title='bbox 2386 3337 2883 3401; x_wconf 87' lang='lat' dir='ltr'><strong>inquitpastorum</strong></span> <span class='ocrx_word' id='word_1_895' title='bbox 2910 3336 3011 3400; x_wconf 89' lang='lat' dir='ltr'><strong>qui</strong></span> <span class='ocrx_word' id='word_1_896' title='bbox 3040 3349 3352 3401; x_wconf 87' lang='lat' dir='ltr'><strong>pervasam</strong></span> <span class='ocrx_word' id='word_1_897' title='bbox 3375 3349 3412 3387; x_wconf 87' lang='lat' dir='ltr'><strong>a</strong></span> <span class='ocrx_word' id='word_1_898' title='bbox 3433 3350 3529 3389; x_wconf 88' lang='lat' dir='ltr'><strong>me</strong></span> <span class='ocrx_word' id='word_1_899' title='bbox 3553 3353 3673 3400; x_wconf 77' lang='lat' dir='ltr'><strong>prae-</strong></span> 
     </span>
    </p>
   </div>
   <div class='ocr_carea' id='block_1_120' title="bbox 2056 3408 3674 3472">
    <p class='ocr_par' dir='ltr' id='par_1_120' title="bbox 2056 3408 3674 3472">
     <span class='ocr_line' id='line_1_120' title="bbox 2056 3408 3674 3472; baseline -0.002 -13"><span class='ocrx_word' id='word_1_900' title='bbox 2056 3409 2188 3460; x_wconf 91' lang='lat' dir='ltr'><strong>dam</strong></span> <span class='ocrx_word' id='word_1_901' title='bbox 2217 3409 2371 3460; x_wconf 87' lang='lat' dir='ltr'><strong>ausit</strong></span> <span class='ocrx_word' id='word_1_902' title='bbox 2393 3421 2618 3461; x_wconf 90' lang='lat' dir='ltr'><strong>eruere:</strong></span> <span class='ocrx_word' id='word_1_903' title='bbox 2637 3408 2737 3459; x_wconf 87' lang='lat' dir='ltr'><strong>sed</strong></span> <span class='ocrx_word' id='word_1_904' title='bbox 2754 3408 3077 3472; x_wconf 86' lang='lat' dir='ltr'><strong>despiciens</strong></span> <span class='ocrx_word' id='word_1_905' title='bbox 3103 3409 3464 3460; x_wconf 88' lang='lat' dir='ltr'><strong>rusticorum</strong></span> <span class='ocrx_word' id='word_1_906' title='bbox 3485 3410 3674 3457; x_wconf 86' lang='lat' dir='ltr'><strong>tumul-</strong></span> 
     </span>
    </p>
   </div>
   <div class='ocr_carea' id='block_1_121' title="bbox 2056 3478 3669 3542">
    <p class='ocr_par' dir='ltr' id='par_1_121' title="bbox 2056 3478 3669 3542">
     <span class='ocr_line' id='line_1_121' title="bbox 2056 3478 3669 3542; baseline -0.002 -10"><span class='ocrx_word' id='word_1_907' title='bbox 2056 3486 2200 3539; x_wconf 90' lang='lat' dir='ltr'><strong>tum,</strong></span> <span class='ocrx_word' id='word_1_908' title='bbox 2225 3492 2459 3532; x_wconf 91' lang='lat' dir='ltr'><strong>exeram</strong></span> <span class='ocrx_word' id='word_1_909' title='bbox 2473 3479 2645 3540; x_wconf 90' lang='lat' dir='ltr'><strong>vires,</strong></span> <span class='ocrx_word' id='word_1_910' title='bbox 2663 3480 2845 3532; x_wconf 91' lang='lat' dir='ltr'><strong>donec</strong></span> <span class='ocrx_word' id='word_1_911' title='bbox 2864 3478 3285 3542; x_wconf 83' lang='lat' dir='ltr'><strong>indignationis</strong></span> <span class='ocrx_word' id='word_1_912' title='bbox 3310 3492 3462 3532; x_wconf 77' lang='lat' dir='ltr'><strong>mese</strong></span> <span class='ocrx_word' id='word_1_913' title='bbox 3472 3484 3669 3530; x_wconf 80' lang='lat' dir='ltr'><strong>esuries</strong></span> 
     </span>
    </p>
   </div>
   <div class='ocr_carea' id='block_1_122' title="bbox 2056 3550 3672 3615">
    <p class='ocr_par' dir='ltr' id='par_1_122' title="bbox 2056 3550 3672 3615">
     <span class='ocr_line' id='line_1_122' title="bbox 2056 3550 3672 3615; baseline -0.001 -12"><span class='ocrx_word' id='word_1_914' title='bbox 2056 3551 2370 3615; x_wconf 84' lang='lat' dir='ltr'><strong>expleatur.</strong></span> <span class='ocrx_word' id='word_1_915' title='bbox 2407 3551 2660 3600; x_wconf 83' lang='lat' dir='ltr'><strong>Revertar</strong></span> <span class='ocrx_word' id='word_1_916' title='bbox 2681 3555 2875 3602; x_wconf 89' lang='lat' dir='ltr'><strong>autem</strong></span> <span class='ocrx_word' id='word_1_917' title='bbox 2905 3550 2980 3599; x_wconf 88' lang='lat' dir='ltr'><strong>ad</strong></span> <span class='ocrx_word' id='word_1_918' title='bbox 3004 3550 3181 3599; x_wconf 89' lang='lat' dir='ltr'><strong>locum</strong></span> <span class='ocrx_word' id='word_1_919' title='bbox 3203 3565 3410 3602; x_wconf 87' lang='lat' dir='ltr'><strong>meum.</strong></span> <span class='ocrx_word' id='word_1_920' title='bbox 3440 3563 3547 3615; x_wconf 83' lang='lat' dir='ltr'><strong>pro</strong></span> <span class='ocrx_word' id='word_1_921' title='bbox 3570 3563 3672 3601; x_wconf 84' lang='lat' dir='ltr'><strong>cu-</strong></span> 
     </span>
    </p>
   </div>
   <div class='ocr_carea' id='block_1_123' title="bbox 2056 3620 3673 3687">
    <p class='ocr_par' dir='ltr' id='par_1_123' title="bbox 2056 3620 3673 3687">
     <span class='ocr_line' id='line_1_123' title="bbox 2056 3620 3673 3687; baseline 0 -14"><span class='ocrx_word' id='word_1_922' title='bbox 2056 3622 2152 3674; x_wconf 90' lang='lat' dir='ltr'><strong>bili</strong></span> <span class='ocrx_word' id='word_1_923' title='bbox 2199 3622 2410 3687; x_wconf 90' lang='lat' dir='ltr'><strong>posuit,</strong></span> <span class='ocrx_word' id='word_1_924' title='bbox 2454 3622 2527 3673; x_wconf 87' lang='lat' dir='ltr'><strong>ad</strong></span> <span class='ocrx_word' id='word_1_925' title='bbox 2562 3621 2718 3685; x_wconf 92' lang='lat' dir='ltr'><strong>quod</strong></span> <span class='ocrx_word' id='word_1_926' title='bbox 2748 3621 2841 3673; x_wconf 90' lang='lat' dir='ltr'><strong>leo</strong></span> <span class='ocrx_word' id='word_1_927' title='bbox 2869 3634 2989 3673; x_wconf 91' lang='lat' dir='ltr'><strong>non</strong></span> <span class='ocrx_word' id='word_1_928' title='bbox 3036 3620 3270 3674; x_wconf 80' lang='lat' dir='ltr'><strong>territus</strong></span> <span class='ocrx_word' id='word_1_929' title='bbox 3315 3622 3571 3685; x_wconf 89' lang='lat' dir='ltr'><strong>recipere</strong></span> <span class='ocrx_word' id='word_1_930' title='bbox 3609 3634 3673 3673; x_wconf 89' lang='lat' dir='ltr'><strong>se</strong></span> 
     </span>
    </p>
   </div>
   <div class='ocr_carea' id='block_1_124' title="bbox 2056 3692 3670 3755">
    <p class='ocr_par' dir='ltr' id='par_1_124' title="bbox 2056 3692 3670 3755">
     <span class='ocr_line' id='line_1_124' title="bbox 2056 3692 3670 3755; baseline -0.001 -11"><span class='ocrx_word' id='word_1_931' title='bbox 2056 3693 2376 3746; x_wconf 87' lang='lat' dir='ltr'><strong>consuevit.</strong></span> <span class='ocrx_word' id='word_1_932' title='bbox 2427 3693 2547 3745; x_wconf 88' lang='lat' dir='ltr'><strong>Erit</strong></span> <span class='ocrx_word' id='word_1_933' title='bbox 2589 3698 2785 3745; x_wconf 89' lang='lat' dir='ltr'><strong>autem</strong></span> <span class='ocrx_word' id='word_1_934' title='bbox 2824 3692 3002 3755; x_wconf 91' lang='lat' dir='ltr'><strong>istud,</strong></span> <span class='ocrx_word' id='word_1_935' title='bbox 3028 3692 3217 3745; x_wconf 90' lang='lat' dir='ltr'><strong>donec</strong></span> <span class='ocrx_word' id='word_1_936' title='bbox 3241 3706 3353 3745; x_wconf 88' lang='lat' dir='ltr'><strong>vos</strong></span> <span class='ocrx_word' id='word_1_937' title='bbox 3386 3693 3670 3745; x_wconf 59' lang='lat' dir='ltr'><strong>arumnis</strong></span> 
     </span>
    </p>
   </div>
   <div class='ocr_carea' id='block_1_125' title="bbox 2055 3764 3668 3828">
    <p class='ocr_par' dir='ltr' id='par_1_125' title="bbox 2055 3764 3668 3828">
     <span class='ocr_line' id='line_1_125' title="bbox 2055 3764 3668 3828; baseline -0.002 -13"><span class='ocrx_word' id='word_1_938' title='bbox 2055 3764 2465 3828; x_wconf 89' lang='lat' dir='ltr'><strong>doloribusque</strong></span> <span class='ocrx_word' id='word_1_939' title='bbox 2480 3764 2682 3816; x_wconf 88' lang='lat' dir='ltr'><strong>lassati</strong></span> <span class='ocrx_word' id='word_1_940' title='bbox 2702 3778 2877 3813; x_wconf 85' lang='lat' dir='ltr'><strong>meam</strong></span> <span class='ocrx_word' id='word_1_941' title='bbox 2900 3764 3111 3827; x_wconf 88' lang='lat' dir='ltr'><strong>inquit,</strong></span> <span class='ocrx_word' id='word_1_942' title='bbox 3128 3764 3328 3826; x_wconf 80' lang='lat' dir='ltr'><strong>faciem</strong></span> <span class='ocrx_word' id='word_1_943' title='bbox 3351 3764 3668 3828; x_wconf 75' lang='lat' dir='ltr'><strong>requimlis:</strong></span> 
     </span>
    </p>
   </div>
   <div class='ocr_carea' id='block_1_126' title="bbox 2055 3834 3669 3900">
    <p class='ocr_par' dir='ltr' id='par_1_126' title="bbox 2055 3834 3669 3900">
     <span class='ocr_line' id='line_1_126' title="bbox 2055 3834 3669 3900; baseline 0.001 -14"><span class='ocrx_word' id='word_1_944' title='bbox 2055 3836 2211 3899; x_wconf 91' lang='lat' dir='ltr'><strong>quod</strong></span> <span class='ocrx_word' id='word_1_945' title='bbox 2231 3848 2371 3887; x_wconf 88' lang='lat' dir='ltr'><strong>sane</strong></span> <span class='ocrx_word' id='word_1_946' title='bbox 2395 3840 2559 3887; x_wconf 89' lang='lat' dir='ltr'><strong>extra</strong></span> <span class='ocrx_word' id='word_1_947' title='bbox 2590 3835 2850 3900; x_wconf 89' lang='lat' dir='ltr'><strong>regulam</strong></span> <span class='ocrx_word' id='word_1_948' title='bbox 2868 3839 3161 3898; x_wconf 70' lang='lat' dir='ltr'><strong>susceptae</strong></span> <span class='ocrx_word' id='word_1_949' title='bbox 3185 3834 3258 3886; x_wconf 88' lang='lat' dir='ltr'><strong>de</strong></span> <span class='ocrx_word' id='word_1_950' title='bbox 3282 3835 3451 3886; x_wconf 89' lang='lat' dir='ltr'><strong>leone</strong></span> <span class='ocrx_word' id='word_1_951' title='bbox 3476 3834 3669 3898; x_wconf 86' lang='lat' dir='ltr'><strong>imagi-</strong></span> 
     </span>
    </p>
   </div>
   <div class='ocr_carea' id='block_1_127' title="bbox 2052 3904 3666 3972">
    <p class='ocr_par' dir='ltr' id='par_1_127' title="bbox 2052 3904 3666 3972">
     <span class='ocr_line' id='line_1_127' title="bbox 2052 3904 3666 3972; baseline 0.002 -14"><span class='ocrx_word' id='word_1_952' title='bbox 2052 3907 2144 3958; x_wconf 91' lang='lat' dir='ltr'><strong>nis</strong></span> <span class='ocrx_word' id='word_1_953' title='bbox 2186 3920 2260 3960; x_wconf 85' lang='lat' dir='ltr'><strong>ex</strong></span> <span class='ocrx_word' id='word_1_954' title='bbox 2303 3907 2519 3972; x_wconf 87' lang='lat' dir='ltr'><strong>negotii</strong></span> <span class='ocrx_word' id='word_1_955' title='bbox 2555 3907 2794 3959; x_wconf 87' lang='lat' dir='ltr'><strong>veritate</strong></span> <span class='ocrx_word' id='word_1_956' title='bbox 2836 3910 3065 3958; x_wconf 89' lang='lat' dir='ltr'><strong>constat</strong></span> <span class='ocrx_word' id='word_1_957' title='bbox 3086 3904 3331 3957; x_wconf 87' lang='lat' dir='ltr'><strong>illatum.</strong></span> <span class='ocrx_word' id='word_1_958' title='bbox 3358 3908 3666 3962; x_wconf 61' lang='lat' dir='ltr'><strong>Caterum.</strong></span> 
     </span>
    </p>
   </div>
   <div class='ocr_carea' id='block_1_128' title="bbox 2053 3976 3671 4042">
    <p class='ocr_par' dir='ltr' id='par_1_128' title="bbox 2053 3976 3671 4042">
     <span class='ocr_line' id='line_1_128' title="bbox 2053 3976 3671 4042; baseline -0.002 -12"><span class='ocrx_word' id='word_1_959' title='bbox 2053 3983 2336 4042; x_wconf 89' lang='lat' dir='ltr'><strong>quantum</strong></span> <span class='ocrx_word' id='word_1_960' title='bbox 2373 3978 2447 4029; x_wconf 88' lang='lat' dir='ltr'><strong>ad</strong></span> <span class='ocrx_word' id='word_1_961' title='bbox 2481 3977 2962 4042; x_wconf 89' lang='lat' dir='ltr'><strong>comparationem</strong></span> <span class='ocrx_word' id='word_1_962' title='bbox 2985 3976 3239 4039; x_wconf 88' lang='lat' dir='ltr'><strong>respicit,</strong></span> <span class='ocrx_word' id='word_1_963' title='bbox 3275 3977 3411 4040; x_wconf 91' lang='lat' dir='ltr'><strong>quis</strong></span> <span class='ocrx_word' id='word_1_964' title='bbox 3433 3988 3563 4028; x_wconf 85' lang='lat' dir='ltr'><strong>eam</strong></span> <span class='ocrx_word' id='word_1_965' title='bbox 3586 3976 3671 4027; x_wconf 76' lang='lat' dir='ltr'><strong>ia-</strong></span> 
     </span>
    </p>
   </div>
   <div class='ocr_carea' id='block_1_129' title="bbox 2054 4048 3669 4113">
    <p class='ocr_par' dir='ltr' id='par_1_129' title="bbox 2054 4048 3669 4113">
     <span class='ocr_line' id='line_1_129' title="bbox 2054 4048 3669 4113; baseline -0.003 -13"><span class='ocrx_word' id='word_1_966' title='bbox 2054 4051 2201 4102; x_wconf 91' lang='lat' dir='ltr'><strong>ciem</strong></span> <span class='ocrx_word' id='word_1_967' title='bbox 2232 4050 2419 4101; x_wconf 91' lang='lat' dir='ltr'><strong>visere</strong></span> <span class='ocrx_word' id='word_1_968' title='bbox 2441 4048 2633 4101; x_wconf 90' lang='lat' dir='ltr'><strong>lassus</strong></span> <span class='ocrx_word' id='word_1_969' title='bbox 2657 4050 2899 4113; x_wconf 83' lang='lat' dir='ltr'><strong>optaret,</strong></span> <span class='ocrx_word' id='word_1_970' title='bbox 2915 4048 3009 4099; x_wconf 92' lang='lat' dir='ltr'><strong>cui</strong></span> <span class='ocrx_word' id='word_1_971' title='bbox 3031 4060 3140 4099; x_wconf 82' lang='lat' dir='ltr'><strong>nec</strong></span> <span class='ocrx_word' id='word_1_972' title='bbox 3162 4048 3406 4100; x_wconf 88' lang='lat' dir='ltr'><strong>vatidus</strong></span> <span class='ocrx_word' id='word_1_973' title='bbox 3423 4049 3669 4109; x_wconf 64' lang='lat' dir='ltr'><strong>potuimt</strong></span> 
     </span>
    </p>
   </div>
   <div class='ocr_carea' id='block_1_130' title="bbox 2053 4118 3669 4184">
    <p class='ocr_par' dir='ltr' id='par_1_130' title="bbox 2053 4118 3669 4184">
     <span class='ocr_line' id='line_1_130' title="bbox 2053 4118 3669 4184; baseline -0.002 -11"><span class='ocrx_word' id='word_1_974' title='bbox 2053 4122 2371 4174; x_wconf 78' lang='lat' dir='ltr'><strong>obsistere?</strong></span> <span class='ocrx_word' id='word_1_975' title='bbox 2393 4122 2593 4184; x_wconf 88' lang='lat' dir='ltr'><strong>Itaque</strong></span> <span class='ocrx_word' id='word_1_976' title='bbox 2604 4133 2738 4172; x_wconf 90' lang='lat' dir='ltr'><strong>cum</strong></span> <span class='ocrx_word' id='word_1_977' title='bbox 2754 4124 3079 4172; x_wconf 87' lang='lat' dir='ltr'><strong>assumtam</strong></span> <span class='ocrx_word' id='word_1_978' title='bbox 3095 4118 3562 4184; x_wconf 83' lang='lat' dir='ltr'><strong>indignationem</strong></span> <span class='ocrx_word' id='word_1_979' title='bbox 3576 4131 3669 4170; x_wconf 83' lang='lat' dir='ltr'><strong>ex-</strong></span> 
     </span>
    </p>
   </div>
   <div class='ocr_carea' id='block_1_131' title="bbox 2055 4191 3668 4257">
    <p class='ocr_par' dir='ltr' id='par_1_131' title="bbox 2055 4191 3668 4257">
     <span class='ocr_line' id='line_1_131' title="bbox 2055 4191 3668 4257; baseline -0.002 -13"><span class='ocrx_word' id='word_1_980' title='bbox 2055 4194 2378 4257; x_wconf 87' lang='lat' dir='ltr'><strong>pressisset,</strong></span> <span class='ocrx_word' id='word_1_981' title='bbox 2413 4204 2514 4257; x_wconf 90' lang='lat' dir='ltr'><strong>per</strong></span> <span class='ocrx_word' id='word_1_982' title='bbox 2543 4191 2755 4245; x_wconf 83' lang='lat' dir='ltr'><strong>famem</strong></span> <span class='ocrx_word' id='word_1_983' title='bbox 2779 4191 2983 4254; x_wconf 90' lang='lat' dir='ltr'><strong>leonis,</strong></span> <span class='ocrx_word' id='word_1_984' title='bbox 3002 4192 3128 4256; x_wconf 89' lang='lat' dir='ltr'><strong>jam</strong></span> <span class='ocrx_word' id='word_1_985' title='bbox 3151 4191 3224 4243; x_wconf 95' lang='lat' dir='ltr'><strong>de</strong></span> <span class='ocrx_word' id='word_1_986' title='bbox 3248 4204 3520 4255; x_wconf 76' lang='lat' dir='ltr'><strong>persona:</strong></span> <span class='ocrx_word' id='word_1_987' title='bbox 3544 4201 3668 4242; x_wconf 73' lang='lat' dir='ltr'><strong>suta</strong></span> 
     </span>
    </p>
   </div>
   <div class='ocr_carea' id='block_1_132' title="bbox 2051 4262 3665 4328">
    <p class='ocr_par' dir='ltr' id='par_1_132' title="bbox 2051 4262 3665 4328">
     <span class='ocr_line' id='line_1_132' title="bbox 2051 4262 3665 4328; baseline -0.002 -14"><span class='ocrx_word' id='word_1_988' title='bbox 2051 4264 2355 4327; x_wconf 87' lang='lat' dir='ltr'><strong>majestate</strong></span> <span class='ocrx_word' id='word_1_989' title='bbox 2376 4264 2642 4328; x_wconf 88' lang='lat' dir='ltr'><strong>subjecit,</strong></span> <span class='ocrx_word' id='word_1_990' title='bbox 2675 4275 2740 4315; x_wconf 91' lang='lat' dir='ltr'><strong>se</strong></span> <span class='ocrx_word' id='word_1_991' title='bbox 2762 4262 2835 4314; x_wconf 89' lang='lat' dir='ltr'><strong>ad</strong></span> <span class='ocrx_word' id='word_1_992' title='bbox 2858 4262 3223 4314; x_wconf 87' lang='lat' dir='ltr'><strong>liberandum</strong></span> <span class='ocrx_word' id='word_1_993' title='bbox 3244 4276 3369 4315; x_wconf 90' lang='lat' dir='ltr'><strong>non</strong></span> <span class='ocrx_word' id='word_1_994' title='bbox 3380 4276 3514 4315; x_wconf 87' lang='lat' dir='ltr'><strong>esse</strong></span> <span class='ocrx_word' id='word_1_995' title='bbox 3536 4273 3665 4313; x_wconf 84' lang='lat' dir='ltr'><strong>ven-</strong></span> 
     </span>
    </p>
   </div>
   <div class='ocr_carea' id='block_1_133' title="bbox 2052 4334 3671 4399">
    <p class='ocr_par' dir='ltr' id='par_1_133' title="bbox 2052 4334 3671 4399">
     <span class='ocr_line' id='line_1_133' title="bbox 2052 4334 3671 4399; baseline -0.001 -13"><span class='ocrx_word' id='word_1_996' title='bbox 2052 4338 2262 4396; x_wconf 89' lang='lat' dir='ltr'><strong>turum,</strong></span> <span class='ocrx_word' id='word_1_997' title='bbox 2296 4334 2410 4386; x_wconf 90' lang='lat' dir='ltr'><strong>nisi</strong></span> <span class='ocrx_word' id='word_1_998' title='bbox 2448 4335 2676 4388; x_wconf 91' lang='lat' dir='ltr'><strong>vultum</strong></span> <span class='ocrx_word' id='word_1_999' title='bbox 2704 4336 2832 4398; x_wconf 90' lang='lat' dir='ltr'><strong>ejus</strong></span> <span class='ocrx_word' id='word_1_1000' title='bbox 2856 4334 3165 4399; x_wconf 81' lang='lat' dir='ltr'><strong>proﬁciens</strong></span> <span class='ocrx_word' id='word_1_1001' title='bbox 3190 4334 3317 4398; x_wconf 89' lang='lat' dir='ltr'><strong>ipso</strong></span> <span class='ocrx_word' id='word_1_1002' title='bbox 3345 4335 3551 4387; x_wconf 85' lang='lat' dir='ltr'><strong>attritu</strong></span> <span class='ocrx_word' id='word_1_1003' title='bbox 3578 4344 3671 4397; x_wconf 89' lang='lat' dir='ltr'><strong>po-</strong></span> 
     </span>
    </p>
   </div>
   <div class='ocr_carea' id='block_1_134' title="bbox 2046 4404 3664 4471">
    <p class='ocr_par' dir='ltr' id='par_1_134' title="bbox 2046 4404 3664 4471">
     <span class='ocr_line' id='line_1_134' title="bbox 2046 4404 3664 4471; baseline -0.001 -13"><span class='ocrx_word' id='word_1_1004' title='bbox 2046 4406 2219 4471; x_wconf 90' lang='lat' dir='ltr'><strong>pulus</strong></span> <span class='ocrx_word' id='word_1_1005' title='bbox 2246 4406 2632 4471; x_wconf 89' lang='lat' dir='ltr'><strong>concupisset,</strong></span> <span class='ocrx_word' id='word_1_1006' title='bbox 2656 4408 2808 4458; x_wconf 88' lang='lat' dir='ltr'><strong>etab</strong></span> <span class='ocrx_word' id='word_1_1007' title='bbox 2832 4417 2899 4456; x_wconf 94' lang='lat' dir='ltr'><strong>eo</strong></span> <span class='ocrx_word' id='word_1_1008' title='bbox 2924 4404 3050 4457; x_wconf 89' lang='lat' dir='ltr'><strong>solo</strong></span> <span class='ocrx_word' id='word_1_1009' title='bbox 3073 4405 3664 4471; x_wconf 79' lang='lat' dir='ltr'><strong>ccepissetpostulare</strong></span> 
     </span>
    </p>
   </div>
   <div class='ocr_carea' id='block_1_135' title="bbox 1981 4475 3574 4574">
    <p class='ocr_par' dir='ltr' id='par_1_135' title="bbox 1981 4475 3574 4574">
     <span class='ocr_line' id='line_1_135' title="bbox 1981 4475 3574 4574; baseline -0.002 -46"><span class='ocrx_word' id='word_1_1010' title='bbox 1981 4502 2037 4574; x_wconf 67' lang='grc' dir='ltr'>Β</span> <span class='ocrx_word' id='word_1_1011' title='bbox 2053 4477 2394 4541; x_wconf 86' lang='lat' dir='ltr'><strong>remedium,</strong></span> <span class='ocrx_word' id='word_1_1012' title='bbox 2419 4490 2453 4529; x_wconf 91' lang='lat' dir='ltr'><strong>a</strong></span> <span class='ocrx_word' id='word_1_1013' title='bbox 2486 4489 2599 4542; x_wconf 90' lang='lat' dir='ltr'><strong>quo</strong></span> <span class='ocrx_word' id='word_1_1014' title='bbox 2624 4475 2972 4541; x_wconf 90' lang='lat' dir='ltr'><strong>supplicium</strong></span> <span class='ocrx_word' id='word_1_1015' title='bbox 3001 4477 3291 4530; x_wconf 87' lang='lat' dir='ltr'><strong>sensisset</strong></span> <span class='ocrx_word' id='word_1_1016' title='bbox 3323 4476 3574 4530; x_wconf 85' lang='lat' dir='ltr'><strong>illatum.</strong></span> 
     </span>
    </p>
   </div>
   <div class='ocr_carea' id='block_1_136' title="bbox 2671 4636 3033 4687">
    <p class='ocr_par' dir='ltr' id='par_1_136' title="bbox 2671 4636 3033 4687">
     <span class='ocr_line' id='line_1_136' title="bbox 2671 4636 3033 4687; baseline -0.006 1"><span class='ocrx_word' id='word_1_1017' title='bbox 2671 4636 2903 4687; x_wconf 86' lang='lat' dir='ltr'><strong>CAPUT</strong></span> <span class='ocrx_word' id='word_1_1018' title='bbox 2944 4637 3033 4686; x_wconf 91' lang='lat' dir='ltr'><strong>VI.</strong></span> 
     </span>
    </p>
   </div>
   <div class='ocr_carea' id='block_1_137' title="bbox 2116 4760 3664 4816">
    <p class='ocr_par' dir='ltr' id='par_1_137' title="bbox 2116 4760 3664 4816">
     <span class='ocr_line' id='line_1_137' title="bbox 2116 4760 3664 4816; baseline -0.001 -3"><span class='ocrx_word' id='word_1_1019' title='bbox 2116 4763 2276 4815; x_wconf 84' lang='lat' dir='ltr'><strong>Vers.</strong></span> <span class='ocrx_word' id='word_1_1020' title='bbox 2309 4761 2447 4816; x_wconf 82' lang='grc'>1.·3.</span> <span class='ocrx_word' id='word_1_1021' title='bbox 2500 4788 2561 4798; x_wconf 90' lang='grc'><strong>-</strong></span> <span class='ocrx_word' id='word_1_1022' title='bbox 2596 4762 2658 4810; x_wconf 86' lang='grc' dir='ltr'>1η</span> <span class='ocrx_word' id='word_1_1023' title='bbox 2694 4760 3043 4812; x_wconf 78' lang='lat' dir='ltr'><strong>tribulatione</strong></span> <span class='ocrx_word' id='word_1_1024' title='bbox 3074 4776 3181 4811; x_wconf 83' lang='lat' dir='ltr'><strong>sua</strong></span> <span class='ocrx_word' id='word_1_1025' title='bbox 3226 4777 3394 4813; x_wconf 81' lang='lat' dir='ltr'><strong>mane</strong></span> <span class='ocrx_word' id='word_1_1026' title='bbox 3439 4779 3664 4814; x_wconf 80' lang='lat' dir='ltr'><strong>consur-</strong></span> 
     </span>
    </p>
   </div>
   <div class='ocr_carea' id='block_1_138' title="bbox 2052 4831 3665 4899">
    <p class='ocr_par' dir='ltr' id='par_1_138' title="bbox 2052 4831 3665 4899">
     <span class='ocr_line' id='line_1_138' title="bbox 2052 4831 3665 4899; baseline -0.001 -17"><span class='ocrx_word' id='word_1_1027' title='bbox 2052 4839 2174 4899; x_wconf 83' lang='lat' dir='ltr'><strong>gent</strong></span> <span class='ocrx_word' id='word_1_1028' title='bbox 2218 4831 2324 4899; x_wconf 89' lang='lat' dir='ltr'><strong>[Al.</strong></span> <span class='ocrx_word' id='word_1_1029' title='bbox 2368 4832 2720 4898; x_wconf 79' lang='lat' dir='ltr'><strong>consurgunt]</strong></span> <span class='ocrx_word' id='word_1_1030' title='bbox 2762 4834 2837 4883; x_wconf 86' lang='lat' dir='ltr'><strong>ad</strong></span> <span class='ocrx_word' id='word_1_1031' title='bbox 2875 4848 2976 4883; x_wconf 85' lang='lat' dir='ltr'><strong>me.</strong></span> <span class='ocrx_word' id='word_1_1032' title='bbox 3023 4833 3227 4895; x_wconf 82' lang='lat' dir='ltr'><strong>Venite,</strong></span> <span class='ocrx_word' id='word_1_1033' title='bbox 3260 4839 3307 4884; x_wconf 86' lang='lat' dir='ltr'><strong>et</strong></span> <span class='ocrx_word' id='word_1_1034' title='bbox 3329 4841 3665 4885; x_wconf 78' lang='lat' dir='ltr'><strong>revertamur</strong></span> 
     </span>
    </p>
   </div>
   <div class='ocr_carea' id='block_1_139' title="bbox 2053 4904 3665 4971">
    <p class='ocr_par' dir='ltr' id='par_1_139' title="bbox 2053 4904 3665 4971">
     <span class='ocr_line' id='line_1_139' title="bbox 2053 4904 3665 4971; baseline 0.001 -16"><span class='ocrx_word' id='word_1_1035' title='bbox 2053 4906 2126 4954; x_wconf 90' lang='lat' dir='ltr'><strong>ad</strong></span> <span class='ocrx_word' id='word_1_1036' title='bbox 2154 4904 2473 4967; x_wconf 85' lang='lat' dir='ltr'><strong>Dominum,</strong></span> <span class='ocrx_word' id='word_1_1037' title='bbox 2490 4905 2625 4969; x_wconf 88' lang='lat' dir='ltr'><strong>quia</strong></span> <span class='ocrx_word' id='word_1_1038' title='bbox 2649 4905 2762 4969; x_wconf 82' lang='lat' dir='ltr'><strong>ipse</strong></span> <span class='ocrx_word' id='word_1_1039' title='bbox 2787 4905 2963 4968; x_wconf 64' lang='lat' dir='ltr'><strong>carpit;</strong></span> <span class='ocrx_word' id='word_1_1040' title='bbox 2989 4910 3033 4954; x_wconf 85' lang='lat' dir='ltr'><strong>et</strong></span> <span class='ocrx_word' id='word_1_1041' title='bbox 3056 4905 3280 4955; x_wconf 85' lang='lat' dir='ltr'><strong>sanabit</strong></span> <span class='ocrx_word' id='word_1_1042' title='bbox 3301 4921 3402 4956; x_wconf 88' lang='lat' dir='ltr'><strong>nos</strong></span> <span class='ocrx_word' id='word_1_1043' title='bbox 3431 4922 3444 4956; x_wconf 89' lang='lat'><strong>:</strong></span> <span class='ocrx_word' id='word_1_1044' title='bbox 3472 4922 3665 4971; x_wconf 80' lang='lat' dir='ltr'><strong>percu-</strong></span> 
     </span>
    </p>
   </div>
   <div class='ocr_carea' id='block_1_140' title="bbox 2054 4975 3663 5042">
    <p class='ocr_par' dir='ltr' id='par_1_140' title="bbox 2054 4975 3663 5042">
     <span class='ocr_line' id='line_1_140' title="bbox 2054 4975 3663 5042; baseline 0 -17"><span class='ocrx_word' id='word_1_1045' title='bbox 2054 4976 2159 5037; x_wconf 82' lang='lat' dir='ltr'><strong>tiet,</strong></span> <span class='ocrx_word' id='word_1_1046' title='bbox 2206 4982 2255 5025; x_wconf 83' lang='lat' dir='ltr'><strong>cl</strong></span> <span class='ocrx_word' id='word_1_1047' title='bbox 2291 4975 2499 5025; x_wconf 88' lang='lat' dir='ltr'><strong>curabit</strong></span> <span class='ocrx_word' id='word_1_1048' title='bbox 2542 4990 2656 5027; x_wconf 90' lang='lat' dir='ltr'><strong>nos.</strong></span> <span class='ocrx_word' id='word_1_1049' title='bbox 2700 4975 3001 5038; x_wconf 79' lang='lat' dir='ltr'><strong>Viviﬁcabit</strong></span> <span class='ocrx_word' id='word_1_1050' title='bbox 3024 4991 3125 5026; x_wconf 87' lang='lat' dir='ltr'><strong>nos</strong></span> <span class='ocrx_word' id='word_1_1051' title='bbox 3150 4982 3273 5041; x_wconf 81' lang='lat' dir='ltr'><strong>post</strong></span> <span class='ocrx_word' id='word_1_1052' title='bbox 3290 4978 3427 5027; x_wconf 85' lang='lat' dir='ltr'><strong>duos</strong></span> <span class='ocrx_word' id='word_1_1053' title='bbox 3450 4978 3580 5042; x_wconf 78' lang='lat' dir='ltr'><strong>dies,</strong></span> <span class='ocrx_word' id='word_1_1054' title='bbox 3604 4978 3663 5025; x_wconf 81' lang='lat' dir='ltr'><strong>in</strong></span> 
     </span>
    </p>
   </div>
   <div class='ocr_carea' id='block_1_141' title="bbox 2052 5045 3661 5112">
    <p class='ocr_par' dir='ltr' id='par_1_141' title="bbox 2052 5045 3661 5112">
     <span class='ocr_line' id='line_1_141' title="bbox 2052 5045 3661 5112; baseline 0.002 -17"><span class='ocrx_word' id='word_1_1055' title='bbox 2052 5047 2138 5097; x_wconf 85' lang='lat' dir='ltr'><strong>die</strong></span> <span class='ocrx_word' id='word_1_1056' title='bbox 2161 5047 2317 5097; x_wconf 80' lang='lat' dir='ltr'><strong>tertia</strong></span> <span class='ocrx_word' id='word_1_1057' title='bbox 2339 5045 2613 5097; x_wconf 85' lang='lat' dir='ltr'><strong>suscitabil</strong></span> <span class='ocrx_word' id='word_1_1058' title='bbox 2638 5061 2750 5107; x_wconf 86' lang='lat' dir='ltr'><strong>nos,</strong></span> <span class='ocrx_word' id='word_1_1059' title='bbox 2776 5051 2821 5095; x_wconf 87' lang='lat' dir='ltr'><strong>cl</strong></span> <span class='ocrx_word' id='word_1_1060' title='bbox 2861 5047 3100 5096; x_wconf 87' lang='lat' dir='ltr'><strong>vivemus</strong></span> <span class='ocrx_word' id='word_1_1061' title='bbox 3132 5048 3196 5097; x_wconf 87' lang='lat' dir='ltr'><strong>in</strong></span> <span class='ocrx_word' id='word_1_1062' title='bbox 3220 5053 3506 5112; x_wconf 82' lang='lat' dir='ltr'><strong>conspectu</strong></span> <span class='ocrx_word' id='word_1_1063' title='bbox 3534 5048 3661 5111; x_wconf 81' lang='lat' dir='ltr'><strong>ejus,</strong></span> 
     </span>
    </p>
   </div>
   <div class='ocr_carea' id='block_1_142' title="bbox 2052 5119 3660 5183">
    <p class='ocr_par' dir='ltr' id='par_1_142' title="bbox 2052 5119 3660 5183">
     <span class='ocr_line' id='line_1_142' title="bbox 2052 5119 3660 5183; baseline -0.001 -13"><span class='ocrx_word' id='word_1_1064' title='bbox 2052 5125 2098 5170; x_wconf 89' lang='lat' dir='ltr'><strong>et</strong></span> <span class='ocrx_word' id='word_1_1065' title='bbox 2119 5119 2363 5180; x_wconf 84' lang='lat' dir='ltr'><strong>sciemus,</strong></span> <span class='ocrx_word' id='word_1_1066' title='bbox 2400 5133 2807 5183; x_wconf 80' lang='lat' dir='ltr'><strong>sequemurque,</strong></span> <span class='ocrx_word' id='word_1_1067' title='bbox 2834 5123 2892 5167; x_wconf 86' lang='lat' dir='ltr'><strong>ut</strong></span> <span class='ocrx_word' id='word_1_1068' title='bbox 2914 5132 3311 5182; x_wconf 84' lang='lat' dir='ltr'><strong>cognoscamus</strong></span> <span class='ocrx_word' id='word_1_1069' title='bbox 3334 5120 3660 5169; x_wconf 83' lang='lat' dir='ltr'><strong>Dominum:</strong></span> 
     </span>
    </p>
   </div>
   <div class='ocr_carea' id='block_1_143' title="bbox 2053 5184 3662 5256">
    <p class='ocr_par' dir='ltr' id='par_1_143' title="bbox 2053 5184 3662 5256">
     <span class='ocr_line' id='line_1_143' title="bbox 2053 5184 3662 5256; baseline 0.001 -16"><span class='ocrx_word' id='word_1_1070' title='bbox 2053 5191 2211 5256; x_wconf 86' lang='lat' dir='ltr'><strong>quasi</strong></span> <span class='ocrx_word' id='word_1_1071' title='bbox 2260 5190 2565 5240; x_wconf 84' lang='lat' dir='ltr'><strong>diluculum</strong></span> <span class='ocrx_word' id='word_1_1072' title='bbox 2599 5195 2948 5256; x_wconf 70' lang='lat' dir='ltr'><strong>praeparatus</strong></span> <span class='ocrx_word' id='word_1_1073' title='bbox 2995 5194 3069 5238; x_wconf 83' lang='lat' dir='ltr'><strong>est</strong></span> <span class='ocrx_word' id='word_1_1074' title='bbox 3093 5184 3339 5254; x_wconf 78' lang='lat' dir='ltr'><strong>egressus</strong></span> <span class='ocrx_word' id='word_1_1075' title='bbox 3356 5192 3491 5255; x_wconf 85' lang='lat' dir='ltr'><strong>ejus,</strong></span> <span class='ocrx_word' id='word_1_1076' title='bbox 3515 5196 3561 5241; x_wconf 78' lang='lat' dir='ltr'><strong>et</strong></span> <span class='ocrx_word' id='word_1_1077' title='bbox 3580 5205 3662 5240; x_wconf 75' lang='lat' dir='ltr'><strong>ve-</strong></span> 
     </span>
    </p>
   </div>
   <div class='ocr_carea' id='block_1_144' title="bbox 2052 5261 3655 5327">
    <p class='ocr_par' dir='ltr' id='par_1_144' title="bbox 2052 5261 3655 5327">
     <span class='ocr_line' id='line_1_144' title="bbox 2052 5261 3655 5327; baseline -0.001 -16"><span class='ocrx_word' id='word_1_1078' title='bbox 2052 5263 2161 5312; x_wconf 87' lang='lat' dir='ltr'><strong>niet</strong></span> <span class='ocrx_word' id='word_1_1079' title='bbox 2195 5263 2354 5327; x_wconf 84' lang='lat' dir='ltr'><strong>quasi</strong></span> <span class='ocrx_word' id='word_1_1080' title='bbox 2374 5261 2543 5311; x_wconf 85' lang='lat' dir='ltr'><strong>imber</strong></span> <span class='ocrx_word' id='word_1_1081' title='bbox 2571 5262 2723 5312; x_wconf 83' lang='lat' dir='ltr'><strong>nobis</strong></span> <span class='ocrx_word' id='word_1_1082' title='bbox 2748 5267 3128 5325; x_wconf 86' lang='lat' dir='ltr'><strong>lemporaneus</strong></span> <span class='ocrx_word' id='word_1_1083' title='bbox 3139 5268 3188 5311; x_wconf 85' lang='lat' dir='ltr'><strong>el</strong></span> <span class='ocrx_word' id='word_1_1084' title='bbox 3202 5264 3474 5313; x_wconf 80' lang='lat' dir='ltr'><strong>serotinus</strong></span> <span class='ocrx_word' id='word_1_1085' title='bbox 3496 5267 3655 5312; x_wconf 61' lang='lat' dir='ltr'><strong>terra.</strong></span> 
     </span>
    </p>
   </div>
   <div class='ocr_carea' id='block_1_145' title="bbox 2051 5328 3712 5398">
    <p class='ocr_par' dir='ltr' id='par_1_145' title="bbox 2051 5328 3712 5398">
     <span class='ocr_line' id='line_1_145' title="bbox 2051 5328 3712 5398; baseline -0.004 -11"><span class='ocrx_word' id='word_1_1086' title='bbox 2051 5334 2288 5387; x_wconf 90' lang='lat' dir='ltr'><strong>Dixerat</strong></span> <span class='ocrx_word' id='word_1_1087' title='bbox 2311 5333 2469 5398; x_wconf 88' lang='lat' dir='ltr'><strong>quod</strong></span> <span class='ocrx_word' id='word_1_1088' title='bbox 2492 5333 2674 5386; x_wconf 87' lang='lat' dir='ltr'><strong>instar</strong></span> <span class='ocrx_word' id='word_1_1089' title='bbox 2700 5333 2886 5385; x_wconf 90' lang='lat' dir='ltr'><strong>leonis</strong></span> <span class='ocrx_word' id='word_1_1090' title='bbox 2900 5333 2975 5385; x_wconf 90' lang='lat' dir='ltr'><strong>ad</strong></span> <span class='ocrx_word' id='word_1_1091' title='bbox 2998 5334 3374 5387; x_wconf 88' lang='lat' dir='ltr'><strong>venationem</strong></span> <span class='ocrx_word' id='word_1_1092' title='bbox 3392 5335 3655 5397; x_wconf 77' lang='lat' dir='ltr'><strong>progressi,</strong></span> <span class='ocrx_word' id='word_1_1093' title='bbox 3702 5328 3712 5337; x_wconf 82' lang='lat'><strong>‘</strong></span> 
     </span>
    </p>
   </div>
   <div class='ocr_carea' id='block_1_146' title="bbox 2052 5403 3657 5472">
    <p class='ocr_par' dir='ltr' id='par_1_146' title="bbox 2052 5403 3657 5472">
     <span class='ocr_line' id='line_1_146' title="bbox 2052 5403 3657 5472; baseline -0.001 -14"><span class='ocrx_word' id='word_1_1094' title='bbox 2052 5406 2111 5458; x_wconf 91' lang='lat' dir='ltr'><strong>in</strong></span> <span class='ocrx_word' id='word_1_1095' title='bbox 2139 5405 2442 5472; x_wconf 87' lang='lat' dir='ltr'><strong>profanum</strong></span> <span class='ocrx_word' id='word_1_1096' title='bbox 2486 5404 2763 5470; x_wconf 91' lang='lat' dir='ltr'><strong>populum</strong></span> <span class='ocrx_word' id='word_1_1097' title='bbox 2810 5403 3143 5465; x_wconf 65' lang='lat' dir='ltr'><strong>desmviret,</strong></span> <span class='ocrx_word' id='word_1_1098' title='bbox 3162 5418 3387 5458; x_wconf 89' lang='lat' dir='ltr'><strong>munus</strong></span> <span class='ocrx_word' id='word_1_1099' title='bbox 3408 5403 3657 5459; x_wconf 84' lang='lat' dir='ltr'><strong>videlicet</strong></span> 
     </span>
    </p>
   </div>
   <div class='ocr_carea' id='block_1_147' title="bbox 2051 5573 3655 5642">
    <p class='ocr_par' dir='ltr' id='par_1_147' title="bbox 2051 5573 3655 5642">
     <span class='ocr_line' id='line_1_147' title="bbox 2051 5573 3655 5642; baseline -0.002 -13"><span class='ocrx_word' id='word_1_1100' title='bbox 2051 5577 2206 5641; x_wconf 87' lang='lat' dir='ltr'><strong>quod</strong></span> <span class='ocrx_word' id='word_1_1101' title='bbox 2229 5576 2398 5629; x_wconf 90' lang='lat' dir='ltr'><strong>unice</strong></span> <span class='ocrx_word' id='word_1_1102' title='bbox 2422 5580 2646 5628; x_wconf 83' lang='lat' dir='ltr'><strong>mutare</strong></span> <span class='ocrx_word' id='word_1_1103' title='bbox 2669 5573 2973 5636; x_wconf 89' lang='lat' dir='ltr'><strong>audemus,</strong></span> <span class='ocrx_word' id='word_1_1104' title='bbox 2990 5575 3240 5627; x_wconf 89' lang='lat' dir='ltr'><strong>verbum</strong></span> <span class='ocrx_word' id='word_1_1105' title='bbox 3262 5581 3355 5628; x_wconf 88' lang='lat' dir='ltr'><strong>est</strong></span> <span class='ocrx_word' id='word_1_1106' title='bbox 3376 5576 3437 5628; x_wconf 90' lang='lat' dir='ltr'><strong>in</strong></span> <span class='ocrx_word' id='word_1_1107' title='bbox 3454 5573 3655 5642; x_wconf 86' lang='lat' dir='ltr'><strong>periodi</strong></span> 
     </span>
    </p>
   </div>
   <div class='ocr_carea' id='block_1_148' title="bbox 2053 5645 3515 5713">
    <p class='ocr_par' dir='ltr' id='par_1_148' title="bbox 2053 5645 3515 5713">
     <span class='ocr_line' id='line_1_148' title="bbox 2053 5645 3515 5713; baseline -0.001 -13"><span class='ocrx_word' id='word_1_1108' title='bbox 2053 5650 2167 5702; x_wconf 80' lang='lat' dir='ltr'><strong>line</strong></span> <span class='ocrx_word' id='word_1_1109' title='bbox 2189 5647 2513 5708; x_wconf 80' lang='lat' dir='ltr'><strong>demetenda,</strong></span> <span class='ocrx_word' id='word_1_1110' title='bbox 2540 5660 2641 5713; x_wconf 92' lang='lat' dir='ltr'><strong>pro</strong></span> <span class='ocrx_word' id='word_1_1111' title='bbox 2666 5658 2781 5712; x_wconf 90' lang='lat' dir='ltr'><strong>quo</strong></span> <span class='ocrx_word' id='word_1_1112' title='bbox 2813 5645 3167 5697; x_wconf 71' lang='lat' dir='ltr'><strong>demittenda:</strong></span> <span class='ocrx_word' id='word_1_1113' title='bbox 3190 5646 3515 5713; x_wconf 86' lang='lat' dir='ltr'><strong>legebatur.</strong></span> 
     </span>
    </p>
   </div>
   <div class='ocr_carea' id='block_1_149' title="bbox 2111 5718 3654 5783">
    <p class='ocr_par' dir='ltr' id='par_1_149' title="bbox 2111 5718 3654 5783">
     <span class='ocr_line' id='line_1_149' title="bbox 2111 5718 3654 5783; baseline -0.004 -10"><span class='ocrx_word' id='word_1_1114' title='bbox 2111 5720 2134 5750; x_wconf 75' lang='grc' dir='ltr'><strong>ι’</strong></span> <span class='ocrx_word' id='word_1_1115' title='bbox 2156 5722 2344 5772; x_wconf 82' lang='lat' dir='ltr'><strong>Antea</strong></span> <span class='ocrx_word' id='word_1_1116' title='bbox 2358 5718 2574 5783; x_wconf 76' lang='lat' dir='ltr'><strong>expelle,</strong></span> <span class='ocrx_word' id='word_1_1117' title='bbox 2624 5722 2682 5770; x_wconf 90' lang='lat' dir='ltr'><strong>et</strong></span> <span class='ocrx_word' id='word_1_1118' title='bbox 2728 5732 2911 5767; x_wconf 83' lang='lat' dir='ltr'><strong>nonne</strong></span> <span class='ocrx_word' id='word_1_1119' title='bbox 2948 5718 3051 5772; x_wconf 76' lang='lat' dir='ltr'><strong>illi.</strong></span> <span class='ocrx_word' id='word_1_1120' title='bbox 3080 5718 3194 5772; x_wconf 92' lang='lat' dir='ltr'><strong>Sed</strong></span> <span class='ocrx_word' id='word_1_1121' title='bbox 3218 5732 3339 5772; x_wconf 92' lang='lat' dir='ltr'><strong>non</strong></span> <span class='ocrx_word' id='word_1_1122' title='bbox 3370 5720 3502 5772; x_wconf 81' lang='lat' dir='ltr'><strong>ideo</strong></span> <span class='ocrx_word' id='word_1_1123' title='bbox 3524 5718 3654 5769; x_wconf 84' lang='lat' dir='ltr'><strong>satis</strong></span> 
     </span>
    </p>
   </div>
   <div class='ocr_carea' id='block_1_150' title="bbox 2050 5788 3047 5845">
    <p class='ocr_par' dir='ltr' id='par_1_150' title="bbox 2050 5788 3047 5845">
     <span class='ocr_line' id='line_1_150' title="bbox 2050 5788 3047 5845; baseline -0.005 0"><span class='ocrx_word' id='word_1_1124' title='bbox 2050 5791 2280 5845; x_wconf 87' lang='lat' dir='ltr'><strong>videtur</strong></span> <span class='ocrx_word' id='word_1_1125' title='bbox 2305 5791 2416 5844; x_wconf 91' lang='lat' dir='ltr'><strong>loci</strong></span> <span class='ocrx_word' id='word_1_1126' title='bbox 2439 5790 2670 5843; x_wconf 80' lang='lat' dir='ltr'><strong>sanitati</strong></span> <span class='ocrx_word' id='word_1_1127' title='bbox 2691 5788 3047 5843; x_wconf 78' lang='lat' dir='ltr'><strong>consultum.</strong></span> 
     </span>
    </p>
   </div>
  </div>
