3880 6222
429 337 536 395 995

1376 308 1389 321 ’
1488 328 1759 383 RUFINO
1792 328 2254 382 PRESBYTERO
2286 328 2676 382 ASCRIPTUS

3662 323 3779 380 996

432 458 620 502 tamen
641 445 805 520 erant
823 442 948 495 sine
977 439 1152 520 dubio
1175 445 1333 520 certa
1361 441 1502 520 loca,
1529 455 1660 506 quae
1682 455 1749 495 eo
1775 443 2024 520 plussa-
2048 448 2103 520 Α
2131 441 2584 520 succurrendum
2607 441 2834 493 miseris
2845 440 3153 520 meditarer
3172 452 3509 504 assurgere,
3528 444 3779 520 converti

429 518 643 582 crilegii
654 516 1003 579 collegerant
1014 524 1125 576 quo
1136 511 1287 575 plus,
1305 509 1397 563 vel
1408 511 1479 563 de
1500 514 2027 576 opportunitatibus

429 588 925 649 commerciorum,
945 582 1038 635 vel
1057 582 1127 634 de
1150 582 1518 635 multitudine
1533 583 1870 647 incolarum,
1889 584 2031 635 cele-

431 662 655 714 britatis
677 658 1037 711 habuissent.
1056 656 1141 705 Ex
1170 655 1259 705 his
1283 666 1419 717 ergo
1444 658 1503 705 et
1517 654 1729 706 Galaad
1755 660 1811 707 et
1831 658 2028 703 Sichem

430 734 603 786 urbes
646 731 905 793 insignes
937 725 1379 791 profanitatibus
1421 726 1754 778 introducit.
1798 724 2028 782 Galaad,

428 804 633 868 inquit,
659 800 949 866 praecipua
971 797 1177 868 civitas
1200 809 1421 860 eorum,
1447 797 1547 861 qui
1565 797 1717 849 idola
1748 797 2029 849 fabrican-

429 867 539 938 tur,
556 873 714 926 haud
737 871 932 922 minus
947 867 1303 921 crudelitatis
1320 868 1529 919 studiis
1541 881 1716 932 quam
1727 868 2032 932 profanita-

430 949 502 998 tis
525 943 766 997 exultat.
818 943 962 992 Nam
1007 940 1174 1003 quasi
1218 940 1415 991 fauces
1459 939 1771 1003 latronum,
1792 939 1873 991 ita
1903 940 2031 1003 ejus

429 1015 749 1079 municipes
766 1010 1273 1076 sanguiniinhiant
1286 1010 1680 1062 innocentum.
1697 1011 1839 1061 Nam
1854 1022 2034 1063 sacer-

427 1089 628 1140 dotum
650 1096 907 1142 suorum,
942 1081 1110 1143 idest,
1138 1080 1488 1146 Aruspicum
1519 1081 1891 1133 suasionibus
1914 1094 2033 1133 ser-

432 1160 672 1219 vientes,
699 1155 749 1206 si
772 1154 903 1218 quis
923 1153 995 1204 ad
1020 1152 1297 1216 templum
1322 1152 1424 1203 Dei
1449 1152 1726 1205 voluisset
1742 1155 2049 1222 ascendere;

427 1231 584 1282 hunc
606 1226 688 1278 illi
724 1223 1209 1290 aggrediebantur
1243 1222 1304 1274 in
1343 1222 1565 1287 itinere,
1612 1236 1648 1275 a
1691 1225 1906 1288 templo
1931 1225 2035 1275 Dei

425 1302 776 1357 avertentes,
798 1300 857 1347 et
879 1294 952 1346 ad
991 1294 1324 1346 societatem
1349 1294 1557 1345 erroris
1582 1294 1791 1358 praprii
1815 1298 2032 1359 pertra-

424 1372 651 1431 hentes,
674 1371 735 1419 at
758 1366 807 1418 si
842 1378 1045 1431 parum
1074 1365 1373 1417 suadendo
1411 1370 1833 1430 promoverent,
1859 1366 2033 1417 etiam

426 1440 685 1495 caedibus
700 1450 823 1490 rem
847 1437 1142 1501 gerebant.
1175 1437 1411 1500 Propter
1426 1437 1577 1500 quod
1594 1436 1748 1497 dicit,
1762 1437 2035 1501 Particeps

425 1511 764 1562 sacerdotum
788 1510 849 1557 in
869 1508 959 1557 via
985 1507 1425 1569 interﬁcientium
1438 1513 1711 1572 pergentes
1722 1508 1784 1557 de
1800 1507 2033 1568 Sichem,

425 1584 560 1648 quia
594 1581 762 1631 scelus
784 1579 992 1644 operati
1014 1584 1159 1629 sunt.
1178 1578 1365 1630 Primo
1384 1578 1651 1631 videlicet
1665 1579 1774 1644 ipsi
1789 1580 1848 1631 in
1861 1580 2036 1630 sacri-

423 1655 573 1719 legio
617 1650 961 1711 corruendo,
1012 1654 1138 1701 tum
1188 1650 1342 1712 quod
1380 1650 1610 1715 prOpria
1631 1661 1787 1703 non'
1833 1653 2033 1703 essent

424 1724 788 1789 prolapsione
811 1721 1082 1779 conte‘nti,
1110 1720 1211 1773 sed
1240 1720 1385 1773 alios
1414 1733 1647 1785 quoque
1691 1722 1750 1773 in
1775 1720 2023 1773 similem

422 1796 672 1857 ruinam,
719 1793 810 1846 vel
857 1790 1154 1843 suadendo
1206 1790 1575 1852 deducerent,
1623 1792 1712 1843 vel
1745 1792 2019 1857 cogendo.

424 1864 582 1898 nnnﬂ
613 1863 802 1898 angina
821 1864 1023 1898 περι-ΗΛ
1063 1856 1476 1898 ητιηηιιῆηἰςηιιι-
1506 1868 1729 1898 tantum
1760 1864 2019 1898 uidulinnf
2046 1824 2100 1898 B

424 1864 587 1928 Quod
612 1856 803 1916 scelus
819 1864 1023 1915 merito
1062 1856 1493 1927 pronunciatur,
1506 1868 1735 1915 tantum
1760 1856 2023 1917 videlicet

422 1936 684 1989 studium
709 1935 1023 1998 impietatis
1049 1933 1346 1999 habuisse,
1369 1939 1433 1986 ut
1456 1936 1630 1986 etiam
1645 1935 1842 1988 invitis
1863 1941 1920 1988 et
1944 1948 2033 1987 re-

432 2007 789 2060 luctantibus
806 2006 1129 2057 niterentur
1162 2005 1490 2057 infundere.

478 2080 638 2130 Vers.
674 2078 754 2131 10.
790 2103 852 2113 -
886 2076 957 2125 In
990 2076 1147 2125 domo
1168 2076 1332 2125 Israel
1354 2076 1465 2125 vidi
1492 2076 1838 2126 horrendum
1867 2092 2028 2142 nego-

421 2151 577 2211 tium,
625 2148 699 2196 ibi
731 2147 1121 2207 fornicationes
1160 2145 1399 2209 E/fraim
1438 2164 1448 2195 :
1510 2148 1918 2197 contaminatus
1961 2160 2036 2207 est

420 2219 602 2269 Israel.
630 2220 702 2270 Ut
727 2222 907 2269 totam
932 2218 1227 2280 regionem
1252 2216 1458 2268 doceat
1481 2218 1669 2269 fuisse
1700 2221 2030 2285 profanatam,

419 2290 548 2342 loca
592 2289 768 2340 etiam
811 2288 1043 2340 diversa
1087 2296 1523 2348 commemorat,
1569 2293 1629 2340 et
1661 2291 1813 2341 sicut
1836 2303 2035 2355 supra,

420 2359 770 2423 Galaaditas,
794 2358 1245 2410 latrocinantum
1261 2370 1440 2417 more,
1465 2360 1563 2423 ait,
1576 2359 1893 2412 viatoribus
1904 2364 2028 2411 insi-

418 2429 620 2493 luisse,
644 2432 707 2480 ut
722 2440 822 2480 eos
834 2440 869 2479 a
886 2431 1043 2479 recto
1058 2426 1201 2479 calle
1217 2427 1567 2481 deducerent
1597 2450 1608 2478 :
1637 2431 1719 2483 ita
1736 2444 1894 2484 nunc
1908 2436 2028 2481 hor-

419 2501 667 2552 rendum
689 2499 992 2563 negotium
1017 2500 1076 2551 in
1094 2498 1267 2551 domo
1291 2499 1537 2565 Israelis,
1563 2500 1656 2553 vel
1676 2503 1739 2554 in
1754 2503 2025 2568 Samaria,

422 2572 508 2625 vel
532 2572 591 2623 in
610 2574 729 2623 tota
750 2572 1006 2635 regione,
1030 2570 1251 2623 vidisse
1275 2584 1337 2623 se
1360 2574 1722 2638 pronunciat,
1745 2574 1914 2639 idest,
1940 2580 2028 2628 to-

420 2648 543 2695 tum
568 2642 845 2707 populum
861 2641 1112 2705 Eﬂ‘raim,
1124 2644 1346 2707 absque
1361 2645 1719 2709 exceptione,
1741 2648 2026 2708 sacrilegiis

416 2712 707 2765 maculari.
735 2714 954 2775 Quibus
971 2714 1242 2778 quoniam
1267 2715 1607 2768 criminibus
1632 2730 1786 2783 sape
1801 2721 1923 2783 jam
1940 2718 2027 2770 di-

417 2786 583 2837 xerat
627 2784 963 2848 impendere
1008 2784 1303 2850 supplicia,
1349 2799 1505 2838 nunc
1532 2787 1655 2839 sola
1687 2790 2024 2841 meritorum

416 2858 853 2907 enumeratione
878 2859 1187 2907 contentus
1210 2860 1417 2909 transit
1438 2858 1508 2910 ad
1526 2859 1754 2925 Judam,
1779 2873 2024 2925 eumque

417 2939 817 2991 commonens,
841 2932 909 2979 ut
926 2927 1070 2979 sciat
1096 2931 1460 2981 severitatem
1479 2930 1693 2994 judicis
1710 2945 1827 2983 non
1850 2945 2022 2997 posse

419 2999 725 3063 corrumpi,
763 2999 865 3050 sed
904 3012 967 3051 se
1007 3011 1256 3063 quoque,
1282 3000 1397 3051 nisi
1420 3003 1626 3067 corrigi
1648 3003 2018 3065 iestinaverit,

419 3069 695 3122 similium
718 3070 1110 3122 calamitatum
1136 3073 1421 3135 stipendia
1444 3080 1829 3139 recepturum.

481 3143 642 3193 Vers.
683 3141 770 3206 11,
804 3169 865 3178 -
890 3141 994 3192 Sed
1028 3148 1094 3203 et,
1126 3142 1295 3204 Juda,
1325 3158 1466 3209 pone
1506 3159 1725 3195 messem
1757 3146 1871 3206 tibi,
1895 3160 2019 3196 cum

416 3218 719 3263 convertero
753 3213 1115 3278 captivitatem
1133 3214 1327 3279 populi
1350 3217 1472 3268 mei.
1499 3216 1625 3270 Noli
1661 3219 1967 3281 mstimare,
1986 3230 2020 3270 0

418 3284 602 3356 tribus
638 3285 671 3336 J
679 3284 809 3349 uda,
843 3285 963 3337 fore
995 3290 1053 3338 te
1078 3285 1467 3339 damnationis
1491 3290 1829 3352 immunem,
1858 3287 2009 3356 43|

415 3356 552 3418 quia
565 3355 626 3406 in
640 3356 753 3408 tuis
768 3356 1183 3422 ﬁnibus,eunte
1194 3357 1252 3408 in
1266 3361 1603 3420 captivitatem
1620 3362 1818 3409 Israelis
1832 3355 2020 3421 populo

416 3427 699 3478 subsistit.
726 3429 1092 3481 Prmvenerat
1114 3434 1171 3481 te
1197 3430 1483 3493 siquidem
1507 3429 1598 3482 ille
1624 3432 1685 3482 in
1705 3431 2020 3494 iniquitati-

416 3498 527 3548 bus
556 3498 690 3549 :iuit
710 3511 1076 3563 consequens
1100 3499 1235 3552 utin
1256 3502 1501 3553 miseriis
1526 3502 1889 3565 pmveniret.
1908 3502 2019 3554 Sed

416 3571 501 3631 tu,
525 3580 701 3630 quem
725 3569 1017 3619 comitaris
1037 3571 1097 3619 in
1120 3571 1371 3635 ﬂagitiis,
1397 3573 1569 3622 etiam
1594 3573 2019 3624 calamitatibus

414 3650 787 3701 consequere,
814 3640 926 3691 hoc
952 3645 1147 3691 tamen
1178 3642 1427 3692 deterior
1450 3643 1851 3707 mstimandus,
1883 3644 2021 3707 quia

413 3708 558 3760 nihil
571 3709 673 3760 tibi
698 3710 912 3773 profuit
934 3711 1089 3774 quod
1113 3711 1267 3775 prior
1285 3717 1377 3764 est
1402 3712 1497 3764 ille
1518 3712 1845 3766 damnatus.
1871 3716 2020 3765 Pone

413 3794 537 3844 ergo
552 3794 770 3829 messem
789 3781 901 3842 tibi,
915 3796 1039 3832 cum
1063 3789 1364 3833 convertere
1394 3785 1585 3849 populi
1608 3786 1713 3834 mei
1734 3788 2019 3850 captivita-

414 3856 535 3922 tem.
566 3850 726 3913 Vide,
754 3852 962 3916 inquit,
987 3865 1058 3906 ne
1083 3854 1331 3918 dubites,
1349 3856 1624 3919 quoniam
1641 3870 1775 3908 cum
1790 3861 2017 3922 tempus

410 3921 622 3994 debitae
634 3923 872 3975 ultionis
886 3924 1201 3989 advenerit,
1230 3927 1534 3991 captivitas
1551 3940 1725 3992 quam
1747 3941 1901 3981 nunc
1910 3921 2018 3994 po-

410 3993 581 4059 pulus
603 4006 788 4060 meus,
806 3995 974 4060 idest,
989 3999 1248 4061 germani
1263 3999 1363 4062 tui,
1374 3993 2014 4066 pronunciantejusti’tia,

408 4065 787 4133 pertulerunt,
812 4076 1183 4124 convertatur
1203 4072 1277 4123 ad
1294 4076 1367 4134 te,
1389 4077 1457 4124 ut
1475 4076 1648 4125 etiam
1672 4080 1737 4127 tu
1753 4065 2017 4127 similiter

409 4139 738 4206 demetaris,
765 4142 901 4205 quia
926 4142 1474 4208 sicutinlachrymis
1496 4146 1854 4210 paenitentia;
1864 4147 2013 4194 semi-

407 4215 637 4273 nantes,
662 4212 684 4241 "
714 4214 999 4267 revebunt
1033 4217 1377 4281 gaudiorum
1414 4217 1743 4281 manipulos
1770 4234 1782 4265 :
1811 4218 1893 4269 ita
1915 4217 2015 4281 qui

407 4282 618 4346 gaudia
641 4284 861 4349 polluta
877 4291 1188 4351 sectantur,
1214 4301 1469 4341 messem
1486 4289 1748 4341 dolorum
1772 4293 1829 4342 et
1853 4287 2015 4354 plan-

408 4358 573 4406 ctum
602 4354 683 4420 [F.
710 4356 1073 4423 planctuum]
1106 4361 1558 4425 congregabunt.

1020 4495 1253 4547 CAPUT
1278 4494 1396 4547 VII.

467 4617 631 4666 Vers.
667 4615 718 4669 1.
761 4644 821 4652 -
857 4618 994 4667 Cum
1032 4634 1232 4669 sanare
1267 4619 1446 4671 vellem
1468 4621 1654 4683 Israel,
1676 4622 1909 4672 revelata
1932 4629 2002 4673 est
2027 4606 2086 4679 Ι)

293 4688 305 4697 ⁵
402 4686 671 4749 iniquitas
696 4685 952 4758 E/fraim,
979 4693 1025 4738 et
1053 4690 1323 4741 Samaria:
1346 4701 1366 4721 °
1388 4692 1629 4754 malitiae,
1647 4693 1781 4757 quia
1802 4697 2007 4758 operati

400 4762 527 4829 sunt
547 4757 927 4829 mendacium:
953 4764 1001 4809 et
1020 4759 1118 4823 fur
1133 4763 1406 4826 ingressns
1429 4769 1502 4813 est
1514 4764 1775 4829 spolians,
1793 4757 2007 4817 latrun-

402 4827 554 4899 cutus
574 4827 730 4890 foris.
750 4830 957 4882 Sedulo
973 4838 1134 4884 curat
1149 4834 1474 4898 ostendere,
1486 4827 1659 4899 quam
1676 4836 1725 4887 si
1745 4848 2007 4899 promptus

401 4898 474 4949 ad
491 4900 747 4962 veniam;
762 4906 820 4952 et
830 4901 967 4964 quia
977 4902 1138 4955 velut
1148 4904 1371 4958 invitus
1382 4898 1689 4970 personam
1703 4898 2006 4961 vindicantis

401 4974 680 5045 assumat,
715 4971 764 5020 si
782 4972 1013 5045 justitia
1032 4974 1260 5039 sineret,
1285 4976 1470 5029 multo
1493 4980 1680 5044 magis
1703 4979 2007 5045 multoque

399 5042 714 5115 jocundius
726 5043 987 5115 partibus
997 5041 1250 5098 lenitatis
1262 5061 1497 5101 usurus.
1510 5041 1653 5101 Cum
1668 5050 1846 5115 igitur
1858 5041 2005 5114 quasi

403 5112 687 5177 impetum
729 5111 1108 5179 indulgentias
1153 5119 1564 5185 concepissem,
1608 5111 1816 5186 inquit,
1852 5111 1909 5176 et
1931 5123 2005 5176 ad

468 5299 486 5322 ⁸
506 5292 928 5358 Rescripsimus
973 5301 1156 5360 essent,
1188 5308 1291 5361 pro
1338 5308 1453 5362 quo
1482 5302 1654 5351 antea
1694 5301 1855 5355 nullo
1888 5303 2005 5358 fere

403 5376 582 5415 sensu
615 5364 740 5415 dent
769 5363 1093 5431 legebatur.

464 5434 485 5462 ι’
510 5435 810 5489 Maluisset
852 5438 1007 5502 prior
1042 5439 1236 5492 Editor
1279 5444 1504 5507 metunt,
1537 5442 1845 5509 scripserat
1869 5460 2004 5502 vero

400 5511 633 5556 reveunt.

464 5584 482 5605 ·
509 5576 700 5656 ltiinus
726 5581 1136 5656 vere_V_ulgata
1155 5588 1211 5636 et
1228 5583 1683 5656 rHleronymiana
1703 5588 1874 5641 editio
1903 5590 2007 5642 mi-

400 5652 526 5697 nori
569 5662 812 5701 numero
857 5652 1075 5706 habent
1124 5655 1355 5717 malitia,
1382 5670 1517 5710 cum
1555 5660 1633 5711 sit
1676 5659 1736 5711 in
1760 5662 2004 5715 Hebraeo

613 5719 762 5799 Tum
779 5734 914 5799 vero
936 5725 1085 5776 male
1118 5727 1215 5779 hic
1235 5728 1391 5795 apud
1412 5730 1687 5783 Nostrum
1706 5746 1818 5796 qua
1853 5732 2004 5799 lege-

402 5783 574 5852 batur
595 5798 698 5848 pro
743 5793 895 5852 quia.

467 5850 489 5881 ⁸
511 5850 897 5911 Οτιιοθωᾟθὶο
928 5863 1083 5925 prior
1114 5867 1310 5921 Editor
1340 5870 1623 5937 pinxerat,
1644 5885 1761 5937 qua
1779 5878 1918 5928 nota
1940 5878 2001 5926 de

2045 3237 2095 3313 C

2128 513 2428 577 paululum
2444 514 2661 576 oculos,
2674 519 2896 577 utquos
2931 512 3286 565 liberaturus
3320 524 3502 574 eram,
3529 512 3774 560 viderem

2127 586 2196 634 Et
2220 597 2353 636 ecce
2376 585 2434 635 in
2456 584 2660 636 faciem
2692 596 2881 636 meam
2917 584 3318 648 iniquitatum,
3347 594 3499 646 quas
3524 582 3775 633 Etfraim

2127 656 2511 719 commiserat,
2529 669 2738 719 agmen
2761 656 3000 719 insiluit,
3020 655 3466 719 quodammodo
3481 654 3782 703 vociferari-

2129 726 2291 790 tium,
2319 726 2454 790 quia
2472 739 2642 785 nemo
2657 727 2871 778 talibus
2895 739 3133 791 parsum
3150 728 3280 788 iret,
3308 725 3619 789 quam[At.
3636 727 3765 788 nisi,

2128 810 2261 848 cum
2274 799 2402 848 labe
2412 798 2674 861 justitiae,
2700 798 3171 861 quandoquidem
3200 801 3368 848 tanto
3400 800 3611 847 essent
3635 794 3773 846 odio

2127 869 2386 920 veritatis
2404 869 2629 929 imbuti,
2656 873 2720 919 ut
2743 868 3007 932 impenso
3020 880 3252 932 semper
3269 866 3473 918 studio
3488 867 3767 915 mendacia

2125 940 2360 992 funesta
2405 944 2824 991 construerent.
2882 940 3018 990 Cum
3066 954 3271 988 sanare
3314 937 3509 987 vellem
3562 936 3759 995 Israel,

2127 1008 2343 1072 inquit,
2388 1010 2618 1060 revelata
2662 1014 2736 1058 est
2789 1010 3058 1073 iniquitas
3101 1008 3384 1073 Effraim,
3435 1013 3487 1056 et
3532 1007 3761 1056 malitia

2132 1079 2413 1140 Samaria,
2433 1081 2568 1145 quia
2592 1081 2798 1144 operati
2816 1085 2942 1129 sunt
2957 1079 3333 1129 mendacium.
3360 1080 3587 1130 Praeter
3611 1078 3763 1128 vicia

2131 1154 2327 1202 autem
2350 1151 2582 1202 diversa
2613 1163 2860 1213 morum,
2875 1150 3315 1214 sacrilegiumin
3328 1149 3577 1200 nomine
3591 1161 3761 1198 men-

2129 1219 2297 1284 dacii,
2311 1221 2463 1273 sicut
2475 1235 2650 1287 supra
2669 1221 3087 1282 obscenitatis,
3113 1221 3394 1285 exagitat.
3411 1220 3759 1269 Commentati

2132 1297 2272 1343 sunt
2286 1292 2460 1352 enim,
2474 1305 2619 1357 quos
2645 1296 3061 1345 venerarentur
3076 1292 3239 1356 deos,
3252 1292 3357 1354 qui
3369 1303 3587 1342 verum
3600 1293 3756 1338 Deum

2130 1362 2317 1415 colere
2341 1363 2686 1415 destiterunt
2717 1379 2729 1414 :
2766 1363 2963 1426 sicque
2987 1362 3359 1414 mendacium
3392 1361 3755 1425 detegantur

2129 1435 2366 1499 operati,
2386 1436 2487 1499 qui
2511 1434 2874 1486 simulachris
2892 1434 3154 1487 divinum
3176 1446 3400 1485 nomen
3422 1431 3754 1495 adscripse.

2130 1511 2283 1559 runt.
2306 1507 2469 1558 Unde
2492 1512 2551 1558 et
2572 1507 2848 1571 magister
2871 1507 3155 1569 gentium,
3184 1504 3421 1554 tradidit
3443 1503 3570 1552 illos
3590 1503 3750 1562 Deus,

2128 1577 2333 1641 inquit,
2348 1578 2412 1627 in
2443 1577 2710 1627 desideria
2724 1577 2899 1627 cordis
2917 1591 3108 1626 eorum
3139 1576 3203 1625 in
3217 1574 3671 1632 immunditiam,
3696 1580 3749 1620 ut

2129 1648 2379 1711 afﬁciant
2398 1662 2627 1712 corpora
2649 1662 2752 1697 sua
2775 1648 2837 1696 in
2847 1647 3161 1712 semetipsis,
3175 1646 3275 1710 qui
3289 1643 3748 1696 commntum-int

2126 1720 2400 1769 veritatem
2416 1719 2513 1768 Dei
2528 1720 2589 1768 in
2614 1719 2981 1781 mendacium,
2998 1723 3043 1767 et
3066 1717 3353 1767 coluerunt
3368 1722 3419 1765 et
3443 1716 3747 1764 seruierunt

2120 1794 2376 1840 creatura:
2408 1791 2610 1855 potius,
2642 1805 2813 1855 quam
2841 1789 3091 1848 creatori,
3133 1789 3232 1854 qui
3260 1792 3331 1837 est
3356 1787 3669 1836 benedictus
3689 1785 3741 1834 in

2118 1861 2326 1921 saecula,
2362 1861 2537 1911 Amen
2578 1863 2749 1925 (Rom.
2768 1861 2821 1915 1.
2865 1860 2972 1923 24.)
2998 1859 3273 1912 Absolvit
3296 1871 3437 1923 ergo
3464 1857 3745 1909 delibera-

2130 1932 2347 1983 tionem
2370 1945 2579 1997 meam,
2597 1945 2712 1997 qua
2726 1944 2957 1997 parcere
2970 1930 3322 1994 cogitabam,
3350 1928 3659 1981 commissi
3672 1928 3741 1979 ab

2128 2003 2213 2054 eis
2240 2002 2510 2056 facinoris
2540 2004 2897 2068 magnitudo,
2928 2008 2987 2054 et
3008 2003 3068 2054 in
3110 2001 3539 2054 contumeliam
3564 2012 3737 2052 sacra:

2129 2075 2384 2126 veritatis
2400 2076 2697 2127 mendacia
2715 2076 3045 2137 fabricatos,
3060 2087 3181 2126 non
3195 2074 3461 2139 permisit
3469 2074 3735 2137 eiiugere.

2130 2145 2267 2196 Inde
2290 2146 2352 2196 in
2374 2146 2571 2197 omnia
2598 2147 2910 2211 penetralia
2941 2158 3159 2207 eorum,
3207 2145 3396 2196 scitus
3439 2143 3739 2209 populator

2126 2215 2384 2281 intravit,
2407 2230 2542 2269 cum
2577 2218 2885 2269 securitate
2920 2217 3181 2278 victoris,
3202 2220 3262 2268 et
3283 2228 3423 2268 cum
3445 2215 3739 2278 diligentia

2126 2286 2367 2339 furentis
2377 2288 2728 2353 ingrediens,
2747 2293 2814 2340 ut
2826 2288 2899 2340 de
2910 2287 3003 2339 his
3015 2286 3307 2345 videlicet,
3318 2302 3439 2348 quae
3451 2288 3739 2346 diripienda

2127 2364 2307 2420 erant,
2331 2372 2437 2412 nec
2461 2373 2563 2424 per
2594 2359 3003 2424 negligentiam
3026 2359 3348 2423 quicquam
3370 2358 3737 2421 relinqueret,

2126 2442 2234 2481 nec
2259 2442 2359 2494 per
2371 2431 2786 2483 abundantiam
2803 2430 3292 2482 tastidiret.Furis
3311 2442 3450 2493 ergo
3471 2434 3535 2481 et
3556 2432 3736 2477 latrun-

2126 2500 2241 2552 culi
2263 2500 2422 2554 intus
2446 2502 2703 2567 forisque
2718 2502 3020 2566 vastantis,
3038 2506 3097 2553 et
3112 2501 3562 2553 similitudinem
3577 2512 3736 2551 usur-

2124 2572 2284 2636 pavit
2308 2576 2366 2624 et
2387 2585 2620 2639 nomen,
2633 2578 2700 2626 ut
2709 2574 2761 2626 ei
2787 2577 3186 2638 comparatum
3198 2573 3431 2625 hostem
3442 2584 3565 2623 non
3578 2571 3733 2634 trepi~

2125 2643 2267 2694 dum
2287 2643 2655 2709 intelligeres,
2682 2645 2785 2697 sed
2810 2646 3079 2697 velocem.

2186 2717 2350 2768 Vers.
2389 2715 2443 2770 2.
2478 2745 2536 2754 -
2582 2718 2651 2766 Et
2693 2733 2761 2767 ne
2791 2717 2928 2780 forte
2971 2716 3158 2765 dicant
3202 2716 3267 2764 in
3311 2714 3564 2765 cordibus
3606 2718 3731 2773 suis,

2122 2801 2337 2837 omnem
2567 2788 2841 2837 malitiam
2864 2802 3050 2837 eorum
3065 2801 3150 2835 me
3171 2786 3540 2837 recordatum.
3562 2787 3731 2836 Inter-

2121 2859 2346 2923 positus
2367 2866 2458 2910 est
2479 2861 2571 2911 hic
2591 2871 2796 2911 versus
2817 2870 2919 2922 pro
2934 2856 3442 2908 commendatione
3452 2857 3722 2904 modestiae.

2122 2929 2143 2958 δ
2155 2932 2248 2982 Cm
2256 2935 2439 2982 terum
2449 2930 2522 2982 ad
2545 2935 2884 2993 sequentem
2897 2933 3036 2980 sunt
3045 2929 3355 2993 praemissa
3373 2928 3438 2992 [A
3448 2927 3484 2978 ι.
3502 2929 3728 2988 prmmis—

2120 3001 2220 3064 sas]
2270 3006 2610 3053 contextum
2656 3001 2727 3065 (id
2766 3004 2875 3063 est,
2908 3000 3021 3049 Fur
3053 3000 3328 3063 ingressus
3354 3004 3430 3049 est
3466 2998 3721 3062 spolium,

2119 3069 2463 3121 latrunculus
2484 3071 2661 3135 foris).
2676 3071 2839 3121 Nunc
2860 3070 3333 3120 circumdederunt
3357 3084 3445 3119 eos
3466 3069 3727 3117 adinven-

2119 3144 2288 3194 tiones
2314 3159 2439 3204 sua,
2469 3158 2653 3193 coram
2688 3143 2827 3207 facie
2855 3157 2977 3191 mea
3021 3142 3174 3206 facta:
3209 3147 3338 3191 sunt
3367 3159 3383 3191 :
3421 3147 3468 3190 et
3496 3155 3568 3189 ne
3596 3139 3725 3201 forte

2117 3214 2304 3266 dicant
2342 3215 2405 3266 in
2451 3214 2699 3264 cordibus
2719 3216 2833 3263 suis
2863 3228 3080 3263 omnem
3112 3213 3391 3263 malitiam
3428 3227 3617 3262 eorum
3647 3226 3724 3261 me

2118 3285 2477 3348 recordatum,
2502 3284 2591 3337 vel
2613 3289 2835 3350 partem
2856 3285 3112 3348 aliquam
3130 3284 3466 3336 commissae
3478 3283 3722 3348 profani-

2118 3356 2254 3407 tatis
2276 3368 2586 3422 exponam,
2611 3367 2676 3408 ut
2686 3356 2909 3407 minora
2917 3354 3090 3420 longe
3104 3354 3438 3420 intelligant
3450 3354 3723 3418 supplicia

2120 3439 2268 3491 esse,
2294 3440 2469 3492 quam
2494 3428 2715 3481 merita.
2745 3425 3262 3478 Circumdederunt
3281 3438 3385 3478 eos
3424 3425 3646 3489 hostes,
3668 3430 3722 3477 et

2120 3499 2282 3562 potiti
2327 3511 2545 3560 eorum,
2597 3500 2730 3563 jure
2763 3498 3038 3558 victoriae,
3086 3497 3169 3548 ita
3197 3496 3505 3561 diligenter
3536 3496 3721 3547 omnia

2120 3570 2464 3633 perscrutati
2489 3578 2645 3633 sunt,
2680 3569 2846 3633 quasi
2869 3572 2972 3620 aut
2994 3568 3057 3619 in
3083 3567 3403 3632 penetralia
3423 3567 3720 3619 domorum

2120 3643 2295 3699 iures,
2319 3646 2422 3692 aut
2461 3642 2519 3692 in
2550 3652 2819 3705 agrorum
2851 3644 3050 3705 aperta
3094 3640 3401 3690 irruissent
3449 3640 3715 3691 latrones.

2123 3712 2605 3763 Circumdederunt
2639 3727 2723 3762 eos
2768 3712 3177 3762 adinventiones
3218 3726 3346 3771 suae,
3386 3725 3508 3775 qua:
3540 3725 3713 3760 coram

2116 3784 2256 3848 facie
2274 3798 2395 3833 mea
2408 3784 2558 3848 factae
2580 3789 2707 3834 sunt
2730 3784 2880 3836 sicut
2911 3796 3088 3848 supra
3110 3783 3356 3841 dixerat,
3379 3796 3505 3831 cum
3527 3797 3716 3831 sanare

2116 3855 2296 3905 vellem
2314 3854 2570 3920 Eﬂ'rai-m,
2595 3856 2825 3905 revelata
2858 3862 2928 3905 est
2948 3854 3167 3904 malitia
3190 3854 3483 3904 Samaria.
3507 3855 3717 3905 Secun-

2115 3925 2256 3977 dum
2268 3926 2423 3990 quod
2448 3927 2654 3979 beatus
2671 3926 2878 3989 David,
2903 3939 2976 3978 ex
3000 3925 3265 3989 ejusdem
3288 3925 3495 3990 populi
3508 3939 3710 3987 persona

2116 3997 2439 4064 conﬁtetur,
2485 3999 2723 4049 Posuisti
2756 3998 3071 4063 iniquitates
3092 4002 3311 4046 nostras
3352 3997 3419 4045 in
3439 4002 3710 4062 conspectu

2115 4074 2225 4129 tuo,
2249 4070 2484 4119 secutum
2497 4075 2743 4119 nostrum
2766 4072 2824 4119 in
2851 4068 3315 4120 illuminationcm
3345 4068 3533 4129 vultus,
3544 4068 3652 4127 tui;
3670 4075 3712 4117 et

2113 4128 2295 4189 omnes
2315 4140 2425 4190 dies
2441 4141 2613 4190 nostri
2625 4141 2941 4205 defecerunt,
2965 4145 3127 4204 atque
3136 4140 3199 4189 in
3216 4140 3305 4189 ira
3318 4145 3419 4189 tua
3429 4128 3707 4202 defecimus

2114 4211 2277 4273 (Psal.
2325 4210 2433 4276 89.)
2472 4212 2697 4264 Vestris
2741 4212 2915 4277 igitur
2945 4211 3289 4263 criminibus
3319 4211 3469 4263 estis
3498 4209 3706 4275 illigati,

2114 4286 2436 4335 vestrarum
2450 4282 2927 4336 adinventionum
2941 4283 3199 4349 pondera
3210 4282 3540 4335 sustinetis.
3554 4284 3707 4332 Fabri-

2111 4353 2224 4404 cati
2244 4354 2386 4405 estis
2410 4355 2712 4408 mendacia
2735 4354 2996 4419 deorum,
3021 4354 3455 4406 sedinveritate
3469 4356 3704 4403 dolorum.

2111 4427 2249 4487 Quae
2279 4426 2396 4478 sint
2416 4431 2628 4488 autem,
2669 4439 2801 4491 quas
2834 4426 3081 4479 revelata
3124 4425 3356 4489 dixerit,
3387 4424 3705 4477 audiamus.

2169 4498 2332 4548 Vers.
2369 4496 2495 4552 3.-7.
2531 4525 2590 4536 —
2612 4498 2680 4547 In
2705 4496 2923 4548 malitia
2956 4512 3061 4546 sua
3092 4496 3501 4561 laetiﬁcaverunt
3525 4510 3705 4560 regem,

2105 4573 2151 4616 et
2184 4568 2245 4616 in
2288 4568 2588 4618 mendaciis
2609 4569 2723 4618 suis
2764 4569 3059 4633 principes.
3106 4568 3301 4618 Omnes
3330 4567 3703 4627 adulterantes,

2106 4639 2266 4703 quasi
2281 4639 2524 4691 clibanus
2538 4656 2819 4692 succensus
2843 4656 2879 4692 a
2900 4644 3169 4706 coquente,
3195 4641 3400 4705 quievit
3420 4640 3702 4705 paululum

2106 4711 2295 4761 civitas
2325 4727 2361 4761 a
2391 4713 2775 4763 commixtione
2808 4712 3079 4776 fermenti,
3111 4712 3275 4762 donec
3296 4712 3704 4775 fermentaretur

2106 4787 2294 4835 totum.
2320 4783 2445 4833 Dies
2470 4799 2614 4849 reges
2634 4786 2808 4835 nostri
2828 4802 2844 4835 :
2873 4790 3140 4850 ceperunt
3168 4785 3449 4850 principes
3471 4786 3649 4849 fume
3672 4801 3703 4834 α

2103 4855 2260 4903 vino:
2308 4856 2545 4905 ecetendit
2586 4871 2820 4907 manum
2859 4872 3019 4907 suam
3048 4871 3174 4906 cum
3204 4857 3542 4907 illusoribus.
3575 4857 3702 4917 Quia

2104 4925 2514 4990 applicaverunt
2526 4929 2683 4992 quasi
2697 4928 2871 4978 cliban
2878 4943 2974 4977 um
2984 4942 3077 4978 cor
3084 4943 3270 4989 suum,
3282 4943 3409 4977 cum
3422 4929 3702 4979 insidiare-

2105 5003 2195 5044 tur
2216 4997 2327 5048 eis:
2355 5002 2462 5047 tota
2504 5004 2655 5049 nocte
2684 4999 2939 5049 dormivit
2974 5013 3207 5063 eoquens
3248 5014 3352 5060 eos,
3398 5015 3563 5049 mane
3605 5000 3705 5064 ipse

2102 5081 2398 5130 succensus,
2419 5070 2581 5133 quasi
2598 5070 2744 5134 ignis
2763 5070 2994 5133 ﬂamma:
3010 5069 3121 5134 [ΑΙ.
3151 5070 3490 5136 ﬂammam].
3526 5071 3705 5122 Omnes

2104 5137 2347 5201 calefacti
2368 5145 2512 5202 sunt,
2540 5141 2699 5205 quasi
2734 5140 2995 5201 clibanus,
3019 5146 3065 5190 et
3086 5140 3497 5191 devoraverunt
3508 5142 3703 5206 judice:

2103 5308 2315 5361 mendo
2353 5309 2634 5373 suspicari
2658 5322 2722 5362 se
2760 5309 2989 5361 indicat.
3029 5310 3244 5362 Verum
3273 5310 3437 5362 idem
3473 5310 3699 5363 fereloci

2104 5392 2313 5431 sensus
2336 5384 2429 5431 est
2441 5382 2615 5444 atque
2635 5380 2917 5446 expositio
2927 5380 3083 5445 apud
3106 5381 3552 5448 Hieronymum,
3571 5396 3700 5431 occs-

2105 5451 2267 5503 sione
2308 5450 2573 5503 lectionis
2615 5460 2709 5503 τῶν
2756 5452 2929 5504 LXX.
2975 5452 3149 5513 Quod,
3205 5452 3305 5515 ait,
3357 5452 3698 5520 Septuaginta

2104 5522 2347 5586 tegimus,
2392 5527 2461 5574 ut
2497 5523 2817 5583 concibant,
2852 5524 3018 5587 quasi
3045 5529 3327 5576 canentes
3360 5525 3425 5577 in
3447 5526 3694 5578 cordibus

2105 5593 2481 5657 suis,adillud
2502 5594 2843 5657 referendum
2867 5600 2957 5655 est,
2976 5596 3121 5660 quod
3132 5595 3252 5646 ideo
3287 5596 3391 5659 fur
3420 5598 3693 5661 ingressus,

2102 5666 2208 5714 sive
2225 5665 2566 5716 latrunculus
2583 5666 2977 5731 exspoliaverit,
2993 5681 3061 5716 ne
3076 5667 3139 5717 in
3158 5668 3427 5732 pristinis
3440 5668 3636 5718 divitiis
3654 5673 3693 5717 et

2102 5736 2325 5787 vestibus
2378 5744 2768 5803 permanentes,
2816 5739 3129 5806 repellerent
3182 5740 3335 5805 furis
3382 5740 3693 5807 latronisque

2100 5823 2434 5873 consensum,
2471 5815 2579 5864 etc.
