3880 6222
160 330 278 386 997

159 459 316 494 suos.
333 442 593 494 Menimit
609 441 762 493 illius
775 440 1104 493 festivitatis
1120 445 1178 491 et
1191 440 1482 504 temporis,
1495 446 1644 502 cujus
1655 444 1776 490 ordo

163 524 234 566 tn
258 517 485 578 Regum
497 513 736 564 historia
746 524 853 562 con
861 512 1088 562 tinetur.
1104 513 1247 563 Nam
1260 524 1392 562 cum
1403 523 1504 575 per
1513 514 1775 560 stultitiam

163 588 453 647 Roboam,
480 583 675 648 populi
696 584 903 634 fuisset
926 583 1161 646 impleta
1183 582 1481 645 discessio,
1507 586 1565 633 et
1581 583 1782 633 decem

167 658 446 709 tribubus
473 655 780 720 praesidere
803 654 1400 718 coepissetJeroboam,
1417 653 1577 717 dixit,
1597 653 1784 716 inquit

172 727 247 792 (3.
278 727 403 789 Reg.
431 725 516 778 1‘2.
533 725 620 778 ‘26.
645 729 691 772 et
709 724 892 788 seqq.),
916 725 976 772 in
1000 723 1154 772 corde
1177 723 1476 772 suou’Vunc
1497 728 1784 772 revertetur

173 812 413 863 regnum
444 797 518 846 ad
552 797 774 845 domum
798 796 993 855 David,
1027 796 1074 842 si
1098 795 1394 843 ascenderit
1412 794 1648 858 populus
1669 796 1782 855 iste,

170 876 236 916 ut
260 869 432 930 faciat
472 866 740 929 sacriﬁcia
773 865 833 912 in
857 865 1014 912 domo
1039 863 1263 912 Domini
1288 864 1350 912 in
1369 864 1685 915 Jerusalem.
1717 865 1784 912 Et

171 939 476 1002 excogitato
516 937 759 996 consilio,
795 935 916 997 fecit
949 936 1082 984 duos
1122 935 1316 984 vitulos
1340 951 1548 995 aureos,
1575 942 1620 984 et
1642 935 1786 984 dixit

173 1012 296 1059 eis:
339 1010 469 1058 Ecce
498 1008 580 1056 dii
618 1007 718 1070 tui,
761 1007 942 1064 Israel,
989 1007 1086 1069 qui
1121 1007 1424 1054 eduxerunt
1471 1012 1514 1054 te
1551 1007 1613 1054 de
1642 1011 1786 1055 terra

172 1080 426 1145 Egypti.
451 1079 739 1141 Posuitque
760 1091 935 1125 unum
956 1078 1018 1125 in
1046 1076 1303 1137 Bethel,et
1318 1077 1550 1125 alterum
1566 1077 1627 1124 in
1639 1077 1781 1136 Dan,

173 1159 225 1202 et
247 1153 458 1214 factum
495 1156 570 1200 est
605 1149 822 1197 verb—um
846 1149 943 1196 hoc
965 1147 1026 1197 in
1048 1154 1351 1212 peccatum:
1379 1147 1487 1195 ibat
1519 1147 1666 1196 enim
1689 1163 1786 1212 po-

173 1223 346 1287 pulus
389 1223 464 1271 ad
505 1221 852 1270 adorandum
877 1219 1107 1268 vitulum
1132 1235 1295 1283 usque
1319 1221 1377 1267 in
1403 1219 1544 1268 Dan.
1577 1219 1644 1268 Et
1665 1219 1787 1282 fecit

174 1295 326 1356 fana
369 1294 429 1341 in
452 1291 684 1351 excelsis,
709 1297 755 1339 et
777 1291 1067 1339 sacerdotes
1100 1291 1161 1338 dc
1185 1291 1438 1338 extremis
1456 1289 1669 1354 populi,
1691 1289 1787 1353 qui

178 1382 301 1415 non
334 1371 489 1414 erant
513 1364 574 1412 de
602 1363 736 1426 ﬁliis
758 1363 898 1411 Levi.
924 1362 1312 1424 Constitu-itque
1336 1362 1476 1410 diem
1499 1361 1788 1410 solemnem

180 1439 246 1486 in
272 1450 453 1485 mense
475 1440 672 1494 octavo,
694 1433 1097 1497 quintadeci-ma
1113 1433 1198 1481 die
1213 1434 1409 1481 mensis
1430 1449 1444 1480 :
1463 1433 1524 1480 in
1539 1433 1790 1480 similitu-

183 1509 373 1556 dinem
394 1506 764 1563 sole—mnitatis,
787 1519 905 1567 quae
924 1503 1284 1552 celebrabatur
1305 1504 1457 1566 [ADL
1476 1503 1783 1567 celebratur]

187 1581 249 1627 in
276 1579 443 1628 Juda.
472 1578 538 1626 Et
560 1576 863 1635 ascendens,
889 1575 1059 1623 altare
1074 1574 1324 1623 similiter
1344 1575 1464 1636 fecit
1493 1574 1555 1621 in
1591 1575 1787 1632 Bethet,

187 1656 246 1698 ut
273 1647 789 1706 immolaretvitulis,
807 1661 939 1710 quos
961 1645 1259 1707 fabricat-us
1282 1651 1413 1695 erat.
1431 1645 1788 1694 Constituitin

189 1721 372 1770 Bethel
400 1720 690 1768 sacerdotes
713 1717 1058 1778 excelsorum,
1094 1732 1211 1780 quae
1233 1717 1444 1777 fecerat.
1469 1716 1535 1763 Et
1559 1716 1794 1764 ascendit

186 1807 354 1856 super
375 1793 566 1850 altare,
581 1789 725 1853 quod
739 1790 1073 1836 instruxerat
1090 1805 1150 1835 in
1175 1787 1370 1843 Bethel,
1388 1787 1794 1850 quinta'lecirna

191 1865 280 1912 die
309 1863 508 1912 mensis
530 1861 722 1921 octavi,
759 1875 917 1923 quem
940 1862 1178 1922 finxerat
1198 1858 1257 1906 de
1286 1861 1439 1906 corde
1461 1873 1575 1916 suo,
1605 1863 1649 1905 et
1673 1857 1794 1918 fecit

191 1935 586 1984 solemnitatem
629 1933 757 1994 ﬁliis
803 1931 984 1980 Israel.
1032 1930 1175 1989 Quia
1223 1943 1358 1992 ergo
1393 1930 1558 1979 refert
1603 1941 1798 1991 regem

192 2008 520 2062 Jeroboam,
549 2016 673 2054 suae
713 2007 940 2053 tantum
972 2002 1246 2065 potentiae
1269 2000 1688 2063 consulentem,
1717 2004 1800 2049 tot

193 2077 494 2129 miraculis
521 2078 719 2137 totque
746 2073 958 2124 seculis
976 2071 1442 2122 commendatum
1462 2074 1670 2134 populo
1683 2075 1800 2122 veri

189 2149 299 2200 Dei
316 2151 536 2198 cultum
556 2146 667 2196 levi
684 2143 978 2208 pepulisse
991 2147 1337 2197 commento,
1352 2140 1529 2207 433
1553 2150 1800 2201 totamque

191 2225 432 2283 gentem
469 2218 549 2268 ita
572 2216 774 2267 aulicis
804 2215 1243 2279 prol‘anitatibus
1267 2215 1624 2274 obsecutam,
1651 2217 1714 2263 ut
1738 2225 1800 2262 se

191 2292 341 2342 nihil
369 2291 441 2340 de
471 2289 841 2340 observantia
876 2286 1127 2336 veritatis
1150 2285 1446 2348 habuisse,
1472 2285 1800 2335 contentius

189 2363 490 2423 indicaret,
518 2365 807 2409 certamen
832 2357 1125 2419 quoddam
1142 2366 1159 2384 ³
1182 2359 1333 2406 inter
1355 2355 1720 2406 adulantium
1745 2360 1802 2405 et

195 2432 625 2485 dominantium
653 2429 1006 2492 impietatem
1031 2426 1211 2478 fuisse
1233 2427 1524 2488 describit,
1552 2427 1801 2490 quisque

193 2505 468 2558 videlicet
509 2503 569 2551 in
609 2495 946 2551 criminibus
976 2499 1343 2562 prmveniret.
1391 2500 1605 2561 Regem
1631 2498 1803 2561 igitur

194 2577 370 2641 quasi
395 2575 568 2624 rebus
593 2572 734 2633 suis,
762 2571 810 2620 si
829 2569 900 2620 ad
925 2570 1136 2620 cullum
1157 2569 1349 2632 templi
1367 2571 1614 2632 populus
1629 2584 1803 2617 ascen-

195 2640 380 2705 deret,
421 2643 793 2704 diffidentem,
821 2646 1016 2705 spretu
1041 2640 1328 2703 religionis
1360 2641 1803 2692 laetiﬁcaverunt

197 2719 431 2777 Tribus,
458 2717 527 2766 de
551 2718 719 2779 cujus
735 2715 928 2763 animo
941 2711 1278 2775 scrupulum
1293 2711 1614 2762 formidinis
1627 2714 1800 2760 abstu-

195 2790 411 2842 lerunt.
438 2789 501 2836 In
525 2786 820 2834 mendaciis
835 2798 1045 2847 quoque
1068 2784 1180 2831 suis
1200 2783 1498 2846 principes:
1529 2783 1698 2846 idest,
1715 2783 1803 2833 vel

199 2859 485 2914 satellites
526 2860 736 2921 regios,
780 2853 872 2908 vel
908 2855 1280 2918 pr0pinquos,
1322 2853 1640 2904 mendaciis
1680 2854 1803 2904 suis

198 2933 456 2998 gaudere
468 2929 1096 2992 fecerunt,tantumque
1111 2929 1383 2998 fervorem
1395 2926 1645 2976 funereis
1660 2927 1803 2973 adlii-

199 2997 380 3057 buere
401 3003 761 3064 commentis,
790 3005 854 3051 ut
882 3000 1064 3051 instar
1087 2997 1312 3060 clibani,
1328 2997 1422 3048 cui
1437 2999 1667 3047 ﬂamma
1682 2999 1805 3045 sub-

193 3079 414 3144 jicitur,
446 3074 776 3126 viderentur
814 3071 1029 3144 ardere.
1061 3071 1164 3120 Vel
1187 3075 1340 3144 certe
1365 3075 1428 3118 ut
1454 3069 1802 3144 fermentum

201 3141 372 3213 solet,
396 3149 454 3199 in
477 3159 673 3198 massa
687 3157 820 3208 qua:
843 3143 1234 3205 fermentatur,
1253 3141 1802 3203 abscondi,hrevique

203 3223 485 3300 temporis
501 3219 695 3303 spatio
713 3223 845 3298 tota
877 3219 1186 3303 coacescit:
1203 3217 1282 3265 ita
1305 3215 1608 3303 universas
1624 3216 1802 3303 Trist
1829 3229 1877 3303 Ο

203 3283 383 3347 unius
409 3291 515 3344 viri
527 3283 596 3342 ad
609 3289 952 3354 pravitatem
963 3287 1241 3349 vocantis,
1259 3284 1582 3349 penetravit
1597 3289 1654 3335 et
1669 3283 1805 3335 infe-

205 3369 286 3420 cit
312 3365 604 3428 iniquitas.
633 3364 842 3424 Sicque
860 3373 895 3412 a
917 3359 1149 3412 virtutis
1159 3358 1508 3428 professione
1519 3359 1808 3418 degeneres,

205 3446 275 3492 ut
299 3427 603 3491 occasione
628 3433 937 3497 impietatis
961 3430 1280 3493 horribiles,
1301 3427 1440 3479 illud
1455 3431 1687 3491 tempus
1703 3428 1812 3474 dies

204 3512 364 3576 regis
391 3509 481 3560 sui
507 3506 791 3571 appellare
816 3505 1096 3576 coeperint
1117 3501 1222 3576 [A_t.
1244 3498 1586 3576 coeperunt],
1614 3499 1814 3546 lusibus

209 3572 476 3636 videlicet
498 3585 556 3632 et
578 3576 860 3629 conviviis
884 3573 1290 3636 celebrandos;
1314 3572 1811 3635 tempusinquam,

208 3671 330 3723 quo
359 3657 442 3707 eis
462 3654 553 3706 vel
583 3654 704 3703 vita
726 3649 877 3712 regis
901 3649 1117 3710 sui,vel
1148 3647 1429 3723 securitas
1454 3643 1812 3723 contigisset.

209 3718 413 3782 'i‘alem
425 3725 791 3778 festivitatem
804 3725 1228 3784 consequenter
1246 3718 1581 3772 temulentia
1591 3730 1816 3775 compre-

209 3800 436 3864 hendit,
484 3802 551 3849 ut
577 3808 694 3848 non
727 3794 913 3845 solum
946 3791 1214 3857 vulgares
1252 3792 1486 3855 quique,
1503 3787 1617 3864 sed
1643 3786 1815 3864 etiam

210 3859 459 3929 nobiles,
477 3882 624 3933 quos
650 3866 840 3931 gentis
866 3865 1149 3928 principes
1166 3867 1481 3927 nuncupat,
1500 3859 1818 3933 inciperent

209 3947 399 4010 furere
435 3958 470 3991 a
497 3930 1156 4010 vino.’lpseautemrex
1179 3934 1629 4010 commaculator
1664 3930 1817 4010 illius

208 4003 532 4080 dignitatis,
567 4017 624 4064 et
665 4009 925 4073 sacrilegi
979 4008 1282 4060 fabricator
1321 4006 1558 4080 erroris,
1583 4003 1819 4080 eoctendit

211 4075 452 4139 manum
482 4099 642 4134 suam
675 4097 799 4132 cum
842 4081 1172 4142 illusoribus,
1213 4079 1468 4144 professa
1491 4075 1818 4128 adulatione

211 4163 385 4215 illum
416 4157 808 4223 palpantibus:
833 4159 897 4206 ut
922 4154 1057 4217 quia
1079 4153 1158 4203 illi
1179 4151 1352 4203 corda
1375 4162 1481 4202 sua
1504 4165 1820 4210 praeparave-

211 4237 370 4293 rant,
393 4236 456 4283 ut
477 4231 771 4281 clibanum
794 4228 893 4290 qui
918 4226 1246 4287 subjectum
1266 4223 1578 4288 impietatis
1594 4225 1822 4284 ignesce-

212 4310 329 4364 ret,
371 4303 464 4355 ille
494 4308 641 4352 nocte
665 4306 773 4350 tota
797 4299 1050 4348 dormi-vit
1083 4311 1312 4362 coquens
1351 4310 1451 4357 eos,
1478 4295 1647 4358 idest,
1686 4308 1822 4346 suc-

215 4389 467 4430 censum
494 4387 610 4427 non
633 4372 881 4425 removit
901 4369 1252 4433 incendium,
1271 4369 1370 4421 sed
1394 4368 1556 4432 quasi
1571 4369 1592 4396 δ
1608 4367 1825 4420 calcata

218 4451 398 4515 lignis
440 4448 688 4508 fornace,
740 4457 980 4496 securus
1011 4456 1072 4494 se
1111 4442 1372 4507 permisit
1389 4442 1604 4515 sopori,
1630 4441 1823 4515 sciens

219 4513 384 4586 quod
407 4533 508 4585 per
541 4524 722 4571 totam
750 4521 977 4569 noctem
1001 4528 1202 4568 eorum
1227 4514 1562 4567 temulentia
1576 4519 1633 4566 et
1643 4513 1827 4579 profa-

217 4596 380 4647 nitas
409 4592 770 4654 decoqueret.
791 4591 903 4640 Nec
920 4588 1110 4652 opinio
1125 4587 1325 4639 fefellit
1338 4587 1643 4639 artificem:
1667 4586 1828 4634 omni-

219 4665 385 4718 enim
409 4663 623 4715 lumine
646 4661 883 4712 rationis
896 4660 1168 4720 extincto,
1183 4659 1399 4710 inventi
1413 4663 1549 4709 sunt
1570 4659 1828 4707 diluculo-

219 4740 310 4790 ita
331 4735 666 4787 criminibus
689 4736 1031 4792 aestuantes,
1047 4736 1109 4782 ut
1120 4731 1347 4794 judices
1361 4742 1516 4791 suos,
1536 4743 1682 4792 quos
1701 4731 1830 4777 vide-

220 4811 364 4861 licet
387 4807 708 4858 habuerant
729 4804 1045 4867 impietatis
1066 4803 1396 4866 magistros,
1417 4802 1537 4852 sine
1557 4800 1832 4864 ambigui-

226 4885 353 4933 tate
377 4881 734 4942 superarent.
753 4876 944 4925 Omnes
963 4889 1107 4938 reges
1123 4889 1308 4923 eorum
1324 4873 1640 4932 ceciderunt,
1657 4877 1701 4920 et
1717 4886 1825 4920 non

223 4957 305 5002 est
349 4951 445 5014 qui
491 4949 682 4999 clamet
725 4949 786 4995 in
825 4947 897 4995 eis
929 4947 1003 4994 ad
1044 4961 1144 4996 me.
1171 4946 1316 5007 Quid
1347 4957 1483 5009 ergo
1507 4943 1750 4995 miraris.

225 5013 491 5075 universi
515 5025 793 5084 cogantur
805 5019 1000 5070 subire
1015 5022 1316 5081 tormenta,
1338 5029 1470 5068 cum
1485 5017 1562 5068 ita
1576 5013 1830 5066 universi

227 5093 449 5147 scelera
493 5092 964 5156 perpetraverint,
1003 5095 1068 5142 ut
1102 5103 1214 5142 non
1240 5091 1426 5142 dicam
1449 5085 1830 5154 popularium,

228 5167 334 5219 sed
364 5178 468 5215 nec
492 5163 773 5214 nobilium
807 5162 1014 5226 aliquis
1044 5163 1316 5215 inventus
1341 5161 1432 5223 sit,
1469 5159 1568 5222 qui
1602 5157 1830 5222 lapsum

227 5237 483 5304 publicae
506 5237 819 5301 impietatis
849 5238 1126 5301 effugeret
1147 5238 1172 5285 εἰ

300 5311 460 5362 Vers.
490 5306 543 5363 8.
565 5300 629 5348 4·
657 5307 896 5373 E/fraim
919 5300 987 5357 in,
1003 5306 1216 5372 populis
1240 5306 1350 5370 ipse
1369 5300 1828 5354 commiscebatur:

304 5488 321 5511 ·
346 5477 634 5543 Rescripsi
654 5478 817 5541 inter,
851 5481 918 5529 ut
940 5487 1151 5528 sensus
1175 5471 1481 5533 constaret,
1507 5469 1612 5543 qui
1638 5466 1834 5521 nullus

234 5556 364 5607 erat
381 5541 570 5608 antea,
587 5563 722 5602 cum
741 5550 889 5598 intus
904 5549 1201 5613 legeretur.
1223 5544 1404 5597 Etiam
1421 5541 1677 5607 quisnam
1696 5552 1836 5605 pau-

232 5627 292 5679 lo
317 5627 451 5689 post
473 5636 573 5687 pro
598 5623 826 5686 quisque
848 5619 1046 5684 reponi
1079 5617 1292 5669 malim.

303 5681 338 5724 ¹”
351 5681 542 5746 Mali-et
593 5681 747 5757 prior
770 5681 963 5743 Editur
985 5690 1256 5752 calefacta.
1281 5689 1398 5751 Ego
1427 5684 1606 5737 altero
1631 5683 1703 5732 ab
1727 5681 1837 5733 hoc

238 5780 418 5821 versu
439 5781 524 5815 eos
555 5765 750 5816 malim
776 5775 875 5826 pro
909 5776 1110 5811 eorum.

305 5849 323 5868 ε
355 5837 602 5888 Additur
620 5837 678 5886 in
701 5825 950 5898 Vulgata
973 5831 1233 5883 Editione
1251 5829 1435 5896 panis,
1459 5825 1613 5891 quod
1628 5835 1837 5898 nomen

240 5917 301 5964 et
314 5921 426 5962 nos
441 5909 504 5960 in
519 5896 968 5969 Hieronymiana
981 5902 1116 5954 olim
1132 5902 1495 5955 excudimus.
1515 5901 1580 5949 In
1598 5896 1838 5948 Hebraeo

1016 329 1091 380 IN
1128 327 1367 380 OSEAM
1402 326 1992 381 COMMENTARIUS.
2027 325 2237 379 LIBER
2269 327 2651 382 SECUNDUS.

1823 1811 1876 1883 B

3379 324 3484 382 998

1884 441 2018 504 quia
2029 452 2219 503 supra,
2232 444 2466 502 gentem
2482 442 3017 504 pmvaricatricem,
3038 440 3299 492 docursis
3323 443 3481 501 parti-

1883 513 2008 572 bus,
2028 511 2383 575 judicaverat
2400 511 2572 572 [Forte
2599 513 2993 576 indicaverat},
3013 512 3290 576 populum
3321 511 3476 563 vide-

1880 582 2014 634 licet
2035 583 2428 647 obsequutum
2450 583 2699 645 regibus,
2719 595 2784 634 ac
2797 584 3066 648 deinceps
3080 584 3366 647 principes
3383 594 3481 646 pa-

1882 653 2020 703 riter
2053 666 2184 704 cum
2227 652 2492 716 plebibus
2533 653 2805 703 cecidisse
2855 656 3159 718 signando,
3182 655 3259 719 ita
3288 658 3354 704 ut
3372 665 3488 703 non

1885 729 2040 774 esset
2051 726 2148 786 qui
2161 723 2593 774 intervenientis
2607 735 2818 772 munus
2831 729 3169 775 assumeret:
3197 723 3307 774 hoc
3318 726 3486 783 ipsum

1887 797 2164 856 sequente
2177 807 2352 846 versu
2366 790 2655 842 cumulate
2667 798 2724 842 et
2737 794 2981 844 breviter
2993 795 3490 854 indicavit,diceus:

1884 865 2124 928 Effraim
2149 866 2208 912 in
2238 863 2454 929 populis
2470 863 2581 926 ipse
2604 877 2714 910 com
2726 863 3052 911 miscebatur.
3071 868 3222 927 Idest,
3241 880 3341 912 non
3357 878 3491 912 unus

1885 939 1987 986 aut
2042 935 2200 995 alter,
2260 935 2502 998 paucive
2530 931 2620 983 vel
2642 933 2834 995 plures
2868 932 2938 982 de
2968 934 3193 985 Israelis
3212 935 3387 999 stirpe
3406 947 3473 984 ve

1886 1006 2132 1066 nientes,
2157 1007 2458 1055 nationum
2482 1003 2771 1054 erroribus
2797 1014 2858 1052 se
2875 1003 3228 1055 inserebant:
3265 1005 3367 1056 sed
3400 1005 3495 1055 Ef-

1887 1076 2071 1139 fraim,
2096 1081 2253 1126 totus
2274 1079 2527 1138 quantus
2545 1086 2676 1124 esse
2693 1077 2932 1137 poterat,
2949 1074 3202 1137 profanis
3224 1076 3498 1139 gentibus

1889 1159 1952 1198 se
1976 1149 2257 1197 miscebat
2283 1161 2294 1195 :
2323 1146 2729 1206 ambiebatque
2747 1144 2956 1207 ipsum,
2984 1156 3098 1206 quo
3123 1144 3309 1195 clarus
3329 1148 3496 1196 fuerat

1888 1231 2101 1269 nomen
2124 1218 2370 1276 abolere,
2388 1220 2762 1280 gentiumque
2776 1215 2967 1278 potius
2984 1215 3362 1278 appellatione
3386 1233 3499 1267 cen-

1889 1290 2015 1340 seri.
2045 1289 2208 1350 Quod
2234 1301 2371 1338 sane
2395 1287 2767 1348 desiderium,
2801 1299 2935 1336 cum
2974 1285 3024 1336 ei
3062 1299 3290 1350 semper
3312 1288 3372 1339 in
3397 1288 3498 1340 ad-

1889 1373 2057 1411 versa
2081 1364 2423 1424 erumperet,
2441 1369 2810 1420 nequaquam
2827 1357 3003 1407 flebat
3019 1358 3112 1408 vel
3129 1356 3310 1424 434
3329 1360 3500 1411 afﬂic-

1892 1431 2046 1481 tione
2070 1431 2399 1482 correctior:
2423 1430 2642 1491 etideo,
2663 1433 2726 1478 ut
2748 1428 3171 1492 imprudentem
3195 1443 3326 1480 eum
3351 1431 3499 1482 inter

1890 1507 2183 1553 extremas
2228 1501 2490 1552 miserias
2520 1500 2822 1550 adnotaret
2847 1537 2862 1562 ,
2904 1500 3216 1563 imaginem
3263 1503 3502 1565 protulit

1891 1577 2305 1636 congruentem
2331 1588 2342 1622 :
2383 1570 2618 1634 E/f-raim
2640 1571 2816 1633 factus
2840 1575 2911 1619 est
2931 1571 3321 1621 subcinericius
3340 1583 3378 1636 ο,
3403 1574 3501 1638 qui

1891 1659 2001 1692 non
2034 1649 2352 1692 reversatur.
2390 1641 2743 1692 Comede-runt
2774 1641 2942 1690 alieni
2965 1643 3131 1690 robur
3162 1642 3296 1705 ejus,
3323 1649 3367 1692 et
3390 1647 3502 1708 ipse

1893 1715 2125 1765 nescivit.
2146 1716 2301 1765 Sicut
2317 1713 2480 1777 panis
2493 1713 2736 1776 exiguus
2751 1718 2807 1763 et
2819 1725 2939 1762 non
2962 1713 3196 1775 pistoris
3230 1719 3352 1765 arte
3385 1730 3502 1764 con-

1899 1785 2097 1846 fectus,
2128 1785 2231 1835 sed
2248 1784 2414 1846 quasi
2436 1783 2803 1834 tumultuarie
2830 1782 2902 1833 ab
2937 1783 3225 1834 esuriente
3248 1789 3502 1846 composi-

1903 1862 2016 1916 tus,
2041 1868 2215 1918 quem
2238 1857 2562 1918 subjectum
2581 1853 2790 1904 favillis
2806 1867 2924 1904 non
2943 1854 3178 1916 versari,
3201 1855 3303 1905 sed
3314 1857 3387 1906 ab
3400 1872 3501 1904 una

1901 1933 2124 1980 tantum
2151 1931 2308 1990 parte
2332 1927 2524 1976 torreri
2537 1924 2859 1988 contigerit,
2873 1925 3050 1976 altera
3067 1924 3336 1977 videlicet
3346 1930 3501 1975 cruda

1899 2003 2231 2050 remanente
2251 2012 2263 2047 :
2282 1999 2362 2048 ita
2379 2010 2510 2048 cum
2535 1997 2685 2048 vires
2701 1995 2854 2046 illius
2879 1995 3151 2058 frequens
3177 2000 3503 2056 percussisset

1898 2069 2148 2129 afflictio,
2163 2069 2369 2132 inquit,
2389 2067 2761 2118 nihilominus
2777 2068 2834 2116 in
2847 2067 3158 2130 impietatis
3173 2068 3379 2117 studiis
3396 2081 3503 2128 per-

1900 2142 2188 2202 manebat,
2237 2145 2298 2190 ut
2345 2139 2520 2190 simul
2570 2143 2625 2190 et
2655 2138 2887 2202 crudus,
2924 2139 3060 2201 quia
3082 2138 3418 2199 indomitus,
3447 2144 3504 2190 et

1899 2217 2143 2264 exustus
2169 2210 2504 2275 appelletur,
2539 2211 2673 2272 quia
2691 2211 2818 2260 tabe
2836 2221 2897 2260 se
2921 2210 3187 2272 gemebat
3202 2211 3498 2261 afflictum.

1902 2285 2112 2335 Tenuit
2131 2288 2327 2333 autem
2341 2281 2976 2346 metaphoram,utquia
2995 2281 3238 2332 stultum
3261 2285 3505 2332 attritum-

1901 2367 2014 2418 que
2040 2354 2313 2417 populum
2337 2353 2716 2404 subcinericio
2740 2352 2894 2415 pani,
2921 2351 3020 2414 qui
3044 2364 3162 2402 non
3182 2356 3506 2403 reversatur

1899 2429 2218 2489 aptaverat,
2246 2428 2568 2477 vastatores
2592 2424 2766 2475 etiam
2790 2425 2917 2486 ejus
2941 2427 3239 2474 voratores
3261 2428 3502 2474 vocaret.

1901 2497 1997 2548 Ait
2017 2496 2169 2547 enim
2199 2513 2208 2543 :

1965 2571 2127 2618 Vers.
2174 2567 2223 2620 9.
2270 2593 2334 2602 —
2361 2566 2719 2615 Comederunt
2750 2564 2919 2613 alieni
2951 2564 3119 2613 robur
3148 2565 3278 2628 ejus,
3314 2571 3360 2613 et
3396 2581 3507 2630 ipse

1902 2641 2140 2689 nescivit.
2187 2637 2359 2700 Idest,
2398 2637 2801 2687 discretionem
2833 2635 2968 2686 boni
2990 2641 3047 2686 et
3068 2637 3203 2686 mali
3237 2648 3411 2698 quam
3435 2636 3506 2688 de

1902 2711 2136 2762 virtutis
2161 2709 2533 2760 meditatione
2566 2721 2681 2757 non
2705 2707 2926 2769 habuit,
2953 2719 3142 2769 neque
3167 2707 3237 2758 de
3261 2708 3506 2758 verberi-

1897 2779 2012 2833 bus
2034 2780 2206 2831 illatis
2230 2779 2460 2842 recepit.
2488 2778 2596 2828 Sed
2621 2777 3078 2838 nescitomnino,
3095 2778 3191 2838 qui
3211 2779 3437 2836 roburej
3448 2793 3506 2826 us

1901 2853 2290 2914 absumerent,
2310 2855 2368 2901 et
2390 2849 2700 2913 perniciem
2719 2860 2887 2897 suam
2919 2846 3166 2897 mirabili
3191 2846 3507 2900 stoliditate

1902 2923 2242 2975 dilexit.Nec
2256 2933 2414 2982 sane,
2428 2920 2582 2983 quod
2605 2925 2691 2970 est
2707 2917 2979 2969 ultimum
2996 2917 3329 2968 eruditionis
3347 2932 3439 2974 gen
3448 2935 3506 2967 us

1903 2995 1996 3047 vel
2019 2999 2152 3059 post
2184 2995 2580 3056 experimenta
2616 2989 2922 3053 consipuit,
2948 2988 3052 3040 sed
3075 2988 3133 3038 in
3156 2989 3501 3053 insipientia,

1901 3080 2076 3134 quam
2097 3067 2156 3117 in
2168 3066 2352 3129 prima
2367 3068 2536 3115 aetate
2556 3068 2646 3114 est
2661 3060 3018 3134 complexus,
3031 3059 3052 3088 ά
3067 3072 3249 3122 usque
3266 3061 3339 3134 ad
3352 3076 3504 3111 canos

1901 3132 2046 3206 ejus,
2059 3139 2226 3201 idest,
2246 3149 2431 3199 usque
2443 3135 2515 3186 ad
2541 3133 2856 3206 senectutis
2871 3137 3144 3206 tempora,
3158 3132 3502 3206 perduravit.

1903 3201 2422 3270 Cumulantermon
2441 3205 2777 3270 apparuisse
2798 3203 3073 3254 caniciem
3087 3201 3189 3260 sed
3213 3204 3504 3252 denoruisse

1910 3284 2051 3336 eteff
2054 3294 2219 3333 usam
2232 3291 2381 3339 esse,
2403 3276 2790 3336 commendat,
2810 3275 2979 3336 idest,
2999 3278 3062 3323 ut
3077 3286 3194 3323 non
3210 3275 3505 3337 propiasse

1913 3359 2014 3409 sed
2039 3353 2204 3417 quasi
2229 3349 2540 3402 senectutis
2551 3361 2735 3398 annos
2753 3359 2878 3397 eam
2895 3343 3505 3417 implevisseostende-

1913 3431 1996 3479 ret
2020 3443 2031 3476 :
2058 3415 2116 3476 et
2140 3429 2334 3475 tamen
2349 3422 2730 3485 ignorantiam
2747 3419 2906 3483 pravi
2932 3421 3034 3467 aut
3051 3415 3210 3478 recti,
3226 3416 3286 3467 in
3313 3429 3510 3480 parvu-

1912 3500 1982 3550 lis
2003 3492 2610 3557 vixexcusandam,ad
2636 3495 2963 3541 extremum
2987 3500 3169 3550 usque
3183 3485 3508 3540 attinuisse.

1912 3574 2042 3623 Jam
2076 3574 2269 3620 autem
2314 3571 2372 3618 et
2397 3576 2570 3628 supra
2601 3561 3025 3619 adnotavimus,
3055 3559 3190 3621 quia
3212 3558 3506 3612 infantiam

1914 3646 2087 3705 atque
2131 3639 2581 3692 adolescentiam
2614 3632 2828 3700 populi,
2864 3631 3004 3683 illud
3033 3643 3145 3694 quo
3175 3631 3245 3682 de
3270 3633 3511 3696 )Egypto

1916 3727 2186 3779 egressus
2218 3717 2308 3763 est
2346 3715 2591 3774 tempus,
2626 3711 2683 3758 et
2711 3711 2920 3757 terram
2941 3705 3396 3779 repromissionis
3417 3719 3511 3757 oc-

1918 3776 2168 3850 cupavit,
2191 3783 2453 3848 adpellet.
2480 3781 2859 3832 Juventutem
2883 3783 3076 3829 autem
3101 3777 3228 3840 ejus
3244 3776 3514 3850 mediam,

1919 3849 2032 3922 quo
2056 3858 2114 3908 in
2134 3857 2228 3908 illa
2249 3856 2480 3919 regione
2494 3852 2783 3916 regnavit:
2805 3853 3162 3902 senectutem
3172 3862 3323 3911 vero,
3342 3849 3514 3922 capti-

1918 3921 2112 3980 vitatis
2137 3941 2342 3987 annos,
2362 3928 2530 3989 cujus
2555 3925 2750 3986 finem,
2776 3923 3208 3975 renovationem
3222 3921 3514 3986 propheta,

1917 4002 2195 4054 nominat.
2221 4003 2286 4049 In
2312 4011 2427 4061 qua
2450 3996 2724 4048 nimirum
2748 3996 2933 4045 instar
2957 3994 3281 4057 aquilarum
3296 4005 3518 4058 repara-

1923 4077 1980 4124 ta
2013 4072 2275 4123 videatur
2298 4070 2607 4133 juventute
2637 4065 2891 4118 volitare.

1984 4145 2144 4193 Vers.
2180 4141 2264 4194 10.
2293 4140 2379 4193 11.
2420 4169 2479 4178 -
2523 4140 2590 4189 Et
2624 4135 3009 4187 humiliabitur
3038 4134 3289 4198 superbia
3312 4136 3521 4185 Israelis

1922 4216 1983 4263 in
2027 4214 2166 4278 facie
2209 4215 2338 4278 ejus,
2380 4227 2471 4260 nec
2514 4211 2711 4260 reversi
2747 4212 2874 4257 sunt
2911 4208 2984 4256 ad
3020 4207 3320 4278 Dominum
3347 4208 3518 4256 Deum

1921 4277 2101 4346 suum,
2127 4291 2172 4334 et
2196 4277 2309 4332 non
2333 4282 2657 4348 quaesierunt
2685 4295 2808 4329 eum
2831 4280 2891 4327 in
2912 4277 3160 4327 omnibus
3189 4277 3294 4348 his.
3313 4277 3380 4325 Et
3400 4277 3523 4339 fac-

1925 4366 2008 4410 tus
2030 4365 2099 4408 est
2117 4347 2375 4421 Effraim,
2389 4371 2419 4419 q
2429 4355 2548 4404 uasi
2561 4351 2803 4404 columba
2815 4350 3047 4408 seducta,
3065 4363 3178 4421 non
3203 4347 3401 4421 habens
3412 4364 3519 4399 cor.

1924 4418 2348 4483 Declinationes
2369 4418 2604 4490 quidem
2633 4427 2954 4488 temporum
2970 4418 3267 4490 prophetae
3283 4418 3523 4471 licenter

1923 4505 2250 4562 immutant,
2296 4489 2507 4562 quibus
2547 4501 2742 4548 tamen
2786 4489 3520 4562 consideratioidictorum,

1932 4561 2404 4637 consequentiam
2435 4569 2619 4635 possit
2641 4571 2852 4630 aptare.
2881 4562 3048 4637 Unde.
3065 4565 3123 4637 et
3142 4561 3236 4637 hic
3263 4561 3524 4637 humilia-

1854 4611 1910 4684 D
1932 4611 2851 4711 turifgo‘svtﬁtfﬁoriﬁaEvilat
2868 4611 3120 4711 superbia
3136 4631 3354 4711 _Israelis
3368 4632 3428 4681 in
3445 4611 3528 4696 fa-

1929 4724 2005 4774 cie
2025 4703 2156 4785 ejus.
2182 4703 2358 4777 Idest,
2377 4713 2550 4785 etiarn
2569 4710 2694 4773 sibi,
2709 4717 2884 4771 quam
2908 4703 3380 4785 deformisesset,
3401 4719 3528 4765 uppa

1929 4775 2064 4846 ruit:
2082 4790 2186 4852 Qui
2218 4775 2490 4838 amittens
2514 4782 2719 4833 decora
2744 4777 3068 4852 securitatis
3086 4775 3364 4852 antiquae,
3382 4791 3528 4852 squa-

1929 4867 2044 4917 lere
2058 4847 2124 4914 se
2132 4859 2418 4912 ulceribus
2431 4855 2660 4906 miserm
2679 4849 2968 4902 servitutis
2984 4847 3227 4911 aspexit,
3253 4852 3311 4898 et
3326 4859 3433 4898 nec
3456 4851 3527 4896 sic

1931 4935 2164 5000 quidem
2187 4933 2393 4991 Deum,
2419 4937 2588 5000 quem
2608 4937 2670 4975 se
2687 4920 2995 5000 offendisse
3011 4923 3266 5000 noverat,
3286 4919 3526 5000 requisi-

1928 4990 2026 5058 vit.
2046 5007 2236 5055 Factus
2263 5007 2332 5050 est
2364 4990 2602 5063 E/frai-m
2628 4990 3045 5059 quasi'columba
3064 4991 3277 5063 seducta
3300 5007 3411 5040 non
3428 4991 3526 5040 ha-

1931 5078 2052 5126 bens
2071 5091 2176 5127 cor.
2207 5071 2371 5136 Quod
2395 5062 2570 5134 Supra
2598 5064 2900 5117 stultitiam
2929 5075 3112 5136 usque
3135 5062 3207 5113 ad
3237 5068 3523 5114 senectam

1931 5135 2298 5214 progressam
2316 5142 2560 5204 vocavit,
2576 5139 2684 5190 hoc
2699 5149 2856 5188 nunc
2871 5135 3522 5214 implicitatemnominat.

1932 5206 2231 5273 iraddibus
2243 5216 2517 5268 nimirum
2526 5211 2819 5276 patentem
2833 5208 3218 5276 seductorem.
3234 5206 3348 5255 Nos
3360 5211 3523 5276 autem

1932 5291 2267 5346 meminisse
2291 5275 2591 5344 debemus,
2617 5291 2820 5333 omnes
2847 5275 3271 5339 similitudines,
3292 5287 3436 5338 quas
3456 5275 3527 5327 de

1934 5458 2128 5507 autem
2162 5460 2281 5501 non
2307 5445 2570 5505 habetur,
2597 5438 2699 5492 sed
2723 5435 2951 5490 tantum
2975 5433 3120 5507 MV,
3150 5431 3305 5507 quod
3328 5432 3528 5507 utique

1934 5505 2278 5591 placentem,
2321 5517 2447 5568 sive
2489 5524 2696 5579 panem
2741 5505 3189 5591 subcinericium
3224 5505 3529 5570 significat,

2361 5567 2556 5670 panem
2584 5606 2688 5670 seu
2710 5567 2840 5670 Dn'?
2877 5600 2994 5640 non
3027 5585 3204 5670 addit,
3242 5567 3394 5670 quin.
3417 5567 3528 5668 ipsi

1935 5657 2109 5730 etiam
2153 5672 2325 5734 LXX,
2361 5657 2634 5720 reticent.
2658 5665 2723 5712 In
2745 5658 3124 5734 subsequenti
3153 5657 3530 5734 expositionis

1936 5730 2490 5799 contextulibrarios
2503 5745 2721 5787 errores
2739 5737 2854 5782 tres
2872 5733 3188 5793 quatuorve
3205 5730 3528 5789 castigamus.

1998 5819 2019 5846 ἀ
2045 5812 2368 5881 Supplenda
2404 5820 2576 5874 quam
2609 5803 2856 5881 explicat
2890 5812 3022 5864 pars
3035 5799 3330 5881 versiculi,
3363 5799 3453 5847 sed
3484 5804 3532 5847 et

1937 5889 2064 5939 cani
2089 5870 2244 5952 effusi
2267 5887 2395 5933 sunt
2418 5870 2477 5932 in
2497 5893 2573 5940 eo,
2597 5881 2642 5927 et
2665 5876 2775 5939 ipse
2795 5870 3082 5935 ignoravit.
