3880 6222
454 335 557 389 999

1508 312 1773 374 RUFINO
1807 320 2267 374 PRESBYTERO
2301 313 2689 371 ASCRIPTUS

3635 316 3788 372 1000

451 442 726 497 creaturis
764 450 954 490 sermo
991 434 1224 507 divinus
1257 433 1557 507 consuevit
1580 444 1897 507 assumere,
1931 437 2050 483 tam
2072 427 2567 507 Aiugumhostile
2582 425 3787 507 depulerant2mihiquoquesubjicirenue-

451 529 551 581 pro
563 510 995 576 vituperatione,
1013 504 1129 581 3
1138 502 1197 581 5_
1210 515 1385 581 quam
1407 517 1504 567 pro
1518 503 1691 581 laude
1704 516 1873 581 posse
1886 513 2048 581 cons-

449 573 598 648 titui,
626 573 777 634 sicut
799 591 974 639 nunc,
992 576 1275 627 columbis
1290 573 1725 648 vituperabilem
1743 573 2045 648 stultitiam

447 644 727 722 propheta
764 648 1105 713 composuit,
1151 657 1298 722 quas
1335 645 1394 722 in
1429 644 2046 722 EvangelioDominus

450 714 846 792 pro-laudabili
876 718 1207 792 innocentia
1237 717 1589 792 nominavit.
1608 715 1809 792 Estote,
1839 714 2043 792 inquit,

450 785 657 861 (Matth.
700 792 806 853 10.)
854 791 1017 839 astuti
1034 789 1199 861 dsicut
1239 793 1526 861 serpentes,
1544 790 1589 834 et
1624 785 1889 861 simplices
1910 786 2046 832 sicut

449 855 717 917 columbae.
734 865 926 912 Factus
936 866 1007 909 est
1018 859 1065 909 Ε
1064 857 1257 922 [Γναίιη
1274 858 1434 920 quasi
1449 855 1693 905 columba
1708 856 1921 904 seducta
1934 868 2045 903 non

455 938 654 988 habens
684 949 791 983 cor.

510 1010 677 1060 Vers.
712 1003 796 1059 19.
809 1002 1184 1065 —/Egyptum
1194 998 1535 1057 invocabant,
1554 997 1886 1061 adAssyrios
1900 995 2047 1045 abie-

446 1084 596 1129 runt.
622 1078 690 1126 Et
714 1090 838 1124 cum
859 1072 1081 1137 profecti
1095 1071 1320 1134 fuerint,
1340 1071 1657 1133 expandam
1670 1082 1831 1131 super
1845 1080 1928 1115 eos
1942 1070 2046 1114 rete

444 1164 643 1208 meum,
684 1153 729 1195 et
762 1145 921 1211 quasi
953 1142 1221 1192 volucrem
1254 1140 1369 1191 caeli
1405 1141 1689 1189 detraham
1716 1154 1817 1198 eos,
1844 1138 2045 1211 cadam

445 1237 527 1271 eos
541 1209 841 1270 secundum
856 1214 1193 1264 auditionem
1205 1219 1364 1261 coetus
1380 1226 1584 1262 eorum.
1604 1212 1746 1262 Cum
1768 1212 1785 1260 Ι
1798 1209 1867 1260 )ei
1881 1212 2045 1257 essent

446 1291 680 1352 auxilio,
706 1299 881 1352 quem
898 1286 1265 1348 reliquerant,
1279 1282 1563 1345 destituti,
1580 1286 1638 1333 et
1653 1280 2045 1345 frequentibus

436 1366 557 1427 jam
570 1358 968 1425 eruptionibus
986 1356 1372 1427 pulsarentur,
1396 1355 1546 1427 sicut
1557 1366 1759 1417 regum
1778 1359 1942 1401 narrat
1958 1354 2044 1401 hi-

448 1433 644 1495 storia,
660 1432 732 1483 ab
746 1428 1026 1492 Egyptiis
1038 1426 1255 1478 auxilia
1264 1426 1648 1490 postularunt,
1676 1430 1740 1475 ut
1749 1440 1848 1487 eos,
1865 1428 2045 1475 adver-

447 1517 579 1555 sum
591 1502 864 1566 Assyrios
878 1503 1195 1551 tuerentur.
1204 1497 1313 1549 Sed
1324 1496 1468 1548 nihil
1479 1496 1728 1561 amplius
1740 1512 1891 1557 quam
1905 1513 2045 1547 num-

444 1587 669 1626 morum
683 1571 984 1637 dispendia
998 1582 1100 1621 sen
1107 1570 1411 1629 tientes,ab
1426 1567 1539 1618 illis
1549 1568 1701 1632 capti
1712 1573 1849 1621 sunt
1860 1572 2045 1629 quibus

444 1658 544 1698 eos
569 1645 894 1706 subjecerat
914 1641 1112 1693 divina
1136 1640 1440 1690 sententia.
1468 1639 1591 1690 Hoc
1614 1643 1703 1690 est
1727 1651 1862 1703 ergo
1886 1640 2040 1703 quod

444 1717 608 1769 dicit:
638 1714 919 1777 Quoniam
935 1725 1069 1763 cum
1091 1712 1389 1774 Egyptios
1413 1710 1749 1762 invocarent
1771 1710 1845 1761 ad
1860 1713 2039 1776 Assy-

2147 502 2305 563 bant,
2329 498 2468 551 illud
2485 511 2722 564 operum
2736 511 2891 562 voce,
2907 498 3198 560 dicentes,
3215 496 3392 546 Labia
3408 503 3603 546 nostra
3622 514 3659 547 a
3671 514 3783 549 no-

2146 571 2224 620 bis
2238 576 2380 631 sunt,
2396 570 2519 635 quis
2537 576 2716 619 noster
2736 570 2995 619 dominus
3010 575 3085 619 est
3113 569 3284 633 (Psal.
3316 568 3469 631 ‘11-)?
3483 570 3637 618 Facti
3650 580 3783 618 sunt

2146 643 2307 706 quasi
2329 656 2489 690 arcus
2513 641 2723 691 dolosas
2746 657 2762 690 :
2786 641 2956 703 idest,
2986 645 3224 693 tantum
3236 641 3651 701 perversitatis
3672 642 3783 692 ha-

2146 713 2411 773 buerunt,
2438 716 2501 763 ut
2524 712 2854 764 viderentur
2873 726 3047 764 arcus
3071 711 3344 771 dolosas,
3365 712 3470 775 qui
3485 712 3779 765 videlicet.

2146 784 2344 835 fraude
2360 788 2729 835 monstruosa
2747 784 2808 835 in
2822 785 3017 848 ipsum
3045 784 3154 848 [AL
3182 782 3426 848 ipsam],
3454 785 3630 847 cujus
3649 797 3779 836 ma-

2144 856 2317 907 nibus
2339 854 2704 919 tendebatur,
2718 854 2831 906 tela
2846 854 3141 918 dirigeret.
3180 855 3274 906 Sic
3296 856 3420 918 isti,
3441 855 3654 918 inquit,
3676 868 3777 906 au-

2144 926 2364 977 daciam
2377 937 2551 989 quam
2567 925 2640 977 ad
2649 938 2877 977 versum
2887 925 3090 977 hostes
3106 938 3269 988 suos,
3285 938 3422 976 meo
3437 926 3638 977 favore
3649 941 3737 974 con
3748 954 3771 963 -

2145 1001 2430 1061 ceperant,
2444 996 2501 1047 in
2512 1001 2736 1047 contem
2745 1001 2867 1047 tum
2881 996 3066 1047 nostri
3090 995 3644 1060 contumeliamque
3652 1011 3775 1048 ver-

2146 1070 2360 1118 tebant.
2389 1066 2589 1117 Cadent
2613 1068 2674 1115 in
2696 1067 2878 1131 gladio
2892 1068 3170 1132 principes
3184 1082 3381 1116 eorum
3397 1083 3438 1116 α
3451 1068 3650 1131 furore
3662 1069 3771 1116 lin-

2143 1154 2259 1203 gua
2280 1154 2405 1188 sua.
2420 1140 2527 1187 Ista
2537 1138 2891 1189 subsannatio
2906 1153 3095 1188 eorum
3106 1138 3170 1187 in
3187 1143 3338 1188 terra
3352 1138 3611 1203 Egypti.
3632 1142 3767 1196 Quod

2143 1209 2371 1262 duobus
2393 1207 2630 1273 intelligi
2656 1213 2847 1274 potest
2867 1209 3074 1268 modis,
3102 1213 3163 1261 et
3184 1214 3254 1261 ut
3280 1209 3584 1273 videlicet,
3609 1211 3770 1261 dinu-

2144 1281 2377 1333 meratis
2388 1293 2587 1335 eorum
2598 1282 2827 1333 diversa
2842 1286 3015 1333 atate
3031 1281 3403 1345 criminibus,
3422 1283 3769 1345 pronuncia-

2145 1353 2290 1405 verit
2309 1364 2437 1403 esse
2452 1352 2860 1412 rectissimum,
2879 1357 2943 1403 ut
2965 1352 3256 1417 principes
3272 1365 3413 1403 cum
3427 1353 3670 1418 populis
3689 1357 3768 1402 in.

2144 1424 2381 1475 terirent
2397 1438 2409 1473 :
2425 1428 2482 1474 et
2505 1435 2638 1485 qua
2661 1428 2815 1475 esset
2839 1424 3223 1475 subsannatio
3247 1424 3307 1474 in
3335 1429 3495 1475 terra
3517 1426 3763 1488 Egypti.

2144 1495 2312 1557 idest,
2339 1506 2471 1557 qua
2499 1495 2670 1557 [Forte
2685 1494 2851 1558 quas]
2869 1495 3323 1546 contemnebant
3347 1496 3763 1559 prophetarum

2144 1567 2350 1629 minas,
2382 1566 2455 1616 ab
2479 1566 2759 1629 Egyptiis
2779 1564 2996 1616 auxilia
3006 1564 3441 1630 prastolantes,
3456 1567 3763 1631 dignoﬁne

2145 1641 2535 1701 cognosceret,
2559 1642 2615 1688 et
2629 1636 2756 1689 ideo
2780 1636 3329 1699 quasiinsultanter,
3347 1649 3383 1688 a
3402 1642 3759 1697 convincente,

2136 1708 2576 1772 postplagarum
2591 1706 3110 1759 dinumerationem
3127 1706 3401 1759 videatur
3419 1710 3651 1770 illatum,
3663 1709 3758 1758 Ista

442 1790 555 1870 rios
569 1787 860 1870 abierunt,
880 1783 1033 1863 quia,
1058 1781 1322 1870 Egyptis
1347 1779 1493 1870 nihil
1511 1781 1587 1870 ad
1602 1780 1929 1870 juvandum
1951 1794 2041 1870 va-
2064 1795 2119 1870 B
2142 1783 2224 1861 est.
2254 1778 2608 1870 subsannatio
2631 1792 2817 1826 eorum
2850 1778 2922 1870 ‘in
2948 1777 3373 1870 terrarJEI'gyp‘ti,

440 1858 715 1914 lentibus,
733 1854 956 1918 Assyrii
970 1865 1069 1904 eos
1080 1855 1154 1903 ad
1166 1852 1429 1915 regiones
1444 1850 1646 1902 Media
1659 1853 2037 1901 transtulerunt.

445 1931 514 1980 Et
528 1928 664 1992 quia
680 1928 1007 1977 columbam
1018 1922 1403 1988 appellaverat
1418 1921 1665 1982 Effruim,
1680 1933 1851 1984 quam
1869 1923 2043 1974 etiam

444 1999 572 2051 coeli
589 2000 881 2051 volucrem
896 2000 1078 2055 vocat,
1099 2007 1336 2045 servans
1352 1993 1772 2057 metaphoram,
1790 1996 2045 2043 detractu-

444 2083 575 2121 rum
599 2082 662 2120 se
677 2080 824 2132 eam,
843 2072 901 2119 et
912 2071 1243 2129 opertarum
1257 2068 1375 2116 rete
1391 2064 1704 2115 denunciat
1718 2079 1731 2115 ε
1745 2064 1893 2115 idest
1907 2066 2040 2125 Vos,

446 2168 454 2189 ι
464 2142 679 2204 ιωάθω
694 2138 999 2203 imperium
1023 2148 1217 2188 meum
1236 2135 1688 2199 pravaricando,
1704 2135 2041 2200 reliquistis,

444 2224 561 2263 non
577 2217 770 2262 tamen
790 2212 954 2260 extra
964 2207 1264 2258 arbitrium
1278 2218 1473 2256 meum
1483 2207 1816 2265 captivitatem
1833 2208 2040 2269 sistatis,

446 2282 548 2334 sed
573 2280 895 2332 imminebit
917 2277 1097 2338 vobis,
1125 2277 1298 2328 etiam
1315 2276 1387 2327 ad
1404 2276 1513 2326 alia
1528 2286 1668 2327 arva
1686 2277 2040 2336 migrantibus,

444 2353 748 2417 potestatis
762 2361 908 2400 mea
922 2348 1040 2399 fixa
1054 2348 1368 2399 dominatio
1390 2346 1623 2417 ;etideo
1636 2358 1709 2397 ne
1724 2349 2043 2395 arbitremini

446 2416 549 2475 vos
560 2420 898 2485 migratione
908 2420 1021 2469 ista
1035 2418 1301 2481 periculis
1313 2417 1585 2467 omnibus
1597 2416 2041 2481 detunctos,ecce

442 2492 709 2558 pradico,
741 2490 896 2554 quod
917 2488 1032 2540 illic
1048 2500 1278 2551 quoque
1300 2487 1532 2539 ultionis
1554 2500 1699 2540 mea
1722 2492 1841 2539 rete
1860 2488 2042 2552 patia-

441 2563 606 2626 mini,
644 2576 748 2613 nec
782 2562 1241 2623 indignationem
1278 2570 1466 2610 meam
1498 2558 1747 2622 effugere
1780 2559 2037 2622 valeatis,

440 2635 553 2687 nisi
576 2646 642 2685 ea
668 2633 877 2695 studia,
915 2643 1013 2695 per
1036 2642 1168 2694 qua
1194 2630 1475 2681 suscitata
1496 2630 1699 2692 fuerat,
1724 2630 2036 2694 corrigatis.

505 2707 666 2757 Vers.
693 2702 895 2757 13.46.
925 2729 983 2738 —
1018 2702 1101 2751 Va
1130 2702 1206 2750 eis
1230 2704 1495 2765 quoniam
1519 2707 1891 2750 recesserunta
1919 2716 2037 2757 me;

440 2776 814 2834 vastabantur,
835 2790 867 2838 q
878 2774 971 2822 uia
978 2774 1326 2837 pravaricati
1340 2776 1467 2821 sunt
1480 2774 1539 2820 in
1561 2786 1661 2831 me,
1676 2778 1721 2821 et
1731 2787 1823 2835 ego
1839 2772 2040 2822 redemi

438 2862 541 2909 eos,
568 2854 612 2896 et
636 2847 743 2909 ipsi
772 2846 986 2909 loquuti
1007 2850 1134 2893 sunt
1157 2850 1348 2892 contra
1368 2858 1451 2892 me
1463 2843 1911 2894 mendacia.Non
1927 2843 2040 2893 cla-

439 2923 724 2968 mauerunt
750 2927 767 2946 '
793 2918 865 2965 ad
881 2931 963 2965 me
988 2916 1049 2964 in
1072 2915 1227 2964 corde
1248 2929 1364 2975 suo,
1388 2914 1478 2963 sed
1491 2914 1772 2964 ulubalant
1785 2914 1845 2962 in
1858 2914 2041 2963 cubili-

439 2991 533 3038 bus
554 2990 668 3039 suis
691 3006 701 3037 :
719 3003 882 3053 super
893 2988 1134 3036 triticum
1150 2993 1196 3035 et
1213 2987 1404 3035 vinum
1417 2985 1779 3034 ruminabant
1798 3000 2040 3036 :recesse-

433 3067 565 3109 runt
587 3076 622 3109 a
648 3075 747 3110 me.
771 3062 942 3123 b‘tego
952 3058 1185 3120 erudivi,
1201 3063 1247 3106 et
1269 3059 1590 3119 confirmavi
1605 3057 1831 3107 brachia
1845 3072 2032 3107 eorum

434 3139 481 3181 et
504 3134 563 3182 in
591 3148 670 3181 me
694 3132 1061 3195 cogitaverunt
1083 3130 1374 3180 malitiam.
1400 3130 1609 3179 Reversi
1627 3134 1774 3193 sunt,
1788 3134 1847 3177 ut
1867 3135 2033 3178 essent

2144 1851 2468 1916 principum
2497 1854 2669 1912 atque
2691 1849 3053 1913 populorum.
3073 1848 3182 1901 Vel
3204 1854 3363 1900 certe
3386 1851 3531 1913 quia
3545 1851 3757 1901 dixerat

2142 1922 2341 1970 reversi
2362 1926 2487 1971 sunt
2511 1926 2568 1969 ut
2584 1925 2747 1969 essent
2770 1919 2967 1983 absque
2984 1919 3155 1984 jugo:
3179 1920 3354 1983 idest,
3371 1920 3493 1985 legi
3510 1921 3613 1972 Dei
3625 1920 3753 1972 colla

2145 1993 2559 2055 subduxerant,
2583 1990 2920 2053 liberarique
2939 1990 3013 2040 ab
3031 1995 3160 2054 ejus
3187 1991 3341 2054 [Ant.
3365 1993 3453 2042 eis
3459 1992 3477 2055 J
3503 1992 3755 2043 domina-

2145 2065 2298 2116 tione
2321 2064 2646 2128 cupiebant.
2662 2063 2789 2114 Non
2803 2073 2959 2113 nunc
2976 2062 3230 2125 primum
3243 2062 3303 2113 id
3328 2062 3485 2114 velle
3506 2074 3749 2125 ceperunt,

2143 2138 2239 2198 ait,
2267 2136 2369 2188 sed
2392 2137 2452 2186 in
2476 2136 2717 2199 Egypto
2738 2133 2928 2198 positi,
2954 2136 3277 2196 antequam
3304 2146 3342 2184 a
3360 2134 3675 2185 Pharaonis
3694 2136 3752 2185 li-

2143 2209 2478 2259 berarentur
2499 2205 2753 2269 imperio,
2778 2210 2835 2256 et
2858 2203 3043 2268 Moysi
3067 2208 3126 2254 et
3148 2207 3350 2255 Aaron
3374 2205 3669 2270 impietate
3689 2206 3751 2256 si-

2142 2278 2264 2330 mili
2286 2277 2659 2330 resultabant.
2693 2278 2968 2327 Corruent
2981 2275 3161 2339 igitur
3183 2276 3245 2324 in
3280 2275 3470 2339 gladio
3488 2277 3748 2341 principes

2141 2364 2349 2412 eorum,
2378 2348 2478 2413 qui
2513 2349 2594 2398 ita
2614 2345 2801 2410 legem
2835 2346 2939 2397 Dei
2973 2345 3431 2409 blasphemandi
3458 2348 3749 2399 atrocitate

2144 2419 2450 2482 violarunt,
2496 2422 2561 2469 ut
2586 2417 2919 2471 viderentur
2941 2428 3062 2468 non
3088 2420 3209 2467 tam
3241 2430 3457 2482 errare,
3482 2430 3659 2481 quam
3682 2418 3752 2468 fu-

2141 2504 2283 2543 rere.

2734 2586 2964 2637 CAPUT
3000 2585 3127 2636 VIII
3137 2623 3149 2635 .

2205 2705 2367 2755 Vers.
2412 2702 2528 2757 1-3.
2566 2729 2625 2737 -
2657 2701 2722 2750 1η
2744 2706 2956 2765 gutture
2980 2705 3071 2749 tuo
3092 2701 3166 2749 sit
3187 2701 3339 2767 tuba,
3366 2704 3535 2766 quasi
3558 2705 3744 2768 Aquila

2138 2788 2301 2839 super
2323 2774 2548 2823 domum
2559 2772 2906 2835 Domini,pro
2925 2786 2982 2819 eo
3003 2770 3154 2836 quod
3176 2776 3513 2836 transgressi
3531 2782 3657 2824 sunt
3665 2777 3745 2838 [αι

2140 2845 2243 2894 dus
2266 2859 2468 2907 meum,
2493 2848 2537 2893 et
2564 2843 2725 2907 legem
2749 2856 2925 2892 meam
2942 2843 3299 2904 pravaricati
3317 2850 3470 2894 sunt.
3491 2847 3579 2895 Me
3600 2847 3742 2895 invo-

2139 2916 2368 2967 cabant:
2407 2917 2547 2966 Deus
2590 2929 2769 2979 meus,
2809 2915 3163 2977 cognovimus
3205 2920 3252 2963 te
3294 2915 3487 2968 Israel.
3524 2917 3741 2982 Projecit

2136 2989 2301 3040 Israel
2328 2988 2548 3047 bonum,
2574 2987 2834 3035 inimicus
2846 2991 3197 3050 persequetur
3217 3001 3364 3038 eum.
3384 2989 3645 3040 Etiamin
3661 3003 3742 3040 su-

2130 3060 2451 3126 perioribus
2473 3058 2750 3123 partibus.
2774 3057 3098 3108 notandum
3121 3070 3493 3111 essemorem
3506 3061 3735 3125 prophe

2129 3133 2226 3183 tici
2251 3131 2551 3193 sermonis,
2568 3128 2858 3191 admonui,
2872 3129 2973 3191 qui
2995 3129 3270 3191 quotiens
3280 3132 3450 3194 gravi
3460 3145 3625 3180 comm
3634 3136 3735 3181 ins-

432 3204 630 3283 absque
646 3203 782 3283 jugo
808 3218 825 3283 ξ
845 3204 976 3265 ['acti
991 3207 1119 3250 sunt
1142 3202 1303 3283 qua‘si
1326 3216 1487 3283 arcus
1506 3199 2031 3283 dolosus..0adentin
2059 3207 2108 3283 ρ
2131 3206 2286 3255 tione
2311 3201 2637 3283 sonuisset:
2676 3201 2772 3251 vel
2789 3199 3125 3283 'subden‘d‘is
3147 3199 3301 3252 illico

431 3276 614 3339 gladio
639 3275 916 3339 principes
939 3287 1145 3339 eorum,
1172 3288 1207 3322 a
1232 3273 1419 3336 furore
1444 3272 1658 3337 lingua.
1674 3271 1785 3320 Ista
1806 3270 2030 3321 subsan-

434 3348 586 3396 natio
609 3361 796 3394 eorum
807 3349 869 3392 in
885 3351 1030 3394 terra
1040 3345 1281 3408 zEgypti.
1298 3346 1545 3395 Necesse
1559 3347 1667 3403 est,
1679 3343 2034 3406 inquit,cala-

432 3417 631 3469 mitate
643 3428 747 3468 eos
759 3421 779 3444 υ
793 3417 1177 3479 imprimente,
1192 3415 1390 3467 vexari
1401 3414 1501 3477 qui
1511 3419 1873 3465 recesserunt
1888 3430 1917 3461 a
1933 3428 2030 3478 me,

433 3496 491 3541 et
510 3488 655 3550 legis
669 3499 816 3538 mea
841 3492 1060 3537 statuta
1072 3487 1418 3548 transgressi
1433 3489 1699 3545 sunt,nec
1708 3483 1888 3536 semel
1898 3487 2031 3534 istud

431 3560 738 3609 admisisse
752 3558 1025 3615 contenti,
1040 3557 1332 3616 omnibus]
1344 3555 1660 3605 udiciorum
1672 3571 2033 3618 meorum,qua

430 3629 503 3680 ad
529 3626 855 3679 sanandum
876 3625 1006 3675 illos
1031 3625 1283 3686 adhibui,
1296 3624 1567 3674 remediis
1587 3625 1949 3690 obstiterunt,
1975 3632 2035 3679 et

431 3699 599 3762 quasi
616 3697 783 3747 donis
803 3708 872 3746 ac
884 3694 1173 3755 beneﬂciis
1185 3694 1564 3745 redderentur
1578 3695 1797 3756 offensi,
1814 3696 1895 3747 ita
1918 3713 2031 3746 con-

431 3775 520 3821 tra
534 3781 724 3820 meam
739 3766 1196 3818 benevolentiam
1206 3766 1450 3829 ingrata
1458 3767 1671 3817 mentis
1686 3766 1900 3819 scelere
1919 3784 2030 3817 cer-

432 3844 717 3893 taverunt.
748 3840 891 3889 Nam
916 3838 1065 3888 sicut
1084 3841 1205 3900 jam
1228 3836 1362 3888 inde
1387 3850 1459 3888 ex
1488 3840 1729 3903 Egypto,
1752 3839 1833 3889 ita
1856 3842 2030 3892 etiam

432 3924 590 3978 sape
612 3911 775 3973 alias,
793 3921 988 3961 rerum
1012 3921 1243 3972 quoque
1266 3908 1505 3961 vocibus
1528 3913 1957 3976 obstrepebant,
1974 3917 2031 3964 et

426 3997 561 4036 cum
591 3983 838 4034 fuissent
872 3980 945 4031 de
974 3980 1293 4044 angoribus
1315 3979 1558 4043 liberati,
1589 3981 1739 4031 veris
1761 3982 2028 4033 remediis

425 4055 613 4108 officia
638 4054 783 4105 falsa
804 4052 1139 4104 reddebant.
1156 4052 1279 4103 Hoc
1304 4055 1395 4103 est
1415 4054 1573 4102 enim
1592 4052 1749 4115 quod
1772 4053 1882 4104 ait:
1917 4052 2028 4102 Ad-

430 4141 639 4176 versum
673 4139 758 4173 me
779 4123 1137 4188 loquebantur
1166 4124 1470 4174 mendacia.
1517 4123 1693 4186 ldest,
1739 4135 1857 4176 non
1889 4124 2030 4175 mihi

426 4202 670 4263 pectore,
691 4209 787 4248 sec
799 4197 1045 4249 summis
1056 4194 1223 4246 labiis
1235 4193 1647 4246 subdebantur.
1664 4201 1707 4255 ρ
1716 4195 1824 4246 uod
1842 4200 1906 4246 ut
1916 4195 2031 4259 pla-

425 4269 561 4321 nius
583 4269 880 4331 indicaret,
904 4268 1132 4331 objecit,
1168 4266 1296 4317 Non
1328 4267 1703 4316 ctamaverunt
1740 4266 1813 4314 ad
1844 4282 1925 4315 me
1967 4269 2029 4316 in

426 4341 582 4391 corde
628 4356 746 4402 suo,
791 4341 881 4390 sed
909 4339 1196 4389 ululabant
1219 4339 1282 4387 in
1307 4337 1568 4388 cubilibus
1585 4339 1718 4388 suis.
1745 4338 1851 4390 Ubi
1875 4338 2028 4390 enim

427 4413 592 4465 deest
614 4414 857 4464 sincera
877 4412 1089 4463 mentis
1103 4411 1364 4473 aﬂ'ectus,
1378 4423 1414 4462 a
1435 4408 1745 4475 crapulatis
1759 4410 1890 4461 fusa
1900 4423 2029 4475 sup

427 4484 672 4550 plicatio,
693 4485 797 4536 rite
813 4482 1054 4535 ululatio
1069 4483 1417 4535 nominatur.
1431 4482 1688 4547 Denique
1711 4495 2026 4542 consequen-

2131 3274 2376 3335 caussis,
2390 3271 2484 3325 vel
2508 3271 2859 3337 proferendis
2883 3270 3172 3321 similibus
3192 3270 3506 3336 exemplis,
3526 3275 3735 3337 judicia

2131 3360 2238 3401 sua
2265 3352 2324 3399 et
2351 3357 2386 3396 a
2410 3344 2559 3395 fama
2574 3341 2890 3406 iniquitatis
2912 3346 3213 3403 assereret,
3226 3346 3287 3394 et
3309 3346 3628 3397 convenire
3647 3359 3737 3410 per

2131 3422 2341 3470 cuncta
2359 3415 2622 3480 justitia,
2640 3414 3051 3477 comprobaret.
3077 3415 3162 3464 Ita
3173 3425 3311 3477 ergo
3333 3418 3396 3465 et
3418 3427 3581 3466 nunc
3602 3426 3734 3477 post-

2131 3503 2304 3555 quam
2328 3489 2528 3553 culpas
2550 3490 2608 3537 et
2630 3485 2982 3537 calamitates
3004 3486 3334 3537 Israelitica
3359 3486 3549 3550 plebis
3560 3490 3733 3553 expli-

2129 3563 2267 3626 cuit,
2292 3571 2536 3623 eamque
2556 3571 2675 3609 non
2699 3560 2890 3609 solum
2917 3556 3560 3623 acerbitate,sedetiam
3577 3566 3733 3611 vetu-

2130 3640 2280 3686 state
2314 3631 2609 3683 horruisse
2632 3628 2997 3692 monstravit,
3027 3640 3104 3679 ne
3126 3628 3424 3679 videretur
3457 3629 3732 3683 scelerum

2130 3705 2365 3770 quidem
2404 3702 2580 3754 fuisse
2602 3701 2878 3763 convicta,
2903 3699 3007 3751 sed
3036 3704 3230 3751 tamen
3253 3699 3429 3751 vilius
3450 3702 3733 3754 aestimata

2128 3788 2307 3841 quam
2351 3774 2557 3826 Tribus
2587 3774 2618 3824 J
2626 3773 2775 3836 uda,
2797 3783 2929 3836 qua
2944 3772 3056 3824 etsi
3080 3783 3200 3823 non
3217 3775 3417 3841 tantis,
3448 3774 3733 3829 similibus

2130 3840 2327 3900 tamen
2350 3845 2677 3899 sorduisset
2697 3844 2988 3896 erroribus
3014 3843 3171 3895 :ideo
3187 3840 3366 3909 431
3400 3844 3601 3898 subito
3610 3846 3732 3909 ejus

2128 3931 2357 3982 quoque
2393 3915 2742 3981 captivitatis
2770 3913 2964 3967 intth
2997 3914 3373 3978 mentionem,
3398 3926 3584 3978 quam
3607 3920 3733 3981 post

2126 3989 2341 4042 multos
2364 3988 2535 4051 longe
2556 3998 2741 4038 annos
2759 3985 3455 4050 constabatimplendam,
3475 3992 3538 4038 et
3549 3989 3651 4048 ait,
3674 3988 3730 4036 In

2126 4067 2341 4127 gutture
2384 4066 2475 4109 tuo
2513 4060 2581 4107 sit
2607 4057 2752 4117 tuba,
2786 4056 2954 4119 idest,
2981 4056 3183 4108 fauces
3206 4060 3344 4121 tum,
3372 4059 3539 4110 tuba
3560 4059 3733 4110 instar

2125 4134 2469 4194 exclamem,
2482 4129 2618 4194 quia
2628 4143 2792 4193 super
2800 4129 3026 4178 domum
3041 4128 3161 4191 Dei,
3175 4129 3461 4191 templum
3472 4129 3733 4182 videlicet

2124 4203 2500 4268 Jerosolymis
2524 4203 2722 4264 situm,
2737 4200 2900 4264 quasi
2913 4200 3142 4264 Aquila,
3159 4200 3323 4252 ferox
3332 4201 3631 4264 pradator
3638 4201 3733 4254 ad-

2127 4277 2338 4329 veniat.
2374 4276 2500 4327 Non
2519 4272 2675 4338 quod
2697 4272 2893 4336 religio
2918 4271 3049 4336 loci,
3076 4277 3137 4323 et
3146 4272 3336 4324 virtus
3346 4273 3615 4324 numinis
3631 4272 3730 4324 illic

2124 4359 2398 4412 apparere
2423 4344 2593 4409 soliti,
2619 4354 2982 4409 propugnare
3005 4354 3126 4394 non
3147 4348 3368 4407 posset,
3386 4343 3499 4396 sed
3523 4345 3663 4409 quia
3681 4350 3733 4395 et

2122 4421 2308 4484 ipsius
2321 4418 2513 4473 verbis
2526 4416 2811 4480 indigena
2838 4416 3189 4479 transgressi
3212 4420 3353 4467 sunt
3366 4414 3591 4480 fmdus,
3606 4419 3730 4478 quod

2120 4492 2274 4543 inter
2295 4492 2478 4542 Deum
2492 4489 2873 4551 hominesque
2892 4487 3080 4539 fuerat
3104 4498 3479 4550 percussum:
3505 4489 3638 4537 idest
3656 4503 3731 4536 re—

427 4561 515 4609 tel‘
534 4558 624 4622 ad]
634 4556 821 4620 011m,
838 4558 1013 4621 super
1027 4556 1526 4628 τῖ’ίιίουηιεευίητξτέ
1540 4553 1901 4628 (“initiabunt
1912 4570 1933 4628 ξ
1948 4570 2026 4605 νε-
2056 4624 2085 4628 Α
2125 4563 2354 4628 ligionis
2375 4566 2545 4626 pacta
2557 4559 2933 4619 violaverunt,
2947 4558 3319 4610 simulachris
3336 4560 3619 4612 Gentium
3628 4575 3729 4610 ser-

425 4637 690 4680 Ccm‘mn‘
714 4646 750 4679 α
772 4644 882 4691 me;
909 4642 1044 4680 cum
1072 4630 1392 4680 libertatem
1410 4623 1590 4694 436
1618 4626 1885 4699 Videlicet
1905 4627 2020 4679 Ῐτιι-
2048 4624 2104 4698 D
2126 4623 2331 4690 viendo
2348 4650 2361 4687 :
2376 4623 2559 4699 iltque
2575 4645 2786 4685 sensus
2797 4630 3110 4696 ejusmodi:
3129 4633 3361 4693 Quanta
3371 4634 3730 4692 sitjudicsntis

426 4715 570 4766 gum
594 4703 852 4753 omnium
864 4701 1256 4767 contulissem,
1269 4700 1351 4752 ita
1359 4704 1426 4752 ut
1445 4711 1516 4750 de
1531 4698 1815 4751 conviviis
1830 4701 1891 4747 ad
1907 4714 2023 4748 con-

426 4773 582 4827 vivia
595 4774 917 4825 instaurata
931 4773 1259 4837 transirent,
1270 4779 1329 4824 et
1342 4774 1528 4823 instar
1540 4770 1827 4835 pecudum
1836 4774 2026 4832 quibus

426 4848 517 4895 est
539 4845 739 4894 innata
760 4845 1085 4904 ruminatio,
1102 4844 1199 4895 isti
1215 4856 1364 4907 quos
1376 4847 1733 4896 vocaveth
1747 4842 2025 4905 cibos,vel

424 4913 732 4975 laudando,
757 4913 852 4964 vel
865 4914 1259 4979 instaurando,
1277 4914 1445 4979 quasi
1463 4913 1607 4965 nihil
1627 4915 1897 4978 scientes,
1922 4929 2025 4963 me-

425 4984 538 5036 lius
554 4985 962 5048 retractabant,
976 4989 1148 5047 atque
1169 4998 1204 5037 a
1230 4998 1325 5037 me
1344 4986 1445 5049 qui
1462 4998 1620 5037 eram
1650 4985 2021 5038 abundantia

424 5058 607 5122 ipsius
623 5054 1104 5120 collator,jugiter
1124 5058 1485 5109 reCedebant.
1505 5059 1575 5107 Et
1601 5072 1694 5120 ego
1718 5058 1949 5118 erudivi,
1975 5062 2023 5106 et

424 5127 725 5190 confortavi
745 5127 971 5176 brachia
995 5142 1199 5189 eorum,
1214 5135 1261 5177 et
1283 5130 1346 5177 in
1374 5144 1457 5177 me
1479 5132 1844 5193 cogitaverunt
1866 5130 2024 5180 mali-

423 5201 579 5252 tiam.
605 5202 747 5252 Cum
774 5211 929 5264 vero,
960 5197 1167 5263 inquit,
1193 5205 1424 5264 tempus
1446 5201 1670 5265 fuisset,
1695 5207 1761 5253 ut
1783 5202 1841 5252 in
1874 5203 2021 5255 bella

423 5274 809 5334 procederent,
846 5271 1067 5322 strenui
1089 5272 1338 5323 doctoris
1360 5284 1580 5323 munus
1602 5274 1930 5339 implebam,
1957 5280 2022 5328 ut

422 5345 831 5396 certaminibus
863 5344 1228 5395 firmarentur
1248 5344 1462 5407 lacerti,
1483 5351 1541 5396 et
1564 5344 1818 5397 victoria
1841 5346 2021 5399 decus

420 5415 588 5468 dulce
610 5422 929 5481 gustarent.
943 5416 1032 5469 Illi
1045 5424 1240 5469 autem
1253 5416 1401 5470 meis
1418 5417 1494 5469 ad
1503 5429 1733 5469 versum
1744 5430 1838 5471 me
1854 5419 2021 5471 bene-

422 5488 566 5539 liciis
587 5489 918 5549 abutentes,
930 5494 1230 5554 pectorum
1246 5501 1422 5554 quam
1436 5490 2021 5554 collegerant,tirmita-

424 5562 538 5608 tem
552 5558 613 5609 in
628 5565 985 5613 contemtum
994 5559 1138 5625 legis
1152 5565 1416 5626 protinus
1432 5562 1795 5626 exercebant,
1820 5566 1877 5615 et
1898 5565 2020 5624 quia

484 5707 501 5771 ς
527 5699 772 5771 Voculas
795 5703 868 5752 ad
888 5717 971 5752 me
993 5715 1068 5755 ex
1082 5705 1526 5770 Hieronymiana
1545 5706 1792 5771 aliisque
1814 5706 2021 5759 Editio-

419 5766 615 5846 nibus,
627 5770 870 5846 H_ebrao
885 5772 945 5824 id
960 5766 1313 5840 cumprimis
1324 5782 1486 5830 textu
1505 5766 1795 5843 exigente,
1811 5783 2020 5842 supple-

418 5840 629 5888 vimus.
654 5840 1331 5909 Subsequentilversiculo
1353 5861 1454 5913 pro
1478 5840 1799 5912 confirmavi
1816 5840 2016 5904 eadem

2122 4708 2395 4776 gravitas,
2424 4705 2695 4770 intellige,
2715 4716 2823 4756 nec
2847 4703 3247 4776 eamTribum,
3264 4706 3729 4776 quaestiunculas

2120 4775 2264 4845 legis
2288 4777 2640 4842 aliquandiu,
2664 4780 2720 4827 te
2741 4775 3167 4845 pravaricante,
3186 4775 3472 4842 servavit,
3486 4790 3608 4837 qua
3618 4784 3729 4824 tem-

2120 4844 2257 4918 pore
2281 4849 2686 4911 Sennacherib,
2710 4844 2988 4918 miraculo
3018 4846 3278 4898 maximo
3291 4851 3386 4898 est
3399 4847 3725 4900 vindicata:

2121 4917 2254 4988 qua
2286 4922 2482 4974 altaris
2507 4926 2566 4973 et
2589 4918 2813 4983 Templi
2843 4917 2964 4982 agit
2987 4918 3306 4983 conspicua
3335 4923 3395 4970 et
3418 4918 3730 4971 reverenda

2120 4994 2402 5056 subsidio,
2449 5005 2557 5044 nec
2600 4992 2790 5055 ipsam
2823 4989 2973 5054 [Αηι.
3001 4989 3221 5054 ipsum]
3244 4991 3491 5055 inquam
3512 4991 3725 5047 distuli,

2117 5071 2428 5132 postquam
2448 5064 2652 5116 intuos
2674 5074 2864 5113 mores
2887 5061 3113 5126 dilapsa
3133 5068 3229 5115 est
3252 5062 3560 5128 percellere
3583 5062 3727 5127 Mat.

2118 5134 2484 5203 pracellere].
2510 5134 2740 5199 Frigida
2763 5144 3018 5198 namque
3042 5139 3154 5198 est,
3184 5137 3244 5187 et
3265 5135 3412 5186 nihil
3434 5136 3513 5185 ad
3534 5133 3726 5185 defen-

2119 5210 2372 5262 dendum
2398 5209 2619 5271 valens,
2648 5206 2953 5258 nominum
2969 5206 3094 5259 sola
3107 5207 3370 5270 jactatio,
3395 5212 3457 5258 et
3468 5218 3603 5270 qua
3620 5206 3724 5256 im-

2117 5281 2309 5346 puden
2315 5280 2449 5332 tiam
2461 5280 2649 5344 magis
2661 5291 2835 5343 quam
2848 5279 3210 5344 religionemj
3216 5278 3414 5330 udicet
3424 5279 3718 5327 confitentis.

2116 5351 2180 5403 1d
2209 5356 2318 5415 est,
2341 5351 2497 5414 quod
2520 5351 2776 5415 profanis
2800 5349 3007 5402 studiis
3028 5350 3318 5412 inquinati
3352 5348 3547 5401 dicere
3562 5356 3716 5397 tamen

2117 5423 2351 5488 audent,
2378 5425 2535 5476 Deus
2560 5423 2945 5475 nosterlibera
2961 5433 3090 5484 nos,
3104 5420 3204 5484 qui
3224 5425 3280 5471 te
3295 5418 3407 5471 soli
3426 5420 3492 5472 in
3505 5425 3717 5472 totoor—

2116 5496 2187 5547 be
2207 5496 2604 5561 cognovimus,
2627 5499 2687 5548 et
2708 5494 2843 5546 dato
2865 5506 2902 5545 a
2920 5498 2976 5545 te
3002 5491 3234 5544 Israelis
3258 5493 3497 5544 nomine
3521 5491 3716 5557 gloria-

2116 5579 2262 5619 mur.
2289 5568 2541 5632 Operum
2564 5564 2937 5632 quippeapud
2948 5566 3171 5617 bonum
3180 5562 3447 5629 Judicem
3462 5564 3713 5628 graviora

2117 5708 2566 5775 Hieronymiana
2611 5712 2668 5763 et
2706 5706 2957 5774 Vulgata
2993 5707 3201 5773 versio,
3226 5710 3409 5773 atque
3432 5709 3557 5774 ipse
3586 5709 3712 5761 inte-

2115 5784 2235 5836 rius
2259 5783 2465 5836 Noster
2489 5782 2790 5847 confortavi
2817 5783 3038 5843 legunt.

2228 5855 2414 5909 Vetus
2426 5853 2621 5906 Editor
2632 5851 3064 5905 rescribendum
3074 5852 3355 5906 admonet
3369 5851 3711 5919 opprimente.
