3880 6222
50 302 200 356 1001
914 305 984 356 IN
1023 304 1262 356 OSEAM
1296 305 1667 359 COMMENTJ

1776 307 1880 360 US.
1917 309 2124 361 LIBER
2173 310 2557 365 SECUNDUS.
3250 313 3389 368 1002

47 418 209 495 sunt
241 420 735 495 momentaquam
752 415 1195 495 vocumget'ideo
1212 416 1439 467 Israelis
1451 419 1687 495 populus.
1715 429 1771 495 Α
1794 420 1951 495 niam
1973 420 2035 467 in
2079 435 2417 471 aranearum
2456 424 2568 473 telis
2596 424 2703 487 [AL
2751 423 2897 486 telas|
2935 424 3034 472 erit
3056 425 3256 476 vitulus
3287 428 3386 477 Sa-

14 486 17 487 '
48 483 166 545 qui
182 484 416 534 bonum
434 496 610 534 suum
627 484 865 547 cultum,
893 485 1179 549 videlicet,
1203 497 1385 537 sacrm
1405 486 1692 551 religionis

45 553 310 616 abjecit,
337 554 590 604 inimicis
623 556 1108 618 persequentibus
1140 557 1484 620 subjacebit.

122 660 301 711 Vers.
323 659 374 714 4.
390 688 450 698 -
482 661 595 724 Ipsi
624 666 1009 724 regnaverunt,
1025 667 1071 710 ct
1094 677 1285 711 nonca:
1301 664 1695 728 me.Principes

45 731 481 794 exstiterunt,“
511 747 621 779 non
644 733 884 795 cognovi.
915 734 1219 796 Argentum
1251 748 1414 781 suum
1430 741 1692 782 claurum

14 818 17 823 λ
44 816 235 849 suum
249 801 495 864 fecerunt
506 802 607 849 sibi
623 802 793 862 idola,
810 808 865 850 ut
884 803 1195 853 interirent.
1215 808 1370 852 Vetus
1384 808 1693 867 ista,inquil,

14 918 15 921 η
45 888 182 932 erga
196 889 281 920 me
295 875 473 933 populi
489 877 798 921 contumacis
811 877 1013 922 insania
1025 883 1098 922 est
1114 889 1126 923 :
1147 876 1270 923 olim
1285 890 1455 922 meum
1469 877 1690 936 regimen

50 946 156 1005 abj
169 943 331 994 icere
354 945 500 1007 lAnt.
523 944 612 1007 ειη
622 944 802 1008 acere}
822 944 1135 997 festinavit.
1164 947 1309 995 Nam
1328 947 1497 1008 quasi
1515 960 1689 1006 parum

14 1062 17 1065 .
53 1018 256 1077 esset,
278 1015 437 1077 quod
451 1016 603 1065 sicut
618 1016 853 1077 reliquae
867 1017 925 1066 in
939 1017 1179 1066 circuitu
1195 1017 1691 1077 nationes,regibus

46 1085 279 1148 magis,
297 1098 475 1148 quam
487 1086 885 1137 sacerdotibus
901 1086 1131 1138 obedire
1157 1087 1438 1148 decrevit,
1454 1091 1521 1134 ita
1538 1090 1687 1134 etiam

14 1188 17 1193 -
48 1157 234 1206 brevi
254 1160 532 1220 tempore,
559 1156 727 1206 istam
750 1160 1149 1217 reverentiam,
1170 1171 1291 1221 qua
1314 1170 1349 1209 a
1373 1170 1466 1209 me
1492 1170 1687 1221 regem

14 1280 15 1283 η
46 1226 494 1291 postulaverat,
521 1227 842 1291 dereliquit,
862 1234 917 1279 et
936 1233 1091 1279 totus
1110 1232 1685 1280 extradominalioneni

14 1324 15 1331 ι
44 1302 330 1348 nostram
357 1298 675 1349 consistere
690 1299 1125 1363 concupiscens,
1141 1300 1276 1351 fecit
1290 1301 1399 1350 sibi
1412 1302 1684 1363 principes,

42 1382 214 1431 quos
232 1382 343 1419 nec
356 1370 742 1433 sacerdotum,
756 1383 862 1420 nec
876 1372 1309 1434 prophetarum,
1326 1372 1417 1421 vel
1429 1370 1683 1421 nobilita-

44 1444 141 1491 ret
168 1438 401 1501 electio,
431 1440 524 1491 vel
548 1441 869 1491 benedictio
894 1447 1259 1492 consecraret
1282 1443 1417 1504 ;sed
1448 1442 1566 1504 qui,
1589 1453 1683 1492 me

42 1511 233 1575 quasi
258 1511 580 1575 nesciente,
609 1513 758 1562 aulae
776 1515 908 1574 jura
929 1513 1308 1575 susciperent,
1326 1525 1522 1575 Sicque
1545 1525 1684 1562 con-

47 1587 297 1632 textum
324 1582 385 1631 in
409 1582 746 1633 criminibus
766 1584 1115 1646 obtinentes,
1133 1583 1681 1634 utimmeritissimis

45 1653 402 1715 quibusque
422 1654 1009 1716 sull'ragiaetdivitias
1024 1668 1163 1705 suas
1194 1654 1680 1718 impenderentsi—

48 1727 361 1772 mulacliris,
383 1725 683 1786 Argentum
706 1741 822 1785 ergo
835 1732 879 1773 el
908 1742 1111 1773 aurum
1131 1741 1293 1774 suum
1324 1725 1680 1787 feceruntsibi
1704 1741 1759 1814 B

50 1795 207 1814 .‘,J-l_
241 1795 695 1814 -.‘f.-l-._:___ull'\..
726 1799 897 1814 .-ηιιηλ
944 1799 1159 1814 γμ-ᾼ,ν18“
1202 1803 1267 1814 ηκι
1321 1799 1449 1814 1ν¹ΑΑη
1504 1812 1509 1814 .
1563 1805 1669 1814 ‘_,___

48 1795 297 1857 idola,ut
312 1795 700 1846 interirent.De
713 1799 900 1856 quibus
912 1812 1066 1856 supra
1078 1799 1291 1861 dixerat,
1308 1799 1376 1845 Et
1388 1805 1679 1860 argentum

53 1880 108 1912 ιη
122 1865 490 1928 ultiplicaviet
504 1880 729 1929 aurum,
749 1882 865 1929 qua:
885 1867 1125 1929 fecerunt
1143 1868 1364 1916 Baalim
1376 1869 1522 1930 Ergo
1546 1880 1680 1917 cum

49 1943 263 1987 essent
286 1948 417 1987 mea
445 1936 781 1987 liberalitate
792 1936 972 1997 ditati,
991 1937 1266 2001 sacrilege
1282 1940 1676 1989 abutebantur

51 2006 405 2069 indultis,de
428 2007 782 2058 ornamentis
800 2006 1043 2058 domoru
1056 2020 1115 2058 m
1128 2008 1510 2072 fanorumque
1527 2010 1677 2059 ludi-

58 2079 184 2129 bria
202 2081 521 2127 fabricanles.
540 2080 581 2126 Α
593 2086 840 2141 rgentum
860 2096 975 2139 ergo
990 2086 1031 2127 et
1052 2095 1254 2128 aurum
1269 2082 1676 2142 suum/iecerunt

52 2148 161 2197 sibi
177 2150 346 2211 idola,
362 2155 418 2196 ut
434 2150 731 2197 interirent.
749 2150 1008 2200 Notanda
1018 2149 1247 2214 locutio,
1261 2168 1410 2212 quam
1422 2166 1675 2200 sacrorum

55 2220 647 2283 prmeipuelibrorum
664 2222 992 2283 frequentat
1009 2223 1340 2285 auctoritas,
1354 2224 1452 2273 ubi
1465 2222 1677 2287 princi-

57 2293 270 2354 paliter
303 2291 380 2354 id,
417 2292 571 2353 quod
600 2297 687 2341 est
710 2305 1093 2355 consequens,
1120 2293 1449 2345 collocatur.
1476 2295 1538 2343 1d
1564 2299 1673 2356 est,

54 2365 305 2425 fecerunt
320 2362 424 2410 sibi
443 2361 606 2420 idola,
630 2367 685 2409 ul
704 2365 1006 2426 interirent,
1021 2377 1155 2413 cum
1168 2374 1183 2391 '
1202 2377 1320 2415 non
1338 2364 1531 2415 studio
1546 2376 1674 2429 per-

57 2432 262 2496 eundi,
291 2432 400 2482 sim
412 2432 644 2484 ulachra
658 2433 931 2494 fecerunt,
959 2434 1059 2485 sed
1085 2435 1220 2497 quia
1243 2434 1519 2499 fecerunt,
1544 2447 1669 2486 me-

59 2509 265 2556 rentur
291 2504 488 2567 perire.

119 2611 297 2660 Vers.
324 2607 377 2661 5.
416 2608 466 2662 6.
511 2636 570 2645 -
602 2609 874 2673 Projectus
910 2611 931 2639 "
974 2615 1047 2659 est
1070 2610 1274 2658 vitulus
1294 2616 1437 2673 tuus,
1470 2611 1671 2660 Sama-

62 2683 149 2729 ria
172 2682 385 2728 :iratus
416 2686 487 2728 est
509 2683 670 2741 [uror
697 2696 846 2729 meus
886 2682 947 2729 in
974 2682 1067 2744 eis,
1092 2696 1368 2745 usquequo
1390 2697 1503 2729 non
1534 2686 1674 2744 pole-

66 2758 198 2801 runt
246 2752 545 2799 emundari
576 2755 601 2801 ?
629 2753 769 2809 Quia
803 2767 869 2800 cae
892 2753 1059 2800 Israel
1081 2758 1125 2799 et
1154 2754 1266 2815 ipse
1289 2767 1305 2800 :
1326 2753 1529 2812 arti/ca:
1550 2752 1671 2813 fecit

66 2825 227 2886 illud,
254 2821 439 2887 438
464 2829 511 2870 et
538 2838 652 2870 non
674 2829 743 2871 est
769 2824 925 2872 Deus.
953 2825 1017 2872 In
1042 2826 1269 2873 cunctis
1294 2827 1559 2873 versmus
1581 2824 1674 2872 in-

66 2896 428 2959 dignationis
450 2894 620 2955 plena
644 2894 1005 2956 conquestio.
1037 2887 1201 2953 Quod
1224 2899 1540 2957 spontanee
1562 2894 1672 2943 ini-

67 2972 291 3030 quitate
308 2963 572 3027 prolapsa
589 2967 686 3026 sis,
701 2966 905 3028 inquit,
918 2977 951 3014 o
967 2978 1109 3028 gens
1125 2966 1416 3015 beneliciis
1433 2967 1518 3014 tui
1533 2977 1671 3015 con-

68 3037 269 3088 ditoris
292 3037 535 3098 ingrata,
562 3038 926 3087 adversnatis
949 3036 1317 3100 potissimum
1342 3034 1669 3086 testimonio

68 3108 491 3172 comprobatur.
516 3109 649 3158 Esto
673 3110 847 3174 enim,
868 3112 931 3158 ut
956 3107 1322 3158 discretionis
1337 3111 1455 3158 tuae
1473 3117 1491 3136 °
1510 3110 1668 3155 aciem

68 3181 225 3243 copia
252 3191 447 3228 rerum
469 3191 535 3227 ac
552 3182 829 3229 securitas
845 3179 1225 3241 oblimaverit,
1240 3178 1668 3242 putaverisque,

1794 502 2003 540 marine.

1861 562 2016 611 Vers.
2053 560 2103 613 7.
2149 588 2203 597 —
2231 564 2373 621 Quia
2395 571 2609 615 ventum
2646 566 3012 627 seminabunl,
3046 570 3092 615 et
3119 568 3383 617 turbinem

1789 636 1983 679 malent
2016 646 2028 677 :
2054 631 2262 681 culmus
2280 639 2431 682 stans
2458 651 2568 684 non
2584 643 2655 686 cst
2692 640 2751 687 in
2769 638 2791 667 δ
2816 639 2908 697 eis,
2934 652 3149 701 germen
3177 654 3287 687 non
3310 640 3390 700 fa-

1789 704 1885 750 ciet
1920 702 2201 763 farinam:
2228 706 2373 767 quod
2402 707 2448 753 si
2468 713 2515 754 et
2544 708 2739 768 fecerit,
2766 709 2935 757 alieni
2957 708 3224 757 comedent
3249 724 3383 759 eam.

1789 772 2036 823 Consilia
2070 778 2186 836 tua,
2204 774 2408 838 inquit,
2431 775 2542 827 nisi
2567 779 2923 840 perturbaret
2945 779 3208 842 imitatio,
3228 780 3385 843 judi-

1790 854 1949 894 cares
1962 856 2075 894 non
2094 857 2223 895 esse
2241 850 2394 907 deos,
2409 860 2558 908 quos
2575 860 2752 898 manu
2764 849 2996 899 artificis
3012 864 3220 898 noveras
3232 853 3386 899 fuisse

1786 918 2157 978 compositos.
2177 918 2423 967 Secutus
2446 923 2536 967 est
2552 919 2827 982 deinceps
2850 919 3076 969 hostilis
3098 923 3383 983 incursus,

1785 986 2028 1035 numina
2052 990 2149 1036 tua
2169 999 2301 1036 cum
2319 1000 2440 1037 suis
2467 991 2681 1051 periere
2705 987 3044 1049 cultoribus,
3070 1003 3176 1041 nec
3198 993 3386 1054 magis

1784 1058 1992 1105 morari
2018 1061 2333 1111 vastantes.
2363 1070 2538 1120 quam
2559 1071 2903 1109 aranearum
2931 1057 3027 1108 fila
3048 1064 3381 1121 potuerunt:

1785 1131 1979 1177 tamen
1995 1129 2167 1177 etiam
2179 1127 2270 1178 his
2287 1141 2477 1179 rerum
2495 1130 2723 1193 periclis
2736 1129 3128 1181 obstinatione
3143 1138 3189 1177 et
3201 1133 3387 1191 impru-

1784 1196 1979 1248 dentia
1991 1198 2272 1259 restitisti,
2291 1210 2397 1249 nec
2415 1200 2615 1251 sordes
2626 1199 2853 1264 profani
2864 1203 3046 1249 Latum
3069 1200 3268 1250 talium
3283 1201 3383 1251 ab.

1777 1267 1951 1331 jicere
1975 1270 2212 1319 curasti:
2239 1269 2440 1320 merito
2475 1283 2608 1333 ergo
2633 1274 2690 1322 et
2709 1276 2846 1321 vota
2871 1273 2972 1320 tua
2993 1274 3052 1319 et
3074 1281 3277 1321 omnes
3302 1270 3386 1322 la-

1781 1340 1971 1399 bores,
1996 1339 2075 1388 ita
2096 1338 2391 1389 frustratio
2414 1339 2776 1405 lachrymosa
2792 1345 3197 1403 consequetur,
3214 1349 3267 1388 ut
3284 1357 3383 1390 non

1780 1409 2138 1459 frumentum
2151 1409 2399 1460 videaris
2423 1412 2762 1473 seminasse,
2778 1412 2879 1462 sed
2896 1417 3155 1473 ventum,
3172 1427 3263 1460 nec
3286 1416 3387 1472 spi-

1781 1492 1878 1529 cas
1901 1479 2001 1528 sed
2036 1480 2323 1529 turbinem
2347 1482 2670 1531 messuisse
2697 1495 2711 1531 :
2742 1483 2799 1532 id
2824 1485 2933 1543 est,
2976 1482 3129 1545 apud
3158 1488 3213 1533 te
3242 1484 3383 1534 nihil

1779 1549 2087 1601 fertilitatis
2101 1550 2522 1613 liirmilatisque
2534 1553 2873 1611 remanebit,
2891 1553 3107 1602 utsolet
3123 1554 3182 1603 in
3195 1557 3379 1618 culmo,

1779 1622 1950 1684 cujus
1971 1622 2303 1684 proceritas,
2326 1634 2425 1684 per
2446 1622 2698 1684 aliquam
2723 1623 2873 1673 aeris
2896 1623 3185 1685 injuriam,
3205 1626 3381 1687 spicae

1784 1692 2199 1755 plenitudinem
2222 1705 2334 1742 non
2352 1694 2649 1744 creaverit.
2678 1696 2763 1743 ita
2778 1694 2955 1756 igitur
2979 1697 3035 1743 et
3053 1699 3133 1758 tu,
3171 1698 3381 1755 inquam

1784 1764 1928 1813 nihil
1939 1763 2311 1814 emolumenti
2328 1762 2398 1814 de
2413 1765 2527 1814 tuis
2551 1765 2845 1815 laboribus
2868 1765 3255 1829 consequeris,
3271 1778 3380 1817 nec

1778 1834 1891 1886 ulla
1903 1834 2141 1885 culturae
2154 1834 2838 1898 respondebitindustria,
2857 1837 2955 1886 sed
2971 1837 3164 1884 etiamsi
3180 1838 3377 1903 aliquid

1777 1907 1847 1956 de
1870 1906 2127 1967 reliquiis
2171 1905 2376 1968 priscae
2411 1904 2716 1955 fertilitatis
2741 1905 2980 1970 coeperit
3001 1918 3293 1970 apparere,
3316 1906 3375 1957 id

1776 1980 1966 2028 totum
1994 1976 2053 2026 in
2085 1976 2338 2026 hostium
2363 1976 2560 2027 veniet
2585 1980 2948 2039 potestatem.

1838 2048 2001 2097 Vers.
2021 2048 2191 2099 8.-10.
2226 2047 2521 2095 Devoratus
2542 2054 2613 2095 est
2633 2047 2818 2105 Israel,
2844 2061 2992 2095 nunc
3013 2047 3188 2109 factus
3214 2053 3287 2096 est
3310 2048 3371 2096 in

1774 2118 2089 2167 nationibus
2119 2118 2277 2179 quasi
2312 2132 2405 2165 vas
2431 2119 2798 2165 immundum.
2832 2118 2971 2175 Quia
2996 2120 3102 2182 ipsi
3124 2119 3375 2167 ascende-

1772 2194 1903 2236 runt
1926 2189 2000 2237 ad
2012 2188 2204 2250 Assur,
2219 2202 2422 2249 onager
2439 2189 2716 2237 solitarius
2735 2188 2837 2235 sibi
2857 2202 2869 2237 :
2888 2187 3121 2251 E/Traim
3139 2203 3371 2238 munera

1774 2259 2033 2307 dederunt
2056 2259 2389 2306 amatoribus
2413 2259 2544 2309 suis.
2578 2259 2680 2308 Sed
2704 2264 2752 2306 ct
2780 2273 2904 2306 cum
2925 2260 3157 2308 mercede

1772 2328 2155 2377 conduxerunt
2178 2329 2431 2376 nationes
2450 2342 2463 2377 :
2486 2343 2635 2376 nunc
2657 2327 2984 2391 congregabo
3008 2344 3107 2390 eos,
3129 2334 3175 2377 et
3198 2334 3374 2394 quies-

1772 2404 1887 2448 cent
1918 2400 2197 2464 paulisper
2234 2398 2300 2447 ab
2323 2414 2480 2447 onere
2510 2400 2649 2461 regis
2668 2404 2714 2447 et
2741 2400 3076 2463 principum.
3108 2402 3370 2464 Repetitu

1771 2470 2008 2522 assiduo
2032 2482 2099 2521 ea
2121 2482 2254 2532 quas
2264 2470 2662 2530 comminatur,
2686 2473 3010 2533 exasperat,
3024 2474 3091 2521 ut
3103 2470 3373 2524 adverso-

1772 2553 1901 2592 rum
1924 2543 2098 2605 longa
2142 2542 2448 2604 descriptio
2499 2553 2735 2591 sensum
2779 2541 2999 2593 timoris
3032 2546 3295 2605 exacuat,
3321 2543 3369 2593 si

1772 2612 2060 2675 quomodo
2076 2613 2411 2675 priusquam
2427 2611 2752 2674 puniantur,
2776 2611 3133 2674 corrigantur
3143 2615 3366 2673 obnoxii,

1771 2684 2026 2733 exterriti
2053 2683 2452 2745 :proindejam
2476 2685 2697 2732 statum
2717 2682 2909 2745 ipsum
2930 2682 3175 2744 captivae
3185 2682 3368 2746 plebis

1770 2753 2011 2816 inducit,
2047 2757 2105 2804 et
2137 2753 2475 2804 devoratam
2501 2765 2630 2803 eam
2660 2757 3079 2815 consequenter
3100 2754 3366 2817 appellat,

1770 2836 1902 2887 quae
1925 2830 2016 2875 est
2035 2824 2224 2887 posita
2246 2826 2357 2874 sub
2380 2824 2616 2874 arbitrio
2634 2824 3133 2874 consumentium:
3159 2825 3367 2889 cuique

1769 2907 1887 2946 non
1909 2901 2156 2958 amplius
2179 2896 2249 2945 ad
2274 2895 2722 2946 internecionem
2748 2894 3017 2957 supersit,
3048 2895 3160 2945 nisi
3183 2907 3368 2957 quan-

1770 2971 1897 3017 tum
1918 2968 2111 3018 feritas
2124 2967 2482 3017 vincentium
2499 2966 2865 3016 successibus
2883 2965 3112 3028 expleta
3121 2966 3367 3017 donave-

1768 3038 1843 3089 rit
1862 3039 2155 3087 Devoralus
2178 3043 2249 3086 est
2282 3037 2489 3101 inquit,
2520 3036 2700 3098 Israel,
2739 3038 2916 3099 factus
2952 3043 3021 3085 est
3045 3037 3105 3085 in
3131 3038 3367 3087 nationi-

1768 3108 1863 3157 bus
1886 3109 2046 3173 quasi
2071 3124 2161 3157 vas
2190 3110 2559 3158 immundum.
2601 3108 2941 3171 Superllcies
2973 3107 3205 3170 quidem
3232 3120 3367 3160 sen-

1768 3182 2071 3231 tentiarum
2091 3179 2359 3231 resultat:
2381 3181 2482 3230 sed
2507 3184 2792 3242 quantum
2809 3179 2881 3229 ad
2900 3191 3141 3230 sensum
3162 3184 3363 3240 respicit

68 3250 435 3329 divinitatem
477 3249 706 3329 bubulis
739 3251 931 3329 inesse
951 3251 1322 3329 .simulach‘ris
1349 3249 1422 3329 (id
1459 3261 1670 3329 quippe
1693 3254 1741 3329 ρ
1768 3252 2153 3329 explanantur
2162 3250 2770 3329 prmmissasubj‘ectis.
2786 3250 2933 3329 Quid
2950 3252 3101 3300 enim
3122 3252 3365 3329 devora-

69 3323 306 3385 opinari,
331 3324 505 3371 etiam
546 3322 820 3371 finitimas
842 3325 1108 3373 nationes
1156 3322 1433 3384 videbas),
1466 3323 1670 3371 saltem

70 3406 194 3444 cum
224 3393 493 3444 tristibus
514 3392 649 3444 laeta
670 3395 931 3457 mutasti,
957 3400 1015 3445 et
1038 3395 1223 3446 victor
1248 3395 1434 3445 hostis
1471 3392 1586 3455 illa,
1611 3394 1673 3442 in

72 3468 281 3528 quibus
293 3465 564 3515 fiduciam
588 3478 885 3529 posueras,
899 3466 1138 3517 delubra
1152 3471 1318 3518 vasta
1327 3469 1599 3527 vit,atque
1610 3469 1672 3512 ad

72 3538 373 3589 arbitrium
406 3540 531 3600 ejus
566 3537 954 3600 (indignationi
1000 3542 1195 3589 tamen
1219 3549 1383 3597 meae,
1410 3549 1581 3598 quem
1609 3541 1671 3586 tu

72 3610 402 3672 reliqueras,
430 3612 748 3671 servientis)
776 3608 870 3660 vel
893 3608 1101 3672 dejecti
1131 3614 1288 3672 sunt,
1322 3607 1415 3660 vel
1438 3607 1671 3658 conflati

77 3681 233 3731 vituli
247 3693 398 3741 quos
415 3692 767 3740 sacraveras,
781 3681 1029 3731 debuisti
1051 3680 1336 3744 opinionis
1350 3684 1467 3730 tua;
1477 3681 1668 3728 crimen

76 3750 423 3813 horrescere,
442 3756 507 3799 ut
531 3756 772 3801 sentires
791 3750 935 3801 nihil
968 3752 1068 3801 tibi
1091 3753 1216 3814 opis
1232 3752 1305 3801 ab
1321 3751 1670 3814 imaginibus

76 3829 363 3873 mutarum
386 3822 676 3884 pecudum
690 3835 860 3886 posse
876 3824 1133 3886 conferri,
1151 3835 1284 3886 quae
1306 3835 1414 3873 nec
1439 3834 1502 3873 se
1528 3822 1671 3872 vela

74 3894 337 3956 ludibrio,
356 3896 447 3944 vel
469 3895 541 3943 ab
566 3896 742 3943 exrtio
758 3894 1174 3945 vindicassent.
1200 3897 1268 3945 Et
1293 3898 1359 3945 ut
1382 3907 1512 3957 qua:
1530 3897 1670 3943 sunt

73 3972 189 4016 acta
212 3972 576 4029 repncemus,
615 3966 700 4015 Tu
735 3967 991 4029 inquam,
1017 3979 1050 4016 o
1084 3973 1312 4030 popule,
1351 3980 1484 4017 cum
1507 3978 1668 4016 esses

75 4037 354 4096 conscius,
374 4037 510 4099 quia
524 4038 634 4087 illis
653 4038 1020 4088 simulachris
1035 4040 1335 4088 materiam
1351 4042 1412 4088 tu
1425 4040 1665 4099 dedisses,

77 4108 493 4161 tucontulisses
508 4109 774 4173 efﬁgiem,
800 4122 1017 4173 perque
1040 4110 1150 4159 hoc
1172 4108 1546 4171 intelligeres,
1562 4109 1668 4157 im-

78 4184 151 4241 pie
166 4187 224 4232 te
239 4180 525 4243 appellare
541 4182 702 4245 deos,
714 4185 811 4245 qui
830 4188 928 4233 tuo
946 4181 1223 4233 beneflcio
1243 4180 1664 4240 substitissent,

76 4254 276 4312 quibus
294 4264 433 4302 sane
449 4264 566 4301 non
591 4254 768 4303 vitam
797 4254 931 4304 dare
954 4252 1379 4316 potuisses,sed
1393 4253 1663 4300 formam:

79 4325 278 4385 tamen,
298 4324 406 4374 etsi
416 4323 557 4374 illud
571 4336 741 4376 omne
754 4330 1001 4388 tempus,
1012 4322 1167 4387 quod
1184 4324 1242 4373 in
1255 4324 1369 4373 otio
1385 4326 1670 4370 luxuriante

76 4393 422 4454 delluxxt,nis
437 4406 668 4459 quoque
683 4396 1015 4447 temulentis
1028 4396 1233 4445 ritibus
1247 4404 1663 4457 occupaveras:

76 4465 463 4530 saltem,postq
471 4478 603 4517 nam
613 4470 949 4518 inanitatem
962 4467 1201 4518 culturae
1214 4467 1344 4516 talis
1355 4479 1668 4525 consequens

77 4548 325 4588 aerumna
346 4539 612 4600 conVicit,
632 4538 884 4589 debuisti
895 4538 1155 4602 protinus
1179 4530 1249 4587 de
1264 4539 1663 4589 emendatione

1770 3326 1895 3374 tum
1918 3322 2282 3386 appellasset,
2296 3321 2549 3373 ostendit
2572 3321 2657 3370 :id
2675 3326 2783 3379 est,
2810 3322 2978 3383 cujus
2994 3333 3165 3373 omne
3188 3322 3364 3373 robur

1767 3395 1917 3445 uerit
1939 3396 2308 3457 exhaustum,
2335 3399 2393 3444 et
2418 3396 2517 3457 qui
2547 3394 2710 3446 facile
2735 3398 2938 3457 posset
2966 3395 3363 3444 internecione

1770 3466 2052 3528 consumi,
2080 3466 2129 3515 si
2149 3470 2258 3515 hoc
2281 3462 2510 3528 quoque
2523 3470 2783 3531 posceret
2809 3464 2894 3516 ira
2916 3464 3363 3515 dominantium.

1769 3539 1940 3588 Porro
1951 3537 2031 3588 illi
2042 3536 2322 3587 addendis
2346 3537 2731 3597 contumeliis,
2752 3536 2907 3599 quod
2927 3536 3124 3585 minus
3139 3538 3365 3598 saeviore,

1769 3613 2163 3672 compensant,
2203 3612 2259 3659 et
2285 3607 2413 3658 ideo
2435 3621 2554 3659 non
2582 3608 2924 3660 interimunt
2947 3606 3271 3667 universos,
3306 3610 3368 3656 ut

1768 3680 2021 3731 habeant
2043 3692 2189 3742 quos
2227 3691 2454 3743 semper
2482 3680 2847 3737 exhorreant,
2885 3682 3059 3741 atque
3084 3677 3366 3728 invidisse

1768 3753 1954 3815 magis
1971 3751 2174 3802 solatia
2189 3755 2409 3811 mortis,
2429 3763 2604 3814 quam
2619 3753 2753 3803 vitae
2765 3749 3042 3801 beneficia
3053 3747 3368 3800 contulisse

1768 3823 2091 3874 videantur.
2134 3822 2301 3873 Haud
2335 3823 2493 3873 enim
2515 3823 2760 3873 miseros
2806 3819 3066 3871 fruenda
3110 3820 3245 3881 luci,
3266 3819 3366 3870 sed

1770 3893 2005 3945 ferendo
2031 3905 2334 3945 servavere
2364 3893 2688 3957 despectui:
2722 3896 2781 3943 et
2804 3892 2931 3942 ideo
2955 3891 3053 3952 ait,
3084 3892 3275 3940 Factus
3296 3897 3367 3939 est

1767 3964 1930 4013 Israel
1946 3964 2005 4012 in
2020 3963 2332 4012 nationibus
2349 3964 2509 4025 quasi
2522 3978 2611 4011 vas
2631 3962 3001 4010 immundum.
3018 3961 3179 4021 Quod
3192 3962 3368 4012 inter-

1767 4040 1958 4099 pretes
2001 4042 2020 4063 ⁸
2062 4034 2174 4095 alii,
2222 4034 2509 4092 matulam,
2556 4034 2991 4082 transtulerunt.
3038 4033 3365 4094 Nunquam,

1764 4106 1966 4168 inquit,
1994 4104 2239 4155 honesto
2267 4102 2440 4153 Israel
2465 4102 2767 4165 delegatus
2790 4101 2979 4151 ofllcio
3013 4105 3121 4162 est,
3147 4106 3213 4151 ut
3238 4106 3367 4164 post

1763 4175 2045 4228 libertatis
2069 4180 2127 4225 et
2151 4174 2560 4225 dominationis
2582 4172 2853 4235 insignia,
2875 4171 3076 4222 saltem
3089 4171 3239 4222 inter
3254 4186 3366 4224 ser-

1767 4260 1872 4299 vos
1895 4245 2203 4298 liberaliter
2226 4248 2576 4306 censeretur,
2603 4243 2705 4294 sed
2731 4242 2900 4305 quasi
2922 4252 3026 4292 vas
3043 4244 3114 4291 ad
3139 4247 3363 4293 natura:

1766 4318 2040 4380 requisita
2063 4316 2468 4380 compositum,
2492 4315 2572 4365 ita
2594 4313 3071 4366 contumeliarum
3095 4313 3363 4363 sordibus

1766 4390 1845 4439 im
1851 4388 2202 4452 plebatur.Et
2222 4390 2367 4438 bene
2391 4389 2842 4436 commemorata
2857 4383 3160 4434 nationum
3173 4384 3366 4433 condi-

1765 4458 2271 4520 tione,cumulavit
2293 4458 2567 4519 injuriam
2587 4454 2831 4506 dicendo
2854 4468 2867 4503 :
2892 4455 3082 4502 Factus
3105 4458 3175 4500 est
3199 4453 3363 4502 Israel

1767 4532 1827 4579 in
1871 4530 2182 4579 nationibus
2225 4529 2384 4592 quasi
2415 4542 2506 4576 vas
2532 4526 2899 4574 immundum.
2932 4527 3015 4574 Ac
3049 4523 3097 4573 si
3131 4523 3361 4588 diceret,

79 4620 283 4671 curare,
297 4613 355 4659 et
372 4575 713 4661 oblimaium
742 4574 981 4661 rationis
997 4610 1190 4673 ignem
1215 4612 1569 4670 experimentis
1585 4610 1664 4655 vi-
1684 4574 1741 4647 D
1767 4604 1913 4661 Heu,
1940 4604 2051 4673 heu
2066 4574 2471 4673 quamiilebilis
2482 4598 2607 4673 fuit,
2621 4602 2678 4646 et
2702 4608 2880 4673 quam
2895 4606 3105 4673 magna
3119 4606 3362 4673 conver-

77 4683 332 4740 gentibus
343 4681 397 4730 [ο
407 4693 555 4743 vere,
573 4685 887 4745 sordesque
902 4687 1048 4741 tuas,
1068 4683 1281 4744 quibus
1294 4682 1481 4731 fueras
1492 4680 1664 4730 indu-

81 4753 176 4815 tus,
191 4764 427 4803 exuere.
459 4754 623 4813 Quod
644 4755 781 4816 quia
793 4766 910 4804 non
934 4755 1137 4816 feeisti,
1154 4754 1357 4803 merito
1380 4753 1667 4803 exclamat

78 4826 368 4888 propheta:
395 4823 675 4888 Usquequo
694 4839 808 4873 non
821 4830 1077 4888 poterunt
1101 4825 1393 4873 emundari
1408 4826 1431 4873 ?
1448 4823 1581 4885 quia
1596 4837 1663 4871 ea:

80 4892 289 4944 lsraelet
302 4897 430 4958 ipse,
467 4896 670 4957 arti/“ea:
701 4896 823 4958 fecit
856 4896 1010 4956 illud,
1041 4901 1086 4945 et
1112 4910 1222 4944 non
1245 4903 1315 4944 est
1338 4895 1508 4943 Deus:
1535 4907 1663 4957 quo-

135 5047 147 5065 '
174 5038 393 5090 Monuit
407 5045 464 5090 et
479 5040 632 5103 prior
648 5040 933 5091 Editorita
946 5038 1401 5101 rescribendum,
1414 5051 1527 5086 non
1549 5041 1663 5086 stu-

81 5107 173 5170 dio,
195 5123 300 5174 pro
330 5123 445 5173 quo
469 5117 639 5162 antea
671 5116 795 5162 erat
818 5117 998 5160 nostro
1020 5112 1218 5161 studio.

134 5181 150 5205 "
179 5183 391 5232 Vitiose
422 5183 698 5246 scriptum
722 5187 841 5234 erat
872 5184 1071 5233 Pictus.

135 5261 149 5278 ε
170 5255 359 5315 Atque
402 5253 529 5303 heic
572 5269 752 5301 acrem
797 5255 999 5305 vitiose
1029 5253 1327 5317 legebatur
1348 5263 1449 5315 pro
1472 5250 1661 5312 aciem,

83 5326 216 5382 quod
230 5325 772 5375 restituimusﬁesti
782 5326 921 5376 tuim
931 5338 995 5375 us
1006 5339 1206 5385 quoque
1216 5322 1547 5371 oblimavcrit
1561 5336 1665 5369 ver-

84 5391 216 5454 bum,
250 5396 406 5458 quod
429 5408 565 5445 mox
593 5398 875 5458 sequitur,
903 5401 960 5447 et
973 5409 1074 5461 pro
1087 5407 1201 5457 quo
1218 5398 1386 5443 antea
1400 5406 1656 5453 perperam

82 5461 355 5527 legebatur
370 5466 734 5519 oblineaveril.
748 5469 979 5519 Dictum
991 5471 1081 5518 est
1092 5472 1149 5517 et
1163 5465 1477 5516 Claudiano
1487 5466 1658 5511 eodem

83 5542 294 5591 omnino
320 5550 519 5602 sensu,
543 5538 761 5588 oblimat
799 5540 955 5603 copia
978 5544 1195 5587 mentes.
1238 5536 1348 5588 Sed
1370 5541 1429 5587 et
1456 5536 1665 5586 Noster

83 5607 315 5672 interius,
355 5610 580 5658 debuisti
614 5611 931 5660 oblimalum
975 5610 1206 5659 rationis
1241 5607 1421 5672 ignem
1445 5607 1661 5672 experi-

86 5684 256 5733 mentis
274 5681 572 5745 vigentibus
591 5681 786 5743 fovere.

134 5752 151 5780 ⁴
172 5755 365 5807 Minori
379 5766 620 5805 numero
643 5756 873 5805 Hieron.
890 5759 947 5805 et
963 5754 1130 5818 Vulg.
1148 5754 1211 5803 in
1225 5765 1300 5802 eo.
1319 5750 1468 5811 Quin
1482 5749 1657 5802 etiam

85 5822 340 5882 Hebrmus
390 5831 587 5879 textus
612 5827 813 5877 11'9‘R
841 5828 1020 5906 map.

340 5944 603 5998 PATROL.
642 5941 810 5996 XXI.

1765 4674 1869 4737 sio,
1897 4678 1960 4723 ut
1982 4671 2074 4722 ille
2092 4670 2355 4735 p0pulus,
2370 4671 2469 4731 qui
2493 4667 2653 4718 solus
2677 4666 3008 4730 magisterio
3026 4664 3361 4730 sacraalegis

1762 4746 1911 4797 inter
1930 4745 2150 4795 munda
2174 4738 2881 4801 didiceratimmundaque
2904 4737 3244 4799 discernere,
3262 4738 3356 4801 qui

1762 4816 1887 4867 ideo
1904 4817 2244 4877 segregatus
2255 4826 2290 4862 a
2311 4812 2537 4862 cunctis
2548 4813 2669 4861 erat
2686 4808 2980 4872 gentibus,
3004 4820 3077 4858 ne
3090 4820 3223 4858 eum
3237 4823 3356 4856 con-

1764 4888 1914 4952 tagio
1944 4884 2058 4936 ulla
2086 4884 2188 4948 [AL
2212 4883 2349 4947 ullo]
2380 4882 2687 4946 pollueret:
2724 4893 2882 4931 nunc
2905 4891 3103 4932 earum
3125 4891 3358 4943 quoque

1823 5039 1842 5059 ·
1889 5029 2143 5087 Veteres,
2185 5031 2344 5091 puto,
2387 5028 2616 5077 Graecos
2667 5022 2875 5083 innuit,
2927 5022 3357 5091 Symmachum,

1761 5102 2026 5165 Aquilam
2035 5115 2053 5159 ;
2071 5090 2539 5159 TheOdotionem,
2553 5101 2683 5157 etc.,
2701 5108 2732 5145 e
2744 5107 2990 5157 quorum
3004 5090 3195 5145 tamen
3208 5095 3355 5158 frag-

1760 5174 1973 5224 mentis
2009 5183 2197 5233 neque
2242 5169 2335 5220 hic
2359 5168 2542 5231 locus,
2580 5165 2653 5218 ad
2684 5166 3002 5217 faciendam
3037 5167 3119 5216 rei
3163 5166 3352 5224 fidem,

1761 5246 2137 5308 superat;sed
2162 5245 2354 5305 potest
2376 5241 2579 5302 utique
2594 5253 2667 5291 ex
2679 5241 2788 5292 hoc
2806 5237 2996 5290 Nostri
3012 5236 3355 5308 testimonio,

1761 5315 1809 5366 si
1836 5307 1979 5365 tanti
2031 5313 2314 5371 videatur,
2351 5325 2485 5363 cum
2507 5311 2633 5362 aliis
2661 5308 2958 5363 nonnullis
2990 5307 3353 5365 lectionibus,

1760 5399 1905 5450 quas
1933 5398 2041 5436 nos
2064 5384 2215 5449 apud
2251 5384 2663 5446 Hieronymum
2701 5385 3092 5438 observamus,
3119 5389 3353 5450 nupera:

1758 5447 2508 5520 Collectioni'llexaplorum
2550 5454 2705 5505 addi.
2760 5455 3007 5504 Sanctus
3032 5452 3227 5501 autem
3261 5447 3351 5498 hic

1758 5532 1925 5581 Pater
1934 5541 2048 5579 non
2062 5527 2401 5591 alios,quam
2413 5527 2690 5578 Hebraeos
2703 5520 3190 5587 interpretationis
3204 5522 3353 5578 hujus

1756 5607 2021 5654 auctores
2048 5600 2192 5655 facit,
2228 5590 2599 5660 immundum,
2632 5596 2839 5659 inquit,
2866 5610 2976 5657 vas,
3013 5594 3120 5642 sive
3144 5590 3353 5653 inutile,

1756 5673 1963 5723 Ilebrtei
1984 5672 2250 5721 matulam
2296 5672 2500 5727 vocant,
2526 5682 2653 5731 qua,
2703 5671 2834 5728 etc.,
2862 5666 3095 5716 Graecos
3120 5675 3226 5714 nec
3247 5674 3355 5713 no-

1757 5747 1955 5798 minat.

2993 5921 3060 5977 32
