3880 6222
530 285 668 341 1003

1591 280 1855 333 RUFINO
1888 276 2344 332 PRESBYTERO
2376 276 2756 330 ASCRIPTUS

3752 282 3830 341 ιω

522 391 1035 468 gentiumjudicio
1074 389 1497 468 comprobatur
1522 390 2053 468 immundus,__qute
2083 402 2119 442 a
2139 398 2191 468 Α
2217 388 2347 468 ideo
2369 399 2576 468 nempe
2610 387 2693 439 rei
2714 386 3256 468 divinninstituta
3277 387 3521 468 curatio
3541 393 3830 468 estanus.

522 460 722 533 primis
748 464 885 514 vitae
900 461 1071 513 annis
1090 473 1274 522 usque
1290 460 1362 510 ad
1376 463 1667 533 postrema
1684 462 1934 522 vivendi,
1954 472 2117 524 squa-

521 531 640 589 lore
663 534 1014 598 llagitiorum
1050 534 1306 582 omnium
1332 531 1693 582 sorduerunt.
1717 535 1914 594 Itaque
1933 534 2121 580 Factus

521 614 594 657 est
616 608 676 656 in
702 604 1016 654 nationibus
1040 603 1199 666 quasi
1224 617 1315 651 vas
1338 602 1711 650 immundum.
1738 604 1877 661 Quia
1908 602 2014 665 ipsi
2038 616 2123 649 as-

521 678 813 730 cenderunt
838 674 911 723 ad
931 677 1121 733 Assur,
1137 673 1624 735 onagersolitarius
1639 674 1757 721 sibi.
1783 673 1846 723 ld
1863 677 1970 736 est,
1991 684 2122 735 quae

522 750 797 809 diximus,
831 744 1071 809 Assyrio
1107 744 1407 806 inl'erente,
1442 744 1745 805 patientur.
1771 743 1872 793 Cui
1896 747 2121 793 tantum

520 816 849 872 eminentiae
871 816 933 866 in
956 815 1176 867 viribus
1210 814 1483 865 collatum
1511 827 1639 864 esse
1673 814 2031 876 perspicient,
2057 817 2122 864 ut

521 891 593 941 ad
630 902 765 941 eum
810 887 906 949 qui
931 885 1208 949 pervenit,
1254 884 1588 934 ascendisse
1621 883 1861 935 dicatur.
1892 888 2119 946 Onager,

521 966 717 1013 autem
739 957 1019 1008 solitarius
1034 955 1153 1018 sibi,
1179 955 1252 1005 ad
1279 956 1510 1005 Etfraim
1530 954 1917 1005 referendum:
1935 954 1993 1005 id
2011 960 2118 1018 est,

521 1027 1011 1095 onagersolitarius
1034 1026 1159 1074 sibi:
1182 1024 1419 1089 Eﬂ‘raim
1436 1039 1668 1073 munera
1692 1025 1950 1074 dederunt
1973 1039 2123 1074 ama-

522 1103 742 1152 toribus.
781 1097 1054 1163 Populus,
1089 1098 1293 1159 inquit,
1315 1096 1670 1158 Judeeorum,
1711 1097 1810 1159 qui
1840 1096 2000 1147 nulla
2022 1108 2122 1147 ex-

527 1179 820 1225 ternorum
858 1170 1225 1234 patiebantur
1253 1168 1510 1231 imperia,
1549 1167 1651 1217 sed
1675 1167 1860 1225 instar
1899 1167 2116 1230 onagri,

518 1246 729 1310 jugum
747 1247 805 1294 et
827 1252 1002 1293 onera
1023 1239 1351 1290 nescientes
1370 1253 1384 1302 ;
1400 1238 1471 1310 de
1497 1238 1705 1310 quibus
1725 1240 1925 1289 beatus
1942 1238 2122 1289 David

521 1316 582 1367 in
598 1316 699 1365 Dei
716 1312 885 1364 laude
903 1310 1203 1373 cecinerat,
1221 1310 1326 1368 Qui
1346 1309 1589 1357 habitare
1611 1309 1743 1371 facit
1763 1310 1926 1357 unius
1951 1310 2121 1357 moris

521 1387 584 1434 in
608 1385 765 1434 domo
790 1381 955 1445 (Psat.
981 1380 1091 1443 67.)
1118 1396 1129 1430 :
1153 1379 1432 1443 singulari
1465 1379 1731 1432 videlicet
1759 1379 2120 1431 institutione

523 1455 825 1521 pollentes,
840 1453 902 1504 in
919 1458 1069 1504 terra
1089 1450 1567 1514 Repromissionis
1590 1450 1724 1501 fecit
1748 1450 2023 1521 habitare.

584 1528 691 1577 Hic
707 1537 862 1588 ergo,
883 1525 1140 1586 inquam,
1168 1522 1269 1585 qui
1292 1534 1500 1584 expers
1524 1522 1908 1572 damnationis
1941 1517 2116 1587 440

523 1599 818 1658 humanae,
835 1595 1048 1647 divinis
1065 1598 1289 1645 tantum
1302 1593 1657 1644 subdebatur
1671 1593 1940 1656 imperiis,
1966 1604 2121 1643 nunc

520 1669 665 1721 adeo
681 1669 864 1719 iratus
876 1670 1050 1729 atque
1062 1664 1437 1715 contristatus
1450 1667 1558 1725 est,
1572 1668 1636 1714 ut
1653 1663 1887 1714 beatum
1900 1678 1951 1711 sc
1963 1668 2121 1725 putet,

523 1741 575 1791 si
590 1740 642 1791 ei
659 1739 747 1792 vel
762 1738 1015 1790 servitus
1027 1736 1272 1788 honesta
1288 1734 1600 1798 contingat.
1619 1736 1851 1784 Munera
1864 1734 2120 1783 dederunt

523 1810 879 1862 amtoribus.
894 1808 997 1859 Sed
1014 1813 1193 1856 etcum
1209 1807 1443 1855 mercede
1454 1805 1833 1855 conduxerunt
1846 1806 2088 1854 nationes
2105 1820 2119 1853 :

522 1897 672 1931 nunc
688 1880 1017 1944 congregabo
1040 1892 1141 1928 eos.
1179 1880 1321 1928 Cum
1362 1878 1629 1941 castigari
1652 1878 1725 1928 ob
1750 1877 2123 1941 profanitates

524 1965 663 2004 suas
686 1952 882 2003 decem
910 1950 1168 2001 tribuum
1191 1949 1356 2000 turba
1370 1951 1701 2010 mereretur,
1717 1947 2008 2012 prophetis
2026 1947 2125 1998 de-

522 2024 935 2075 nunciantibus
948 2022 1321 2085 Assyriorum
1334 2022 1415 2070 eis
1428 2019 1714 2083 promissa
1724 2022 1813 2070 est
1829 2021 2122 2069 dominatio.

524 2096 634 2147 Sed
656 2094 864 2155 Judaei,
878 2105 1114 2157 prorsus
1131 2104 1263 2143 eum
1279 2092 1541 2141 animum
1564 2090 2121 2152 comminationibus,

524 2178 698 2229 quem
737 2166 913 2216 etiam
959 2164 1188 2227 Tribus,
1233 2162 1598 2221 exhibentes,
1646 2162 1991 2211 exstiterunt
2026 2172 2126 2223 per

524 2239 719 2287 omnia
762 2239 1161 2295 contumaces,
1214 2231 1658 2293 malueruntque
1703 2231 1797 2281 vel
1829 2232 2124 2294 ngyptios

524 2305 789 2357 mercede
804 2304 1139 2363 conducere,
1167 2314 1343 2364 quam
1368 2303 1639 2364 Assyriis,
1658 2302 1870 2364 quibus
1881 2315 1978 2353 eos
1996 2302 2127 2351 sub-

521 2376 757 2439 jiciebat
779 2374 976 2426 divma
996 2372 1299 2435 sententia,
1316 2371 1633 2435 subjugari,
1647 2372 1767 2422 Hoc
1777 2380 1976 2433 estergo
1990 2374 2123 2432 quod

525 2447 723 2509 dicit,q
730 2445 823 2496 uia
834 2444 1124 2508 proposito
1140 2443 1646 2504 fornicandi,quasi
1661 2446 1947 2495 amatores
1957 2446 2128 2491 volue-

526 2518 643 2569 rint
680 2515 979 2579 Aelgyptios
1034 2513 1297 2577 experiri,
1342 2519 1399 2564 et
1447 2515 1590 2577 ipsis
1619 2525 1860 2564 munera
1918 2520 2125 2578 sponte

528 2588 991 2646 transmiserunt,
1006 2596 1314 2648 annuaque
1337 2584 1623 2648 stipendia
1642 2584 1886 2636 inlatum
1906 2585 1988 2637 ire
2004 2586 2127 2650 poi-

526 2658 664 2710 liciti
688 2662 842 2721 sunt,
878 2659 926 2707 si
950 2669 1150 2707 eorum
1181 2655 1396 2707 auxilio
1419 2654 1764 2719 pellerentur
1796 2658 2037 2722 Assyrii,
2068 2662 2127 2709 et

527 2731 936 2794 prophetarum
957 2727 1326 2778 comminatio
1340 2727 1685 2779 vinceretur.
1701 2726 1857 2778 Dixit
1868 2728 2122 2792 proinde,

529 2801 803 2865 quoniam
833 2812 958 2848 cum
980 2799 1216 2847 mercede
1248 2799 1628 2847 conduxerunt
1660 2799 1927 2862 nationes,
1954 2799 2124 2864 idest,

528 2873 842 2936 Egyptios,
880 2884 1029 2918 nunc
1071 2867 1396 2932 congregabo
1429 2883 1513 2917 eos
1535 2868 1594 2919 in
1626 2871 2034 2933 captivitatem,
2065 2871 2124 2922 id

528 2950 639 3007 est,
682 2941 1027 3006 pertraham,
1054 2944 1111 2991 et
1142 2940 1487 2993 denunciato
1517 2940 1837 2992 dominatui
1868 2944 2124 3006 Assyriae

528 3015 719 3078 gentis
727 3013 1008 3064 addicam.
1026 3010 1365 3075 Congregabo
1377 3025 1479 3071 eos,
1497 3013 1595 3075 ait,
1606 3024 1680 3063 ne
1693 3014 1824 3075 quis
1839 3013 2125 3067 videretur

530 3085 798 3148 eil'ugere.
813 3083 883 3133 Et
914 3083 1178 3147 quiescent
1207 3081 1877 3145 paulisperabonereregis
1892 3089 1936 3131 et
1960 3087 2125 3148 prin-

530 3158 729 3221 cipum.
748 3156 871 3205 Hoc
881 3166 1022 3250 cuin‘
1035 3153 1296 3204 irrisione
1311 3154 1541 3250 videtur;
1561 3151 1803 3250 illaturnl,
1820 3159 1882 3205 ut
1898 3160 2121 3250 requiem
2154 3175 2203 3250 Ο

532 3229 792 3250 ..ζΔΑΙΞΑΑδ
837 3239 982 3250 οισι-,ιη
1030 3229 1144 3250 nun.
1181 3237 1303 3250 nam
1363 3237 1494 3250 num
1540 3225 1715 3250 ..ἔειπΛο
1744 3227 1758 3250 ὅ
1822 3232 1893 3250 ιιι,
1957 3231 2095 3250 l)-__nl

532 3229 799 3283 videlicet
835 3226 1150 3291 appellaret
1179 3237 1326 3289 eam,
1361 3237 1496 3289 quis
1514 3225 1723 3277 fuisset
1744 3226 1901 3278 illata
1927 3229 2116 3297 [Forte,

533 3313 708 3365 quam
750 3300 957 3351 fuisset
991 3297 1235 3360 illatura]
1270 3298 1591 3360 captivitas.
1622 3297 1686 3348 Id
1710 3302 1815 3360 est,
1840 3308 2121 3363 quantum

534 3372 788 3425 consiliis
800 3371 921 3422 suis
937 3369 1261 3442 studiisque
1272 3369 1678 3442 promo‘verint,
1691 3382 2123 3442 recognoscent,

535 3457 668 3496 cum
689 3442 902 3494 fuerint
920 3441 1269 3504 congregati,
1308 3451 1442 3491 cum
1463 3438 1524 3489 in
1555 3439 1742 3491 aliena
1765 3443 1966 3495 exules
1988 3438 2129 3500 arva

534 3513 924 3579 migraverint,
975 3511 1310 3563 desinentes
1346 3510 1632 3572 siquidem
1665 3514 1757 3563 vel
1779 3514 1852 3564 ab
1876 3519 2127 3582 Assyriis

535 3590 832 3650 immrata,
852 3583 942 3635 vel
973 3587 1291 3645 spontanee.
1305 3582 1585 3655 Egyptiis
1605 3583 1819 3635 tributa
1852 3591 2125 3655 praebere,

537 3660 674 3711 totis
700 3658 917 3708 viribus
936 3656 1327 3713 exsequentur
1341 3654 1507 3715 jussa
1529 3653 1910 3720 dominorum,
1929 3666 1995 3712 ut
2017 3653 2128 3715 hoc

537 3728 691 3793 quod
715 3729 929 3799 tributa
972 3723 1180 3799 inferre
1221 3728 1545 3799 cessarunt,
1570 3728 1631 3778 in
1665 3725 1951 3783 malorum
1982 3747 2130 3799 aug-

539 3804 800 3853 mentum
825 3796 934 3847 sibi
949 3794 1199 3847 cessisse
1214 3794 1519 3847 fateantur.

600 3875 763 3925 Vers.
796 3867 972 3923 11-14.
1006 3895 1065 3905 —
1102 3866 1243 3924 Quia
1264 3866 1645 3932 multiplicauit
1666 3872 1905 3938 Eﬂ'raim
1927 3875 2134 3929 alatria

539 3946 613 3997 ad
631 3942 982 4010 peccandum,
1007 3939 1294 4003 factesunt
1316 3939 1483 3989 ciam
1506 3942 1568 3989 in
1590 3944 1858 3998 delictum.
1887 3947 2133 3999 Scribam

542 4028 559 4048 ι
576 4018 649 4067 είς
682 4013 996 4086 multiplices
1019 4012 1150 4086 leges
1186 4026 1351 4086 meas,
1389 4026 1507 4086 quas
1527 4015 1677 4065 velut
1698 4017 1887 4067 aliena:
1908 4035 2133 4086 compu-

543 4095 659 4141 tata
668 4091 809 4138 sunt.
828 4084 1043 4135 Hostias
1053 4082 1207 4146 affer,
1220 4082 1376 4148 affer,
1393 4085 1753 4138 immolabant
1765 4105 1971 4157 carnes,
1997 4082 2042 4142 et
2052 4109 2135 4143 co-

542 4162 776 4212 medent:
801 4159 1069 4209 Dominus
1083 4171 1196 4205 non
1209 4158 1457 4221 suscipiet
1478 4174 1585 4223 eas,
1598 4175 1744 4211 nunc
1767 4165 2135 4215 recordabilur

543 4234 858 4299 iniquitates
900 4244 1105 4292 eorum,
1132 4233 1176 4277 et
1198 4228 1432 4301 visitabit
1451 4238 1666 4301 peccata
1688 4249 1874 4284 eorum
1903 4252 1918 4285 :
1943 4238 2050 4301 ipsi
2072 4239 2134 4287 in

544 4309 837 4371 Egyptum
872 4305 1260 4353 convertentur.
1306 4300 1375 4349 Et
1409 4300 1601 4351 oblitus
1629 4309 1701 4353 est
1736 4306 1901 4356 Israel
1915 4300 2136 4370 factoris

544 4381 631 4428 sui
646 4387 690 4429 et
713 4375 995 4440 aediﬁcavit
1017 4373 1261 4424 delubra.
1297 4372 1368 4422 Et
1388 4372 1563 4423 Judas
1585 4376 1964 4442 multiplicauit
1984 4380 2136 4430 urbes

545 4450 806 4508 munitas,
844 4453 889 4496 et
904 4447 1121 4496 mittam
1155 4445 1337 4507 ignem
1364 4443 1428 4493 in
1455 4444 1689 4496 civitates
1704 4448 1835 4511 ejus,
1860 4455 1906 4499 et
1923 4451 2138 4499 άευονα.

2219 463 2443 522 piarent
2464 469 2579 508 arae
2617 469 2765 519 quos
2802 458 3025 521 flagitia
3069 457 3445 522 poliuissent
3473 474 3486 508 :
3515 456 3688 525 44|
3730 474 3832 517 nunc

2218 531 2413 579 autem
2442 528 2523 577 ita
2548 528 2788 578 miseros
2804 530 3040 579 funesta.
3056 528 3467 590 convolvunt,
3486 539 3561 580 ut.
3574 544 3831 595 nanque}:

2220 600 2303 649 eis
2326 597 2579 661 gravius,
2599 609 2771 659 quam
2794 598 2951 660 apud
2967 611 3106 649 aras
3126 600 3463 661 contigerit
3482 600 3572 649 im
3581 604 3724 662 piari
3740 612 3831 653 am-

2220 667 2343 716 bam
2359 668 2431 715 eis
2456 666 2773 730 multiplices
2797 668 2929 730 leges
2967 684 3142 729 meas,
3180 684 3310 732 qua
3336 670 3486 717 velut
3520 672 3721 721 aliene
3743 690 3833 723 c.23-

2219 743 2413 802 putatae
2436 742 2579 785 sunt.
2607 737 3000 801 tlonfugiendo
3022 741 3099 790 ad
3113 747 3360 803 gentes,
3379 741 3608 803 inquit,
3630 748 3688 793 et
3706 762 3831 796 ex:

2218 809 2445 858 misceri
2458 808 2662 858 ritibus
2673 810 3467 871 ambiendo,absolvendam
3482 825 3702 872 ξαππς
3716 820 3725 862 i
3740 832 3835 876 ῆς»

2223 881 2545 929 taanostraa
2555 878 2699 942 legis
2711 879 2995 930 molestiis
3008 882 3367 932 aestimavit.
3379 885 3479 930 Sed
3493 888 3738 943 quoniam
3752 904 3835 947 ps

2221 954 2310 999 StO
2322 954 2413 1000 est
2431 960 2697 1000 censurae
2726 962 2894 1012 mete,
2913 950 3081 1001 freno
3098 958 3290 1014 atque
3304 965 3492 1004 camo
3522 957 3735 1013 profana
3752 972 3833 1006 EC!-

2221 1019 2536 1070 tumacium
2561 1031 2657 1070 ora
2671 1026 2986 1085 conterere,
3000 1022 3381 1086 impunitum
3404 1024 3495 1074 eis
3507 1036 3831 1087 praeceptam

2218 1101 2336 1141 non
2358 1102 2489 1141 esse
2512 1095 2891 1153 contemtum,
2916 1092 3044 1156 ipse
3071 1094 3301 1158 pandet
3319 1098 3829 1149 eventus.Scribsa

2220 1161 2371 1211 enim
2388 1161 2459 1209 eis
2483 1161 2805 1224 multiplices
2836 1162 2969 1225 leges
2992 1178 3144 1212 meas
3179 1180 3312 1229 quae
3340 1166 3494 1213 velut
3519 1168 3719 1216 aliene
3738 1186 3830 1217 6.65-

2214 1236 2415 1294 putatae
2440 1235 2738 1283 sunt.Rem
2771 1238 2969 1284 autem
2986 1248 3163 1298 quam
3178 1238 3474 1288 facturus
3497 1243 3634 1290 erat
3655 1250 3825 1292 amnti

2214 1302 2527 1363 judicantis
2565 1304 2872 1366 expressit,
2908 1305 3011 1366 qui
3035 1307 3333 1369 scriptam
3385 1307 3549 1359 solet
3583 1313 3657 1360 de

2218 1373 2455 1424 recitare
2480 1374 2850 1424 sententiam.
2888 1376 3076 1439 Leges
3106 1376 3300 1440 igitur
3330 1391 3534 1444 meas,
3581 1393 3716 1444 qua:
3737 1385 3827 1433 olim

2218 1448 2615 1507 promulgatae,
2639 1447 3075 1496 Deuteronomii
3091 1450 3409 1513 praecipue
3428 1450 3831 1505 volumineces

2221 1516 2496 1576 tinentur,
2522 1514 2915 1578 multipliciter
2948 1518 3011 1567 in
3044 1530 3147 1568 eos
3176 1521 3456 1571 scribam
3513 1540 3525 1569 :
3555 1523 3617 1572 id
3641 1530 3741 1577 est.
3762 1539 3829 1575 ei-

2224 1596 2435 1647 sequar
2468 1589 2640 1648 atque
2665 1586 2996 1639 cumulabo.
3047 1589 3175 1639 Tibi
3210 1603 3363 1655 ergo
3384 1627 3405 1653 ,
3452 1597 3523 1643 ut
3569 1593 3645 1645 de
3675 1598 3829 1646 multis

2220 1668 2404 1719 pauca
2426 1668 2835 1720 memoremus,
2854 1659 2917 1708 in
2930 1659 3090 1711 hunc
3105 1663 3363 1712 modum
3389 1676 3602 1717 sermo
3643 1668 3829 1719 concis-

2224 1726 2378 1777 ditur
2395 1742 2407 1776 :
2434 1729 2595 1788 Quod
2612 1728 2661 1777 si
2675 1728 2876 1780 audire
2898 1729 3158 1782 nolueris
3176 1745 3400 1784 vocem
3412 1736 3659 1787 Domini
3675 1739 3825 1788 Deis:

2225 1765 2369 1777 νη...
2395 1765 2407 1776 .
2437 1765 2595 1788 κων-.-
2612 1765 2661 1777 υ.
2675 1765 2876 1780 υ-υιυιιιν
2898 1765 3158 1782 μυιυυιιῠ
3186 1765 3204 1784 v
3218 1765 3400 1784 υυυω
3412 1765 3659 1787 υυωωλ
3675 1765 3777 1788 νει
3792 1765 3825 1788 ua

2150 1765 2205 1839 B
2222 1798 2519 1849 custodias
2552 1803 2610 1848 et
2630 1799 2803 1851 facias
2827 1802 3024 1852 omnia
3045 1804 3337 1855 mandata
3361 1808 3531 1869 ejus,
3555 1813 3620 1859 et
3643 1824 3829 1857 cerea;-

2220 1871 2347 1944 nias
2371 1882 2515 1944 quas
2531 1882 2637 1933 ego
2663 1872 2937 1935 praecipio
2955 1873 3056 1923 tibi
3082 1875 3283 1939 hodie,
3330 1881 3593 1929 venient
3617 1892 3771 1944 super
3788 1892 3824 1931 te

2220 1939 2652 1991 maledictiones
2676 1944 2826 2001 istas,
2852 1947 2911 1994 et
2933 1946 3388 2007 apprehendent
3410 1956 3493 2000 te.
3523 1939 3824 2002 Maledicta

2222 2013 2334 2063 eris
2357 2012 2417 2062 in
2460 2013 2710 2074 civitate,
2739 2015 3084 2066 maledictus
3129 2017 3195 2068 in
3240 2030 3436 2082 agro:
3487 2024 3822 2074 maledictum

2221 2084 2492 2155 horreum
2515 2088 2699 2144 tuum,
2721 2086 3044 2138 maledictse
3060 2089 3334 2152 reliquiae
3357 2102 3505 2155 tuae,
3519 2095 3824 2146 maledictis

2222 2154 2446 2207 fructus
2470 2156 2615 2206 uteri
2630 2158 2731 2217 tui,
2751 2161 2809 2207 et
2831 2157 3057 2209 fructus
3075 2164 3252 2212 terra:
3271 2167 3396 2214 tuae
3417 2178 3433 2213 :
3462 2154 3693 2214 armenta
3711 2169 3821 2214 ὶιυζὲ

2223 2230 2478 2288 tuorum,
2510 2229 2567 2276 et
2591 2234 2800 2291 greges
2829 2231 3031 2280 ovium
3072 2235 3341 2283 tuarum.
3369 2236 3722 2289 Maiedictus
3744 2240 3824 2290 eris

2223 2297 2639 2371 ingrediens,et
2659 2299 2996 2351 maledictus
3020 2305 3361 2365 egrediens.
3389 2307 3523 2357 Has
3540 2310 3824 2371 igiturleges

2223 2367 2732 2431 multiplicaturum
2744 2382 2805 2420 se
2816 2371 3137 2433 profanatis
3154 2373 3436 2437 plebibus
3450 2367 3825 2431 comminatur.

2222 2441 2438 2488 Hostias
2453 2439 2708 2503 afferunt,
2733 2447 2779 2489 et
2811 2442 3187 2494 immolabant
3210 2462 3427 2508 carnes,
3458 2455 3512 2499 ct
3545 2453 3823 2500 cernentem:

2222 2512 2489 2587 Dominus
2512 2525 2621 2587 non
2639 2513 2893 2587 suscipiet
2915 2527 3005 2563 eas
3020 2530 3037 2563 .'
3063 2531 3223 2566 nunc
3240 2521 3824 2587 recordabitur,iniqai-

2226 2584 2348 2655 tatis
2364 2582 2373 2645 [
2382 2582 2821 2655 Atiniquitates]
2832 2588 3312 2650 corum.Popuius
3324 2592 3581 2653 quidem
3601 2582 3819 2655 Sami-ia.

2223 2652 2389 2728 idest,
2408 2654 2608 2728 decem
2624 2655 2848 2717 Tribus,
2870 2668 2989 2708 non
3009 2658 3210 2711 minus
3231 2652 3533 2714 sacriﬁcia
3559 2677 3693 2728 qua
3714 2652 3819 2716 vero

2223 2724 2345 2799 Deo
2364 2722 2650 2775 olferenda
2672 2729 2853 2799 erant,
2868 2738 3056 2789 quam
3071 2729 3296 2791 judicia
3320 2738 3383 2783 et
3408 2722 3710 2799 praecépta
3720 2738 3817 2799 ejus

2223 2798 2662 2868 contemserant.
2683 2796 2887 2846 Tribus
2910 2803 3112 2850 autem
3128 2800 3323 2864 Judaa,
3347 2808 3584 2857 sororia
3594 2796 3816 2868 impietate

2222 2866 2472 2917 necdum
2485 2868 2839 2926 sordescens,
2855 2872 3051 2921 tamen
3063 2884 3269 2923 curam
3279 2876 3545 2934 abjecerat
3557 2866 3815 2928 hostiarum.

2284 2940 2430 3014 Ergo
2467 2937 2528 2987 in
2558 2937 2830 3014 qualitate
2860 2952 3115 3005 morum,
3154 2946 3346 3008 pergit
3393 2959 3505 2999 eos
3549 2950 3815 3014 prophetia

2223 3011 2592 3082 conjungere,
2622 3013 2679 3059 et
2709 3011 2817 3059 sub
2839 3014 3216 3065 accusatione
3246 3018 3515 3082 Israeiis,
3542 3011 3812 3074 transilui

2221 3082 2253 3156 J_
2260 3080 2452 3141 udam,
2476 3086 2540 3130 ut
2550 3082 2698 3156 sicut
2713 3083 3015 3156 suprajam
3029 3084 3185 3149 fecit,
3201 3080 3552 3153 exprobret,
3565 3095 3697 3156 quia

2223 3152 2294 3203 de
2318 3152 2776 3214 morumjustitia
2790 3153 3135 3218 cogitantes,
3154 3171 3319 3223 spem
3350 3152 3572 3214 salutis
3584 3152 3655 3216 in
3677 3170 3816 3219 victi-

2225 3234 2454 3295 marum
2468 3227 2692 3295 tantum
2707 3224 2995 3276 oblatione
3006 3231 3615 3295 constituant,eiquasi
3627 3241 3811 3289 iumen

2228 3307 2290 3346 se
2314 3293 3180 3367 exhortantium_vocem,idest,
3205 3301 3369 3364 affer,
3381 3293 3535 3367 affer
3558 3309 3815 3361 hostiasin-

2227 3364 2503 3417 troducit:
2520 3364 2928 3429 responditque
2947 3370 3236 3435 protinus,
3249 3364 3539 3426 Dominus
3550 3394 3662 3430 ηοπ
3677 3387 3818 3434 ωερε.

2224 3438 2333 3502 piet
2355 3451 2613 3501 eas,nunc
2643 3438 3016 3488 recordabitur
3027 3441 3351 3506 iniquitates
3361 3461 3562 3499 eorum
3574 3490 3588 3502 .
3619 3458 3817 3506 Gravitas

2227 3510 2498 3587 nimirum
2519 3509 2938 3587 consideranda
2959 3512 3196 3575 judicii:
3229 3518 3374 3569 dicit
3402 3523 3586 3587 enim,
3616 3540 3677 3577 se
3709 3534 3817 3580 tunc

2228 3584 2517 3658 praecipue
2539 3582 2598 3658 in
2622 3583 2956 3658 memoriam
2981 3597 3187 3637 eorum
3207 3589 3547 3653 iniquitatis
3558 3582 3815 3658 adductum,

2231 3664 2363 3734 cum
2385 3652 2486 3734 illi,
2500 3654 2608 3703 sub
2620 3654 2973 3734 conscientia
2984 3663 3301 3714 contemta
3317 3652 3723 3734 neglectaque
3733 3652 3819 3733 jus;

2232 3724 2393 3786 titile,
2405 3724 2708 3805 oilerendis
2719 3726 2977 3805 arbitrati
2999 3734 3142 3782 sunt
3158 3745 3221 3784 se
3243 3724 3476 3788 victimis
3496 3724 3815 3805 protegentes.

2232 3807 2366 3871 cum
2389 3796 2587 3860 utique
2606 3809 2844 3871 munera
2865 3803 2991 3851 tum
3008 3808 3176 3866 grata
3199 3807 3340 3871 sint,
3361 3796 3515 3862 cuni
3528 3796 3727 3865 non'ab
3742 3815 3820 3865 ini-

2233 3870 2532 3932 micorum,
2562 3868 2663 3920 sed
2702 3881 2737 3921 a
2775 3882 3040 3923 carorum
3078 3868 3347 3939 personis
3387 3882 3609 3937 fuerint
3639 3886 3816 3937 oblata

2234 3945 2539 4019 Cmterum,
2564 3942 2926 4019 contumeliae
2942 3949 3183 4009 propius
3198 3955 3310 4009 est,
3329 3952 3466 4017 siei,
3479 3968 3660 4019 quem
3669 3958 3820 4009 crimi-

2234 4014 2407 4093 nibus
2429 4012 2961 4093 asperaveris,levia
2981 4030 3322 4093 munerum,
3348 4012 3528 4088 quasi
3556 4042 3674 4080 non
3704 4040 3816 4093 sup-

2233 4084 2500 4162 plicantis
2512 4084 2613 4162 sed
2636 4084 2904 4162 donantis
2916 4090 3165 4155 ambitu,
3191 4084 3481 4159 largi-iris.
3508 4101 3689 4152 Vobis

2236 4155 2622 4236 convenitilia
2644 4157 2930 4236 sententia
2953 4172 3137 4236 quam
3162 4155 3353 4218 sensit
3382 4170 3526 4221 Cain
3554 4155 3814 4236 parricida,

2236 4227 2628 4308 utimmoietis
2640 4238 2861 4308 carnes,
2875 4230 3113 4308 ipsique
3123 4248 3241 4308 eas,
3254 4250 3381 4290 non
3399 4227 3741 4308 suscipiente
3751 4246 3816 4291 Do-

2236 4299 2800 4362 mino,consumatis.
2816 4302 3275 4361 Puidnicumiiie
3292 4299 3688 4366 obedientiam
3708 4315 3815 4362 malit

2239 4382 2409 4450 quam
2437 4371 2799 4450 sacrificium,
2823 4376 2880 4423 et
2895 4374 3147 4450 justitim
3163 4392 3367 4432 curam
3388 4384 3693 4450 plusquam
3709 4387 3817 4432 δοξο-

2238 4447 2540 4520 caustumP
2564 4443 2728 4494 Nunc
2740 4456 2885 4520 ergo
2903 4447 3307 4520 potissimum,
3334 4443 3563 4520 inquit;
3582 4457 3815 4509 accelerat

546 4521 618 4571 bit
627 4519 931 4570 edesittius.
956 4520 1060 4568 Per
1070 4527 1244 4605 quam
1256 4517 1728 4605 consequentiam
1741 4522 2129 4605 delinquendum

2245 4515 2540 4605 uitioﬂnein,
2567 4515 2795 4605 qnando
2819 4527 2924 4605 vns
2946 4515 3316 4605 liberati‘cmis
3332 4515 3561 4580 vestrm
3588 4528 3818 4579 ﬁduciam

548 4592 946 4657 Egyptiorum
969 4587 1184 4640 auxilia
1200 4592 1603 4658 convocasset,
1626 4591 1911 4642 ostendit:
1942 4591 2000 4642 id
2030 4598 2138 4658 est,

549 4663 768 4715 Sanctis
783 4660 1165 4711 monitoribus
1187 4669 1288 4721 per
1308 4657 1504 4709 omnia
1532 4660 1887 4722 resultando,
1913 4667 1978 4713 ut
1994 4664 2147 4716 sicut

552 4736 849 4797 spreverat
871 4731 1148 4781 docentes
1170 4728 1500 4792 prophetas,
1538 4729 1618 4780 ita
1641 4731 1813 4783 etiam
1854 4738 2147 4796 sperneret

552 4802 1001 4856 comminantes:
1028 4812 1136 4851 nec
1161 4799 1349 4849 solum
1374 4806 1688 4863 sperneret,
1718 4803 1818 4853 sed
1842 4804 2015 4855 etiam
2037 4806 2148 4856 im-

551 4876 864 4938 pugnaret:
884 4876 940 4921 et
954 4873 1233 4933 quantum
1248 4869 1309 4919 in
1334 4881 1396 4921 se
1419 4875 1561 4933 erat,
1575 4871 1845 4924 falsitatis
1859 4881 2145 4939 argueret,

554 4945 604 4997 si
623 4942 921 4995 conductis
935 4940 1207 4991 nimirum
1222 4942 1522 5004 Egyptiis,
1539 4944 1845 5005 repulisset
1859 4948 2144 5011 Assyrios.

553 5018 720 5069 Nunc
733 5012 936 5064 merito
960 5013 1165 5062 beatus
1188 5012 1350 5070 Osee,
1366 5012 1516 5062 maia
1539 5019 2146 5080 venturacaptivitatis

555 5096 920 5144 enumerans,
934 5086 1058 5133 tum
1082 5080 1377 5151 supplicia,
1390 5086 1515 5133 tum
1544 5083 1750 5136 delicta
1773 5091 2067 5151 percurrit,
2093 5094 2151 5143 et

556 5161 630 5214 ab
642 5155 871 5211 Effraim
894 5152 1095 5204 altaria
1105 5150 1270 5202 idolis
1290 5153 1681 5217 multiplicata,
1707 5150 1980 5223 deplorat,
2000 5150 2151 5222 atque

556 5229 750 5286 arasei
773 5228 1019 5281 vertisse
1040 5225 1101 5276 in
1128 5225 1345 5275 crimen
1366 5227 1755 5287 conqueritur.
1769 5233 1851 5281 Ac
1876 5232 2145 5283 sidiceret:

625 5376 759 5426 -Pro
782 5371 855 5420 eis
874 5369 1049 5442 habet
1071 5367 1278 5419 minori
1292 5379 1542 5442 numero
1563 5381 1725 5422 sacer
1756 5373 1975 5427 Textus
1998 5377 2152 5442 ipsa-

562 5457 677 5511 que
698 5440 1144 5505 Hieronymiana
1158 5437 1343 5511 versio
1354 5439 1423 5511 ei.
1437 5441 1579 5511 Item
1594 5443 1987 5507 subsequente
1999 5437 2153 5498 versi-

563 5508 711 5578 culo,
735 5527 836 5578 pro
876 5513 966 5564 bis
988 5510 1258 5583 repetito,
1295 5508 1450 5575 affer,
1486 5510 1640 5576 affer,
1683 5514 1861 5567 semel
1908 5517 2149 5583 afferent,

564 5584 960 5639 consentiente
980 5582 1107 5645 ipso
1122 5582 1402 5633 Hebraico
1412 5583 1738 5648 archetypo,
1757 5587 1855 5637 ubi
1880 5582 2156 5643 semelest

566 5659 787 5717 unum,
802 5659 978 5726 atque
1000 5655 1125 5717 ipso
1146 5654 1382 5706 demum
1406 5656 1655 5726 Auctore
1676 5662 1874 5710 nostro
1897 5659 2151 5726 inferius,

567 5725 878 5795 ubilocum
897 5725 1053 5795 hunc
1073 5729 1358 5790 repetens,
1381 5724 1565 5790 afferet
1587 5728 1766 5780 semel
1788 5728 1945 5795 legit.
1967 5724 2155 5786 Nihilo

569 5794 761 5846 secius
773 5796 917 5857 quin
932 5796 1015 5846 ita
1030 5793 1202 5848 fuerit
1214 5796 1287 5847 ab
1315 5808 1385 5850 eo
1404 5797 1533 5851 huic
1551 5797 1788 5864 lectum,
1808 5793 1936 5856 sive
1948 5802 2011 5855 in
2031 5803 2159 5857 Hie-

2243 4591 2303 4641 in
2336 4587 2678 4661 etl‘undeudo
2708 4588 2997 4651 pecudum
3026 4588 3211 4659 442
3238 4599 3539 4661 sanguine
3551 4602 3817 4654 collocatis,

2243 4663 2409 4739 Nunc
2432 4659 2950 4739 visitabitpeccata
2984 4664 3259 4717 omnium
3300 4659 3407 4732 qui
3439 4672 3504 4723 in
3526 4676 3821 4739 Egyptum.

2244 4732 2476 4808 scilicet,
2533 4732 2813 4808 et_ani_mo
2856 4740 3290 4808 convertuntur
3326 4747 3388 4794 et
3433 4732 3823 4808 premo-{totus

2245 4804 2455 4878 quippe
2478 4802 2687 4878 pariter
2700 4804 2895 4878 israei,
2919 4804 3097 4878 idest,
3113 4812 3278 4862 tamJ
3285 4812 3408 4864 uda
3429 4802 3613 4878 quam
3636 4802 3824 4877 ἐπηίω,

2244 4875 2325 4926 ita
2344 4879 2483 4925 sunt
2506 4874 2714 4938 proprii
2729 4876 3012 4926 Creatoris
3037 4879 3309 4945 obliti,ut
3327 4874 3467 4937 cum
3490 4901 3628 4941 eum
3650 4890 3748 4940 sibi
3760 4874 3826 4938 in;

2244 4944 2635 4996 fensissimum
2659 4944 3069 5011 reddidissent,
3093 4952 3244 5004 nihil
3266 4955 3340 5007 de
3351 4960 3826 5012 emendationem-

2245 5019 2455 5094 rarent.
2469 5016 2578 5094 Sed
2590 5018 2791 5094 partim
2802 5018 3206 5094 instaurandis
3216 5029 3666 5094 munitionibus,
3680 5034 3825 5092 partim

2247 5086 2635 5139 conducendis
2650 5089 2983 5165 nationibus
2997 5104 3143 5155 opes
3161 5109 3304 5148 suas
3314 5112 3641 5165 operasque
3651 5086 3829 5153 consu-

2247 5164 2488 5220 merent,
2503 5162 2667 5222 quasi
2682 5174 2716 5211 a
2728 5173 2887 5211 sacro
2902 5167 3166 5219 carmine
3181 5162 3609 5225 denunciatuin
3618 5186 3741 5226 esse
3750 5185 3826 5220 nos

2247 5236 2506 5295 nossent,
2522 5232 2646 5282 Nisi
2655 5234 2921 5283 Dominus
2943 5236 3301 5300 adiﬁcaverit
3314 5243 3440 5293 dom
3450 5260 3563 5309 um,
3588 5247 3645 5296 in
3658 5256 3828 5295 vanam

2248 5375 2605 5448 ronymiano,
2633 5387 2748 5448 quo
2763 5376 3058 5439 utebatur,
3080 5383 3426 5448 exemplari,
3445 5387 3568 5438 sive
3589 5387 3650 5438 in
3670 5384 3829 5437 codice

2251 5448 2361 5499 aiio
2376 5447 2599 5510 Latino,
2621 5446 2877 5518 dubitare
2899 5459 3022 5499 non
3048 5451 3196 5503 sinit
3210 5454 3359 5518 ipse,
3374 5446 3538 5508 initio
3557 5460 3829 5516 subsequen-

2254 5518 2327 5591 tis
2338 5517 2693 5591 paragraphi,
2705 5517 2801 5591 ubi
2820 5528 2892 5591 ea
2902 5522 3136 5584 proprie
3149 5517 3335 5577 verba
3347 5517 3665 5591 exponens,
3677 5527 3823 5591 Spem.

2251 5589 2457 5653 inquit,
2469 5589 2657 5639 salutis
2671 5588 2732 5637 in
2746 5588 2923 5637 victim
2932 5605 3105 5641 arum
3121 5600 3348 5646 tantum
3380 5588 3545 5649 oblati
3580 5588 3824 5650 necasse-

2255 5666 2428 5723 tuant,
2453 5666 2499 5710 et
2520 5659 2679 5725 quasi
2699 5659 2927 5709 invicem
2948 5676 3004 5711 se
3032 5664 3465 5720 extim-lantiunt
3494 5686 3685 5721 vocem.
3706 5667 3821 5721 idest,

2254 5732 2412 5794 affer,
2436 5732 2591 5796 aiter,
2613 5731 2847 5793 hostias,
2872 5732 3207 5800 introducit,
3229 5742 3638 5808 responditque,
3658 5744 3747 5795 etc
