3880 6222
52 298 163 352 005

844 297 917 346 IN
953 296 1193 348 OSEAM
1237 299 1823 355 COMMENTARIUS.
1860 306 2066 355 LIBER
2102 305 2478 356 SECUNDUS.

3174 308 3311 363 1006

51 407 270 489 rere“
302 404 398 489 9","
419 403 689 489 verum
705 418 848 489 εαξη·
870 404 998 485 Νίεί
1018 405 1286 489 Partim
1307 409 1617 489 σπειράίαίι
1637 418 1693 489 Α
1721 414 1847 489 εξοιο
1871 414 2099 489 {Patrio
2122 394 2448 489 comesa
2471 414 2665 489 exist:
2688 414 3195 489 ipsorumjuyebri
3214 431 3310 471 ce-

52 478 304 535 'ivitatem,
350 474 562 536 frustra
604 474 794 535 vigilat
829 475 926 539 qui
949 476 1177 524 custodit
1201 492 1340 528 eam.
1365 480 1616 532 Istorum
1637 474 1693 489 ⁸⁵
1718 482 1811 534 det
1841 474 2127 533 alimonia:
2152 481 2314 545 panis
2332 474 2681 546 illequemin
2696 474 2934 535 domum
2948 484 3181 538 Deinon
3194 500 3310 542 me-

51 562 161 612 :rgo
185 549 263 597 ita
284 546 462 596 crevit
485 546 769 609 impietas,
796 550 861 596 ut
884 546 1334 610 omnipotentem
1357 550 1617 613 judicem

51 632 155 670 :um
200 617 270 667 ad
301 617 656 667 iracundiam
703 618 1148 678 promovissent,
1174 620 1289 671 fore
1321 634 1382 671 se
1414 621 1617 672 nihilo-

52 691 216 741 ninus
249 690 465 747 beatos,
492 700 591 750 per
617 699 781 737 suam
804 689 1193 739 arbirarentur
1215 690 1564 743 industriam
1600 706 1613 741 :

51 763 78 812 si
96 759 354 812 videlicet
363 758 675 809 adversum
686 758 1018 821 eruptiones
1031 759 1618 825 hostium,munitiones

51 832 297 882 ilurimas
309 829 559 879 fuissent
575 829 847 892 fabricati,
868 831 1064 893 sicque
1085 838 1400 894 manerent,
1415 845 1620 884 nonso-

52 915 141 953 um
151 913 264 952 non
274 899 365 962 adj
378 905 589 951 uvante
602 901 946 962 Deo,verum
958 902 1130 952 etiam
1142 906 1615 966 pugnente,felices.

54 972 271 1034 deo,inq
280 972 375 1029 uit,
386 970 651 1033 percellet
666 983 765 1021 eos
781 971 958 1035 digna
974 974 1232 1021 frustratio
1252 981 1306 1022 ut
1320 977 1619 1023 munitioni-

51 1057 133 1094 )us
151 1042 270 1093 suis
282 1040 540 1092 conclusi
550 1040 851 1092 vidcantur
860 1046 1053 1106 potius
1064 1059 1216 1104 quam
1229 1047 1619 1096 defensizomnes

51 1126 133 1177 [ue
146 1115 269 1176 ejus
286 1111 443 1162 modi
460 1111 617 1162 mdes
631 1112 885 1164 saeviens
899 1114 1133 1165 ﬂamma
1149 1120 1475 1169 consumat.
1496 1120 1618 1172 Qum

51 1197 151 1234 :um
175 1188 255 1234 ita
284 1183 420 1244 sint,
434 1181 603 1241 idest,
622 1194 757 1233 cum
768 1185 789 1246 j
800 1184 1056 1235 ustitiam
1078 1186 1182 1237 Dei
1196 1198 1305 1237 nec
1319 1186 1512 1251 aliqua
1523 1191 1621 1239 lm-

51 1254 209 1305 tediat
236 1252 569 1314 difﬁcultas,
592 1265 701 1304 nec
724 1253 882 1305 fraus
908 1254 1023 1307 ulla
1046 1255 1281 1309 deludat
1312 1274 1323 1307 :

638 1404 869 1454 CAPUT
894 1406 990 1456 IX.

86 1536 238 1585 Vere.
265 1534 315 1588 1.
341 1562 402 1572 -
424 1533 552 1584 Noli
577 1533 766 1595 tutari,
790 1534 976 1597 Israet,
998 1536 1115 1585 noli
1138 1538 1400 1603 exultare,
1427 1539 1560 1602 quia
1580 1552 1617 1591 a.

51 1607 232 1657 (edere
242 1604 390 1669 legis
429 1604 707 1668 sacrilega
720 1606 1035 1669 pollutione
1050 1607 1406 1660 discesseris.
1424 1611 1489 1661 Id
1505 1614 1612 1672 est,

51 1688 96 1727 le
119 1676 217 1726 tibi
237 1676 516 1738 aestimes,
539 1676 775 1739 impune
797 1688 1118 1741 cessurum,
1137 1678 1294 1741 quod
1316 1683 1370 1730 te
1384 1680 1618 1743 reliquis

51 1748 288 1810 gentibus
313 1746 621 1796 miscuisti.
656 1746 837 1809 Fugaa
868 1749 1023 1797 enim
1054 1749 1186 1799 talis
1216 1750 1473 1811 ambitio,
1500 1762 1619 1802 non

52 1831 85 1869 ε
108 1830 266 1869 vanae
288 1828 467 1879 quam
491 1822 815 1884 optaveras,
838 1816 1089 1870 libertati
1112 1820 1383 1883 vindicat,
1410 1821 1514 1873 sed
1536 1833 1618 1874 se

51 1900 177 1941 lerat
201 1893 426 1939 tantum
453 1890 581 1950 subj
591 1889 688 1938 icit
712 1889 933 1938 ultioni.

94 1960 245 2009 νει-8.
271 1958 321 2010 2.
348 1957 401 2011 3.
427 1985 487 1996 —
509 1958 761 2006 Dilexisti
783 1959 1068 2008 mercedem
1093 1974 1255 2025 super
1269 1975 1619 2012 omnesareas

54 2029 361 2079 ritici..4rea
380 2033 427 2077 et
452 2029 692 2077 torcular
718 2044 829 2078 non
846 2036 1023 2092 pascet
1047 2046 1149 2094 eos,
1164 2037 1208 2079 et
1241 2034 1433 2080 vinum
1462 2047 1619 2082 men-

54 2100 178 2147 ietur
197 2100 286 2148 eis.
310 2099 442 2149 Non
470 2099 791 2148 habitabant
833 2101 894 2148 in
922 2106 1065 2150 terra
1087 2102 1330 2154 Domini.
1361 2103 1506 2166 Noli,
1532 2104 1617 2155 in-

51 2182 210 2231 luam,
233 2183 266 2220 ο
283 2182 433 2233 gens
457 2176 678 2233 nostra,
695 2171 1063 2234 impudenter
1072 2172 1363 2233 laetarinsed
1380 2177 1502 2222 scito
1517 2189 1620 2223 om-

52 2254 122 2291 lla.
132 2242 319 2293 votiva
334 2246 436 2292 tua
451 2247 804 2293 mutaturam
820 2247 875 2293 te
891 2256 1022 2293 esse
1034 2248 1297 2292 contrariis
1311 2260 1323 2294 :
1338 2260 1440 2293 non
1451 2248 1616 2293 solum

51 2312 176 2362 enim
196 2312 252 2362 in
273 2313 570 2375 religionis
586 2314 807 2376 olllciis,
833 2315 933 2364 sed
956 2315 1128 2365 etiam
1144 2315 1206 2365 in
1221 2317 1380 2367 omni
1394 2317 1618 2368 actione

51 2382 152 2433 Illis
173 2387 230 2433 et
248 2383 643 2447 intemperans
673 2384 964 2434 exstitisti.
988 2386 1236 2434 Ditexisti
1256 2399 1463 2451 nempe
1486 2402 1619 2435 mer-

51 2453 193 2501 edem
212 2467 373 2517 super
396 2470 581 2503 omnes
603 2470 760 2503 areas
784 2456 979 2505 tritici:
1008 2457 1180 2518 idest,
1212 2458 1363 2508 Nihil
1390 2458 1617 2521 melius,

51 2524 162 2574 lihil
181 2526 486 2576 amabilius
512 2530 791 2577 terrarum
821 2528 1082 2578 ubertate
1097 2530 1389 2579 etventris
1405 2530 1619 2592 impen-

51 2594 133 2644 liis
152 2598 451 2648 censuisti.
478 2598 622 2647 Tota
632 2609 766 2660 ergo
793 2599 897 2647 tibi
918 2603 975 2648 et
996 2598 1228 2662 frugum
1251 2604 1310 2649 et
1328 2599 1616 2650 fructuum

51 2665 373 2718 iubducetur
389 2668 650 2719 ubertas:
671 2677 688 2695 ·
705 2672 883 2730 utque
903 2670 1089 2730 magis
1106 2672 1243 2720 vota
1257 2670 1615 2732 discrutient,

51 2735 126 2786 liu
139 2750 420 2802 apparens
434 2738 728 2790 vindemia
738 2739 815 2789 ita
830 2739 1038 2790 subitis
1054 2740 1350 2801 disperibit
1363 2742 1617 2804 procellis,

51 2811 94 2857 it
108 2808 165 2858 in
178 2808 430 2860 dolorem
441 2814 624 2870 tuum,
640 2822 759 2859 non
775 2810 960 2860 solum
972 2810 1237 2870 laesa,sed
1249 2811 1422 2861 etiam
1431 2814 1619 2859 menti-

51 2890 92 2928 a
113 2880 385 2931 videatur.
406 2881 553 2931 Vero
569 2880 708 2943 quid
724 2892 831 2943 ego
847 2881 1070 2931 minora
1084 2881 1292 2931 damna
1310 2895 1618 2929 commemo-

52 2963 233 3008 *o,cum
247 2952 545 3015 penuriam
559 2954 715 3001 tuam
726 2956 1155 3014 consequantur
1164 2952 1462 3015 exilia,nec
1474 2955 1616 3001 vobis

51 3023 236 3072 alendi
270 3023 439 3086 patrii
462 3021 569 3072 soli
600 3021 714 3072 ulla
736 3023 902 3072 detur
924 3021 1203 3073 facultas?
1226 3027 1393 3087 cujus
1418 3027 1612 3075 tamen

52 3094 353 3144 alamitatis
382 3093 847 3156 magnitudinem
878 3106 999 3145 non
1017 3094 1251 3157 poteris,
1279 3096 1448 3157 quasi
1470 3107 1611 3146 con-

52 3176 278 3257 {uefens,
302 3165 594 3257 admirari.
626 3166 817 3245 'l‘errin
840 3164 996 3257 enim
1024 3167 1214 3257 istius,
1232 3170 1515 3257 quaPtum
1535 3166 1611 3247 ad
1638 3181 1687 3257 Ο

59 3236 204 3287 tudia
217 3237 472 3300 respicit,
491 3236 855 3289 voluntarius
872 3236 1128 3289 desertor
1142 3236 1322 3288 fuisse
1342 3238 1364 3265 "
1380 3238 1612 3290 convin-

54 3319 151 3357 ens
175 3321 188 3356 :
210 3308 586 3371 Assyriorum
605 3320 857 3370 namque
879 3312 938 3358 et
958 3308 1358 3372 Egyptiorum
1372 3313 1497 3360 tum
1511 3309 1614 3360 cri-

53 3377 185 3435 uina,
211 3383 333 3429 tum
355 3378 573 3429 auxilia
592 3379 927 3442 concupisti.
954 3382 1077 3439 Qua
1098 3392 1235 3442 ergo
1253 3380 1613 3442 impudentia

53 3448 261 3511 egionis
283 3448 457 3499 istius
487 3448 837 3499 fertilitatem
860 3462 1149 3513 capessas,
1173 3451 1340 3512 cujus
1361 3451 1613 3513 insignia

58 3522 77 3568 t
96 3519 153 3569 in
173 3520 375 3571 ritibus
403 3524 462 3571 et
484 3520 546 3569 in
562 3522 820 3571 moribus
840 3522 1112 3584 respuisti
1125 3524 1152 3571 ‘I
1165 3522 1370 3571 Abibis
1397 3524 1610 3585 potius,

53 3590 112 3640 llo
141 3591 357 3655 pulsus,
379 3602 497 3653 quo
522 3600 540 3619 °
557 3592 651 3642 isti
671 3596 807 3642 ante
824 3597 1128 3655 corruptus
1145 3591 1398 3645 voluisti.
1413 3595 1482 3644 Et
1510 3596 1615 3642 sic-

53 3666 87 3710 ιι
119 3661 189 3711 ad
215 3665 529 3727 Algyptum
568 3669 721 3725 voto,
754 3663 835 3714 ita
869 3663 942 3713 ad
972 3664 1245 3727 Assyrios
1282 3664 1613 3727 captivitate

53 3733 317 3793 tl‘OfBCi-US,
355 3746 487 3785 eam
517 3737 814 3797 penuriam
848 3735 1177 3798 sustinebis,
1203 3740 1269 3787 ut
1292 3735 1526 3798 pollutis
1555 3740 1613 3788 et

53 3802 203 3854 nbviis
219 3805 359 3856 cibis
380 3817 515 3856 cum
537 3804 732 3855 dolore
757 3806 1021 3857 vescaris.

86 3874 239 3925 Vers.
266 3875 317 3929 4.
348 3902 409 3911 -
430 3876 559 3925 Non
584 3876 824 3925 libabant
843 3877 1076 3926 Domino
1092 3877 1352 3937 vinum,et
1367 3892 1481 3927 non
1490 3877 1614 3942 pla-

53 3943 201 3994 ebant
228 3948 274 3995 ei
293 3948 565 4009 sacriﬁcia
589 3962 794 4010 eorum,
817 3948 975 4011 quasi
995 3948 1161 4013 panis
1177 3948 1475 4012 lugentium
1494 3964 1613 3997 om-

53 4030 111 4065 tes
123 4018 214 4080 qui
224 4019 509 4067 comedunt
518 4019 941 4082 eum,contamin
948 4019 1347 4082 abuntur,quia
1357 4022 1520 4085 panis
1535 4037 1613 4070 eo-

54 4091 371 4149 um,anim
386 4091 649 4153 ipsorum,
663 4104 776 4139 non
798 4090 1021 4139 intrabit
1045 4091 1105 4140 in
1130 4090 1353 4140 domum
1366 4092 1610 4142 Domini.

54 4159 162 4210 tala
176 4162 296 4223 jam
308 4162 655 4225 captivitatis
671 4162 1020 4224 exsequitur,
1039 4167 1092 4212 et
1107 4161 1262 4224 dicit,
1287 4161 1465 4229 443
1485 4177 1615 4223 quo.

56 4229 186 4293 iam,
199 4245 333 4283 cum
349 4245 541 4284 rerum
552 4235 731 4297 copia:
744 4238 1003 4285 extrema
1018 4237 1273 4296 egestate
1289 4237 1477 4281 fuerint
1499 4248 1614 4282 mu-

55 4306 278 4363 atze,nec
290 4304 578 4356 felicitatis
591 4305 809 4367 aliquid
821 4318 929 4357 nec
940 4304 1350 4357 consolationis
1366 4312 1611 4366 occurrat,

55 4376 451 4438 ransigentque
479 4388 649 4427 omne
665 4383 893 4441 tempus
914 4378 976 4428 in
990 4376 1270 4427 luctibus:
1291 4376 1499 4440 quippe
1515 4374 1614 4439 qui

56 4457 122 4494 .ec
143 4446 487 4498 sacriﬁcium
504 4451 620 4499 Deo
637 4448 905 4500 sinantur
928 4447 1147 4511 offerre,
1174 4460 1280 4499 nec
1292 4448 1362 4498 de
1378 4447 1614 4511 expiatu

56 4513 227 4577 liquid
251 4530 480 4581 sperare
502 4520 831 4582 culparum:
857 4533 956 4584 per
975 4532 1107 4583 quas
1124 4519 1391 4571 videlicet
1401 4518 1605 4579 cilicia,

55 4594 129 4638 leo
146 4602 207 4639 se
217 4588 527 4652 placituros
537 4603 666 4641 esse
677 4592 1038 4642 arbitrantur.
1066 4592 1266 4642 Omnis
1279 4603 1413 4654 ergo
1430 4604 1602 4639 eorum

56 4657 241 4721 blatio,
266 4673 386 4711 non
405 4660 573 4723 feriis,
601 4661 703 4712 sed
730 4662 948 4713 inferiis
971 4662 1173 4725 aptior,
1186 4660 1400 4725 polluet
1421 4661 1611 4724 potius

56 4740 189 4789 nam
211 4736 422 4794 purget
442 4732 753 4784 adeuntes:
777 4733 912 4796 quia
923 4734 1090 4797 panis
1100 4747 1304 4793 eorum,
1321 4732 1520 4781 animae
1536 4732 1614 4795 ip-

55 4813 214 4865 )rum,
259 4817 376 4850 non
414 4803 637 4852 intrabit
659 4804 720 4853 in
744 4804 971 4853 domum
992 4804 1235 4854 Domini.
1264 4803 1477 4855 Eadem
1504 4807 1610 4862 est,

60 4882 145 4921 uae
167 4871 227 4923 in
250 4874 646 4937 superioribus
666 4877 868 4939 fuerat,
913 4877 1133 4927 intenta
1157 4875 1461 4937 sententia,
1478 4887 1611 4926 cum

55 4942 307 5004 apudiata
328 4956 366 4995 a
395 4946 511 4998 Deo
536 4947 834 5011 sacrificia,
864 4948 1126 5010 ipsorum
1156 4946 1257 5010 qui
1275 4946 1613 4997 obtulerunt

55 5024 142 5064 sse
185 5014 474 5067 dicuntur.
516 5019 662 5082 Ergo
691 5022 751 5069 et
772 5031 949 5081 nunc,
976 5019 1182 5083 inquit,
1209 5017 1390 5081 repuli
1412 5029 1611 5068 eorum

55 5083 513 5151 blationes,quos
538 5091 611 5141 ob
636 5090 995 5143 nimietatem
1008 5091 1333 5153 criminum,
1350 5089 1522 5142 etiam
1539 5087 1609 5139 de

80 5237 96 5255 “
117 5230 302 5281 Antea
327 5234 389 5278 ut
415 5246 532 5295 quae
556 5232 730 5296 magis
751 5237 873 5282 vota
895 5232 1226 5282 discrutient.
1251 5232 1381 5292 Diu,
1404 5237 1516 5284 etc.

78 5297 97 5323 δ
119 5300 267 5363 Lege
310 5302 660 5363 co-nvi'nceris,
701 5308 802 5356 aut
833 5305 1099 5354 convictus
1141 5317 1209 5352 es.
1242 5303 1387 5354 Dein
1410 5302 1613 5367 supple

57 5371 280 5422 ersiculi
323 5377 549 5437 partem
593 5387 767 5439 quam
813 5377 859 5428 it
890 5375 1257 5440 explicatum,
1280 5388 1517 5423 reversus
1541 5381 1613 5423 est

57 5441 360 5503 'phraimin
376 5445 696 5511 {Egi/plum,
712 5454 757 5497 et
768 5448 827 5496 in
838 5447 1080 5513 Assyriis
1088 5445 1353 5511 pollutum
1369 5445 1608 5496 comedit.

82 5523 97 5543 ε
121 5517 190 5568 Et
210 5518 389 5581 priori
412 5524 675 5572 notatum
699 5521 915 5575 Editori
937 5518 1249 5585 legendum
1262 5517 1388 5569 heic
1402 5517 1611 5569 melius

58 5604 97 5637 ηε
116 5602 214 5653 pro
238 5591 347 5641 isti.

82 5668 103 5696 ⁴
126 5667 404 5729 Emenda,
429 5666 592 5715 etiam
606 5666 668 5715 de
689 5666 797 5715 solo
819 5666 1000 5731 patrio
1021 5667 1305 5714 commotos
1317 5661 1487 5725 exegi.

84 5752 101 5773 ε
123 5738 579 5804 Hieronymiona
600 5737 732 5789 edit.
757 5742 816 5788 et
838 5737 1066 5800 Vulgat.
1091 5734 1473 5799 argentum.ln
1493 5733 1611 5783 He-

57 5824 178 5865 οι·ωο
216 5824 356 5865 cum
389 5811 705 5875 regiminis,
752 5815 821 5863 ut
860 5811 1090 5870 vocant,
1112 5805 1349 5861 articulo
1372 5805 1607 5860 που.

1638 4553 1695 4624 D

1714 559 1915 604 rentur
1934 553 2159 603 inferre.

1779 625 1937 674 Vers.
1990 621 2042 675 5.
2087 622 2138 675 6.
2173 646 2232 660 -—
2266 621 2406 679 Quid
2441 621 2646 682 facietis
2674 624 2737 671 in
2759 624 2845 672 die
2864 624 3109 687 solemni,
3131 627 3194 677 in
3225 629 3312 679 die

1713 693 2012 756 festivitatis
2026 692 2282 741 Domini?
2302 692 2430 740 Ecce
2445 693 2590 739 enim
2605 693 2825 755 profecti
2837 701 2964 743 sunt
2990 711 3027 744 α
3049 698 3309 760 vastitate,

1714 764 1980 828 zEgyptus
2002 762 2341 825 congregavit
2364 776 2467 813 eos.
2498 763 2762 825 Memphis
2784 765 2990 828 sepeliet
3021 782 3122 818 eos.
3160 769 3313 819 Desi-

1717 835 1947 884 derabite
1970 847 1988 868 °
2005 834 2217 898 argenti
2247 848 2434 881 eorum
2448 833 2633 880 urticae
2650 834 3055 897 haereditabunt,
3072 838 3237 903 lappa
3252 841 3314 890 in

1718 906 2075 955 tabernaculis
2116 919 2321 953 eorum.
2358 903 2635 965 Quamvis
2665 904 2847 966 major
2871 907 2947 956 sit
2967 908 3133 960 beato
3149 910 3315 963 Osem

1715 976 1977 1037 intentio,
2003 975 2205 1026 decem
2230 974 2483 1024 tribuum
2496 978 2665 1036 gesta
2678 985 3020 1039 percurrere,
3032 981 3205 1041 atque
3221 992 3318 1032 eo-

1713 1059 1845 1098 rum
1861 1044 2379 1109 velexaggerandis
2395 1043 2853 1106 criminibus,vel
2867 1045 3224 1108 explicandis
3242 1064 3319 1099 ca-

1713 1116 2064 1167 lamitalibus
2081 1112 2373 1165 immorari
2389 1126 2403 1176 ;
2417 1116 2611 1164 tamen
2621 1124 2724 1176 pro
2738 1116 3026 1177 potestate
3038 1117 3314 1181 vaticinii,

1716 1198 1848 1251 quae
1868 1185 2038 1237 Judee
2062 1196 2295 1249 quoque
2321 1183 2516 1235 Tribui
2538 1183 2817 1244 accidere,
2842 1185 3093 1249 attingit.
3104 1187 3321 1251 thuo-

1716 1260 1875 1308 niam
1915 1256 2081 1308 novit
2119 1253 2576 1317 Jerosolymitas,
2626 1254 2730 1305 sed
2750 1254 2925 1318 paulo
2949 1256 3189 1321 tardius,
3215 1269 3319 1322 pro

1718 1328 2046 1390 eequatione
2059 1326 2415 1388 meritorum,
2442 1324 2738 1376 Samaritis
2767 1326 2979 1377 similia
2998 1326 3182 1379 latum
3202 1329 3316 1380 ire:

1717 1398 1938 1461 Templi
1984 1398 2157 1448 etiam
2190 1396 2714 1458 sacriﬁciorumque
2756 1398 3169 1461 commeminit,
3213 1398 3320 1450 toti

1716 1471 1886 1532 quasi
1906 1469 2082 1532 genti,
2114 1466 2270 1530 quod
2303 1466 2533 1516 duabus
2561 1465 2845 1529 praecipue
2868 1467 3157 1520 Tribubus
3182 1480 3325 1520 con-
3402 1464 3405 1469 ’

1715 1540 1930 1599 cordet,
1956 1540 2309 1589 adscribens.
2333 1536 2595 1599 Proinde,
2632 1549 2766 1587 cum
2789 1536 3007 1589 diceret
3037 1552 3138 1591 eos
3157 1539 3320 1591 obla-

1717 1610 1941 1661 tionum
1987 1621 2087 1672 per
2118 1619 2263 1671 quas
2294 1619 2356 1657 se
2378 1606 2664 1670 puriﬁcari
2701 1607 3087 1671 mstimabant,
3113 1609 3321 1661 solatio

1717 1680 2051 1745 perdidisse,
2071 1677 2322 1730 excoluit
2336 1676 2685 1729 incidentem
2702 1677 3046 1729 colorem.Et
3056 1680 3192 1742 quia
3205 1682 3320 1739 ejus

1718 1752 1875 1803 modi
1887 1751 2204 1802 omciorum
2217 1749 2520 1812 inquinata
2538 1748 2786 1799 cessatio
2799 1747 2893 1799 his
2907 1749 3199 1813 prmeipue
3208 1764 3320 1800 cru-

1718 1821 1903 1873 descit
1917 1821 2139 1882 diebus,
2153 1820 2363 1882 quibus
2372 1819 2774 1881 exercebaturj
2783 1819 3015 1870 ucunda
3024 1822 3319 1870 solemnitas

1716 1891 1844 1942 ideo
1881 1891 1979 1951 ait,
2022 1890 2165 1948 Quid
2206 1889 2414 1952 facietis
2449 1889 2511 1937 in
2548 1888 2635 1937 die
2665 1888 3016 1938 solemnitatis
3037 1889 3319 1939 Domini?

1719 1975 1850 2025 quas
1895 1974 2004 2013 vos
2047 1960 2312 2012 videlicet
2355 1960 2629 2020 tenebrw,
2655 1972 2787 2022 quae
2815 1959 3158 2024 amaritudo,
3186 1960 3318 2021 quis

1716 2033 1893 2083 animi
1906 2045 2086 2096 angor
2100 2032 2514 2094 implebit,cum
2526 2030 2685 2081 illum
2702 2031 3032 2082 festivitatis
3043 2034 3316 2080 Dominicis

1718 2104 1891 2165 diem,
1909 2116 2077 2166 quem
2092 2103 2378 2165 insignem
2396 2101 2559 2152 vobis
2574 2105 2705 2152 ante
2722 2106 2779 2152 et
2789 2101 3017 2153 dulcem
3033 2104 3318 2162 castuspo-

1717 2174 1838 2237 puli
1860 2177 2183 2236 cantusque
2206 2171 2497 2235 reddebat,
2523 2172 2746 2235 exules,
2768 2172 2954 2236 inviti,
2970 2173 3032 2223 in
3065 2172 3315 2225 vinculis

1717 2249 1775 2295 et
1797 2245 1855 2295 in
1883 2244 2162 2295 servitute
2182 2244 2421 2292 barbara
2434 2242 2763 2305 transigetis
2778 2245 2805 2291 εἴ
2829 2244 2899 2293 Et
2920 2243 3191 2306 quoniam
3214 2255 3317 2306 per

1717 2316 2080 2367 occasionem
2103 2313 2353 2374 Effraim,
2368 2312 2543 2363 etiam
2566 2325 2699 2375 qua:
2724 2318 2937 2377 essent,
2954 2318 3021 2364 ut
3041 2314 3314 2378 diximus,

1718 2388 1886 2438 Judte
1914 2390 2155 2438 ventura
2179 2384 2451 2447 signavit,
2477 2384 2773 2446 sequitur:
2798 2384 2927 2432 Ecce
2941 2385 3090 2433 enim
3108 2384 3318 2449 profec-

1718 2457 1759 2504 ti
1801 2462 1927 2505 sunt
1970 2473 2006 2505 a
2052 2456 2332 2504 vastitate:
2376 2455 2646 2517 Afgyptus
2668 2453 3007 2518 congregabit
3029 2469 3131 2511 eos.
3155 2456 3317 2505 Mem-

1714 2528 1840 2590 phis
1861 2527 2065 2591 sepeliet
2091 2541 2190 2574 eos.
2218 2526 2361 2575 Cum
2382 2528 2677 2588 regionem
2688 2536 2888 2576 eorum
2898 2525 3127 2576 hostilis
3150 2528 3318 2575 domi-

1715 2600 1877 2652 natio
1922 2597 2194 2663 populata
2238 2595 2434 2656 fuerit,
2488 2596 2702 2657 inquit,
2754 2600 2978 2647 cunctis
3025 2596 3316 2648 Tribubus

1716 2672 2028 2734 continget,
2041 2680 2108 2720 ex
2118 2670 2393 2729 sequente
2407 2665 2707 2729 supplicio,
2720 2665 2875 2729 quod
2890 2670 3060 2717 antea
3081 2674 3315 2727 peccante

1716 2742 1999 2794 desiderlo
2040 2739 2478 2803 perpetrarunt:
2528 2739 2593 2786 ut
2637 2737 2787 2786 sicut
2827 2746 2930 2799 par
2960 2735 3314 2799 inAssyrios

1713 2814 1889 2865 ducta
1910 2812 2017 2873 est,
2050 2809 2132 2860 ita
2157 2808 2329 2858 etiam
2351 2808 2572 2870 partem
2594 2807 2878 2869 Egyptus
2902 2810 3231 2870 congreget,
3253 2812 3315 2859 et

1716 2882 2081 2948 Memphitica
2092 2885 2239 2931 terra
2254 2878 2556 2941 susceptos
2572 2876 2975 2948 consumatJd
2989 2881 3186 2929 autem
3199 2885 3311 2938 post

1715 2946 2014 3008 victoriam
2026 2948 2567 3010 Nabuchodonosor,
2583 2948 2681 3011 qui
2694 2946 3127 3011 Jerosolymitas
3143 2948 3308 3013 eruit,

1710 3026 1821 3079 illis
1844 3023 2122 3076 accidisse
2135 3022 2165 3072 J
2173 3019 2358 3072 udwis
2381 3030 2529 3081 quos
2544 3030 2814 3083 agrorum
2825 3019 3075 3070 cultores
3097 3019 3308 3082 Babylo-

1710 3098 1792 3150 nii
1817 3095 2185 3159 reliquerant,
2200 3095 2259 3143 et
2273 3092 2477 3142 beatus
2487 3090 2785 3150 Jeremias,
2800 3095 2859 3141 et
2874 3091 3100 3152 Regum
3110 3091 3309 3141 narrat

1712 3167 1966 3221 historia.
2004 3162 2166 3227 Quod
2198 3165 2394 3214 autem
2432 3161 2677 3225 subjicit,
2714 3160 3072 3213 Desiderabite
3094 3161 3307 3223 argenti

1709 3254 1896 3290 eorum
1911 3238 2091 3287 urtica
2105 3232 2511 3297 haereditabunt,
2525 3248 2585 3281 ex
2604 3245 2715 3283 usu
2724 3232 3073 3295 captivitatis
3086 3234 3310 3293 evenire,
3406 3261 3412 3267 ι

1709 3314 1930 3364 utinam
1945 3319 2058 3360 nos
2070 3305 2235 3357 lectio
2260 3309 2507 3364 tantum,
2525 3308 2583 3355 et
2594 3315 2713 3354 non
2727 3304 2901 3355 etiam
2915 3303 3309 3367 experimenta

1709 3383 2062 3435 docuissent.
2083 3379 2322 3429 Constat
2333 3375 2560 3439 quippe,
2576 3374 2671 3425 vel
2691 3374 2848 3425 mdes
2868 3375 3095 3439 magnis
3111 3373 3310 3426 sumti-

1710 3457 1820 3506 bus
1842 3451 2019 3520 444
2045 3448 2364 3512 fabricatas,
2377 3459 2511 3497 cum
2527 3446 2873 3520 defecissent
2885 3446 3108 3509 incola,
3127 3444 3310 3510 sylvis

1710 3519 1889 3578 fuisse
1919 3520 2339 3580 contectas,vel
2356 3520 2695 3583 plerumque
2711 3519 2886 3570 etiam
2900 3520 3024 3571 auri
3035 3524 3095 3570 et
3114 3520 3311 3580 argenti

1710 3599 1975 3650 defossos
2000 3594 2317 3654 thesauros,
2339 3590 2431 3641 his
2448 3590 2548 3653 qui
2564 3588 2951 3651 occuluerant,
2967 3590 3309 3654 interemtis,

1708 3670 1770 3721 in
1794 3668 2127 3721 continuam
2152 3662 2501 3714 oblivionem
2528 3661 2766 3725 perisse.

1771 3742 1935 3792 Vers.
1961 3737 2012 3791 7.
2038 3763 2098 3772 --
2126 3735 2393 3785 Venerunt
2421 3732 2530 3781 dies
2554 3730 2895 3792 uisitationis,
2919 3735 3179 3781 venerunt
3203 3730 3315 3781 dies

1710 3807 2096 3863 retributionis.
2147 3805 2357 3867 Scitote,
2390 3802 2575 3864 Israel,
2604 3803 2621 3832 ¹
2644 3808 2689 3852 te
2726 3803 2951 3853 stultum
2973 3803 3313 3869 prophetam,

1712 3886 1975 3934 insanum
1996 3879 2177 3928 virum
2196 3876 2516 3941 spiritalem,
2537 3880 2759 3939 propter
2774 3874 3180 3924 multitudinem
3195 3874 3313 3923 ini-

1711 3953 1935 4021 quitatis
1952 3958 2069 4009 tua,
2094 3955 2139 4021 ct
2152 3948 2439 4021 multitudo
2451 3947 2715 4021 amentife.
2735 3947 3073 4010 Oportuerat
3083 3949 3315 4021 quidem,

1712 4015 1776 4076 ut
1796 4024 1939 4075 ratio
1959 4025 2011 4072 te
2023 4018 2214 4083 potius
2237 4018 2308 4067 ad
2334 4015 2797 4076 discernendum,
2818 4028 2997 4078 quam
3012 4017 3313 4067 calamitas

1711 4094 1975 4147 erudiret.
1992 4089 2101 4141 Sed
2118 4086 2392 4151 quoniam
2414 4086 2651 4137 rationis
2673 4086 2834 4136 velut
2847 4098 3088 4148 prorsus
3102 4087 3315 4151 impar-

1714 4165 1913 4228 ticeps,
1936 4163 2116 4223 ﬂagra
2131 4163 2189 4209 et
2205 4156 2470 4228 stimulos
2487 4156 2751 4228 exegisti,
2768 4158 2859 4207 vel
2875 4167 3033 4206 nunc
3041 4156 3182 4228 jam,
3195 4171 3312 4204 cum

1711 4226 2073 4293 visitationis,
2106 4227 2277 4286 idest,
2306 4226 2819 4277 damnationistuaa
2834 4229 3064 4288 tempus
3087 4226 3309 4288 advenit,

1713 4303 2125 4369 expergiscere,
2150 4303 2215 4350 ut
2230 4297 2372 4361 quid
2396 4297 2688 4369 merearis,
2701 4295 3009 4369 intelligas.
3039 4296 3110 4346 Et
3131 4298 3311 4369 studiis

1716 4367 1831 4428 tuis
1851 4367 2044 4425 deberi
2076 4368 2361 4433 stipendia
2399 4373 2515 4419 tam
2536 4367 2697 4429 dura,
2716 4367 2961 4428 fatearis,
2980 4376 3113 4428 quas
3134 4368 3187 4415 te
3206 4368 3310 4413 uti-

1714 4460 1828 4511 que
1867 4445 2143 4507 despectu
2183 4437 2523 4511 spiritalium
2546 4441 2973 4511 magistrorum,
3000 4433 3300 4498 collegisse

1717 4506 2041 4584 perpendis.
2072 4514 2152 4563 Eo
2181 4510 2467 4584 siquidem
2488 4521 2676 4584 usque
2700 4506 2908 4584 furoris
2942 4511 3308 4584 eruperas,_ut

1716 4578 2041 4656 prophetas,
2068 4582 2207 4648 quid
2231 4582 2304 4633 ad
2317 4581 2501 4656 sancti
2512 4580 2755 4643 Spiritus
2769 4578 3153 4656 loquebantur
3162 4578 3308 4629 arbi-

1711 4649 1902 4722 trium,
1926 4663 1984 4708 et
2007 4666 2138 4718 quae
2164 4659 2219 4704 te
2248 4653 2566 4722 manebant,
2596 4654 2901 4722 parentum
2921 4649 3131 4709 studio,
3150 4662 3309 4722 inun-

1711 4732 1940 4783 ciebant
1963 4727 2037 4788 (si
2061 4725 2203 4777 forte
2222 4726 2417 4786 ageret
2436 4721 2683 4772 formido
2709 4721 3026 4784 praemissa,
3052 4734 3122 4771 ne
3144 4721 3308 4774 inve—

1710 4802 1857 4853 niret
1873 4798 2015 4851 ultio
2028 4808 2175 4859 quos
2186 4794 2434 4858 puniret)
2444 4792 2505 4843 in
2520 4804 2621 4844 eos
2631 4794 2661 4825 *
2676 4804 2793 4843 non
2810 4792 3000 4843 solum
3012 4793 3145 4841 nihil
3156 4807 3309 4854 supra

1709 4873 1958 4934 reliquos
1985 4866 2321 4932 pravidere,
2351 4863 2451 4915 sed
2477 4863 2650 4915 etiam
2661 4862 3148 4915 hamanaratione
3172 4866 3308 4934 dice-

1711 4945 1814 4994 bas
1830 4933 2107 5005 privatos,
2128 4940 2187 4988 et
2209 4948 2355 4999 quos
2378 4935 2616 4987 vesania
2634 4934 2828 5005 potius
2853 4946 3028 4997 quam
3038 4933 3305 4986 revelatio

1711 5004 2117 5067 commoveret.
2133 5009 2218 5059 Ita
2227 5011 2420 5058 autem
2432 5018 2533 5069 per
2541 5004 2959 5057 abundantiam
2970 5006 3309 5069 profenitetis,

1711 5082 1980 5150 appellari
1993 5080 2088 5133 illo
2113 5085 2367 5144 tempore
2382 5077 2689 5141 prOphetas
2702 5075 2904 5127 solitus
2920 5078 3093 5138 fuisse,
3117 5078 3305 5136 Regum

1712 5226 1956 5281 Omnino
1972 5228 2167 5276 autem
2193 5219 2399 5272 vitiose
2420 5230 2560 5269 mox
2584 5217 2771 5266 vertice
2795 5216 3092 5281 legebatur
3106 5226 3208 5278 pro
3220 5229 3311 5263 ur-

1712 5301 1841 5361 ticae,
1879 5303 1947 5349 ut
1978 5293 2358 5347 restituiinus.
2386 5290 2619 5361 Vulgat,
2637 5293 2694 5340 et
2715 5287 2942 5340 Hieron.
2971 5284 3180 5338 minori
3201 5284 3306 5335 ha-

1710 5359 1849 5424 bent
1871 5379 2110 5420 numero
2144 5365 2321 5414 urtica
2347 5359 2693 5411 hxreditabit.

1775 5444 1791 5473 ί
1812 5443 2002 5493 Hocce
2048 5445 2093 5487 te
2135 5436 2309 5488 etiam
2353 5434 2489 5484 Mss.
2529 5431 2749 5494 aliquot
2769 5426 3218 5491 Hieronymiani,
3243 5430 3309 5478 ut

1710 5518 1972 5567 notatum
1987 5509 2155 5562 nobis
2179 5510 2285 5565 est,
2307 5503 2560 5556 addunt:
2591 5502 2859 5566 ignorant
2882 5510 3018 5551 vero
3029 5496 3166 5549 editi
3180 5497 3309 5548 libri

1711 5589 1822 5650 alii,
1842 5589 2012 5649 atque
2040 5583 2163 5646 ipse
2185 5591 2318 5631 cum
2341 5574 2829 5650 primis_Hebrae_us
2853 5574 3068 5650 textus.
3084 5569 3167 5650 Ite
3177 5578 3313 5650 non.

1710 5637 1827 5711 ᾖὶῐέ
1850 5637 2035 5708 versic
2057 5637 2411 5704 {innotatum
2421 5645 2591 5697 nobis
2605 5643 2898 5703 multitudo
2913 5653 3015 5707 pro
3031 5637 3313 5711 multitude

1711 5710 1837 5780 item
1850 5729 1910 5779 in
1921 5718 2382 5786 Hieronymianis
2399 5716 2750 5786 quibusdam
3066 5710 3316 5763 inveniri.

1773 5802 1804 5835 θ
1821 5798 2011 5852 Verba
2034 5796 2097 5845 in
2118 5784 2199 5844 eos
2224 5789 2516 5855 superﬂua
2538 5784 2830 5839 videntur.
2856 5784 3026 5837 Enrr.
