3880 6222
476 246 613 301 1007

1552 246 1818 299 RUFINO
1840 248 2314 301 'PRESBYTERO
2348 249 2733 304 ASCRIPTUS

3732 249 3749 301 1
3757 258 3813 301 [re

474 366 703 435 quoque
720 352 921 435 pandit
933 352 1189 435 historia.
1217 356 1359 435 Nam
1383 369 1515 435 cum
1536 357 1596 435 in
1612 357 1860 435 Ramoth
1878 360 2080 435 Galaatl,
2107 363 2163 435 Α
2177 361 2557 435 jumentosuo
2575 362 2847 435 extinctae
2859 362 3140 425 conjugis
3158 358 3771 435 cadaverjqiposuit.
3802 377 3811 405 τ

473 428 659 479 missu
684 426 834 475 beati
857 423 1090 485 Helisei,
1118 428 1396 489 propheta
1420 429 1675 491 quidam,
1702 434 1768 479 ut
1787 431 1814 479 ,Ι
1824 442 1894 479 eu
1919 430 1977 479 in
2002 442 2083 480 re-

471 509 602 561 gem
627 500 889 559 ungeret,
922 494 1284 555 advenisset,
1309 498 1795 548 circumsedentes
1820 511 2085 562 proceres

471 569 674 619 dicunt
696 569 756 613 ad
773 566 1045 637 Jeu._Quid
1062 566 1165 613 sibi
1190 567 1301 615 vult
1319 569 1600 629 fanaticus
1624 570 1714 617 iste
1735 570 1839 629 H4.
1861 570 1983 633 Reg.
2012 570 2082 637 8,)

473 638 739 702 Itaigitur
754 634 907 699 apud
930 647 1027 684 eos
1044 638 1412 689 exsoleverat
1428 639 1607 690 divini
1638 642 1883 687 sermonis
1915 634 2085 688 aucto;

471 710 634 771 ritas,
661 711 727 758 ut
748 707 1366 769 praecepta-virtutum,
1378 710 1499 772 jam
1522 723 1639 760 non
1653 723 1783 760 esse
1803 713 2089 761 mendican.

475 781 569 841 tia,
599 779 698 829 sed
735 776 950 827 furiosa
972 783 1293 829 censerent.
1321 781 1501 844 Cujus
1526 781 1780 830 criminis
1806 782 2085 844 magnitu-

470 851 668 901 dinem
702 847 1073 899 concionator
1094 848 1464 915 horrescens,
1484 852 1811 914 judicanter
1831 861 1849 879 ·
1894 855 2087 901 excla-

470 926 592 972 mat
619 937 628 969 :
657 920 885 981 Propter
908 918 1321 967 multitudinem
1352 921 1666 983 iniquitatis
1692 926 1810 981 luas,
1842 926 1885 969 et
1907 922 2085 970 multi-

470 992 598 1041 tudo
641 990 909 1038 amentiae.
957 990 1039 1039 Ac
1065 990 1113 1039 si
1158 989 1393 1052 diceret,
1423 1004 1542 1041 non
1588 995 1677 1041 est
1706 991 1801 1042 hic
1840 991 2083 1055 simplex

468 1062 703 1126 quidem
728 1072 899 1119 error,
934 1061 1035 1110 sed
1060 1061 1440 1124 multiplicata
1482 1062 1785 1121 dementia,
1815 1062 2084 1113 videlicet

468 1131 758 1197 spiritales
772 1131 1085 1192 magistros
1111 1136 1168 1181 et
1192 1131 1522 1195 prophetico
1537 1133 1841 1195 splendore
1864 1132 2084 1196 pollen-

468 1210 573 1263 tes,
597 1216 665 1255 eo
690 1200 1058 1266 potissimum
1077 1207 1348 1265 tempore,
1367 1204 1533 1264 quasi
1551 1204 1761 1253 stultos
1774 1218 2081 1264 vesanosque

465 1276 779 1338 despicere,
826 1284 938 1334 quo
979 1272 1092 1336 ipsi
1141 1276 1361 1323 tantam
1406 1278 1726 1336 egestatem
1760 1275 2081 1337 prudentiae

465 1346 839 1405 sustinerent,
858 1346 918 1393 ut
942 1342 1081 1394 deos
1093 1355 1219 1393 esse
1237 1356 1384 1406 quos
1396 1346 1809 1408 conflaverant,
1836 1345 2081 1396 aestima-

463 1422 610 1468 rent.

526 1490 690 1538 Vers.
734 1483 785 1538 8.
839 1511 896 1521 —
944 1484 1269 1547 Speculator
1330 1483 1571 1549 Elfraim
1628 1500 1754 1535 cum
1799 1486 1905 1535 Deo
1948 1501 2082 1544 meo,

462 1559 733 1622 Propheta
758 1558 777 1583 "
804 1555 1026 1619 laqueus
1051 1556 1227 1604 ruinae
1258 1555 1437 1617 factus
1463 1563 1539 1605 est
1563 1571 1726 1620 super
1754 1572 1937 1606 omnes
1965 1558 2081 1605 vias

461 1629 595 1693 ejus,
628 1627 853 1675 insania
890 1627 949 1673 in
976 1627 1133 1675 domo
1174 1627 1271 1674 Dei
1295 1628 1427 1691 ejus.
1454 1628 1559 1677 Hic
1592 1628 1831 1690 quidam
1856 1638 1873 1657 ‘
1897 1630 2075 1679 nomi-

2186 443 2295 493 que
2334 431 2391 481 in
2428 432 2611 483 frusta
2644 433 2979 495 concidens,
3012 447 3119 497 per
3154 445 3391 484 omnes
3425 430 3664 482 Tribus
3687 444 3817 494 gem

2183 501 2337 551 illius
2362 502 2690 565 destinavit,
2718 508 2783 554 ut
2805 515 3020 554 caussa
3036 506 3160 554 tam
3186 503 3396 554 trucis
3420 500 3821 565 spectaculo;-

2184 572 2361 636 gnita,
2394 586 2761 625 communem
2782 574 3110 637 arriperent
3135 574 3484 625 ultionem.
3521 572 3738 634 Sicque
3758 573 3786 619 t3
3809 602 3822 610 -

2185 644 2433 694 baonitis
2458 646 2689 705 bellum,
2735 646 2847 696 nisi
2871 646 3088 696 noxios
3126 646 3491 704 traderent,
3524 644 3813 693 indicente

2184 714 2371 777 tertio,
2407 715 2504 765 vix
2542 725 2860 780 superatos,
2906 715 3186 768 delevere
3215 717 3583 768 conﬂictu:
3612 714 3694 765 ita
3716 722 3803 765 uti.

2184 788 2297 835 tota
2314 786 2488 836 Tribu
2516 788 2836 851 Benjamin,
2863 800 2982 837 non
3007 788 3280 851 amplius
3300 799 3519 850 quam
3561 788 3801 849 quingr;

2182 855 2447 907 homines
2473 857 2824 921 superfuisse
2847 858 3428 917 referantur(Jud£.~.
3462 857 3606 911 ΠΗ.
3628 856 3711 905 illi
3732 871 3803 919 erg

2185 925 2387 977 sceleri
2407 940 2664 991 praesens
2683 933 2980 991 peccatum
3001 928 3304 992 propheta
3326 928 3783 990 compesuihq.
3817 932 3820 934 ⁷

2183 996 2450 1049 videlicet
2474 1000 2894 1062 perpetrabant,
2923 999 3223 1062 spiritales
3238 998 3424 1050 viros
3453 997 3691 1048 stultos
3706 1008 3825 1048 etw

2184 1080 2359 1119 sanos
2374 1069 2651 1119 vocando.
2669 1070 3054 1120 Commendat
3066 1074 3281 1120 autem
3296 1070 3733 1120 reverentiam
3748 1085 3793 1128 pr
3808 1096 3825 1105 -

2181 1139 2482 1202 phetarum
2502 1141 2751 1203 aequatio
2770 1140 2921 1191 facta
2938 1142 3280 1205 culparum,
3301 1152 3603 1203 quorum
3627 1142 3824 1189 nonae:

2180 1209 2383 1260 audaci
2429 1215 2622 1261 tamen
2660 1224 2929 1262 sermone
2953 1211 3269 1269 violatum,
3324 1211 3633 1263 ostendit
3653 1224 3759 1262 non
3790 1238 3823 1261 ι-

2179 1282 2461 1332 minorem
2476 1288 2695 1333 reatum
2709 1282 2915 1340 valere,
2936 1294 3117 1345 quam
3131 1283 3332 1342 illum,
3350 1296 3563 1347 quem
3580 1284 3823 1333 obscaen-

2182 1355 2268 1401 tas
2292 1352 2582 1414 quondam
2604 1354 2851 1416 publica,
2870 1359 2930 1405 et
2944 1353 3155 1405 eadem
3180 1360 3458 1406 cruenta
3485 1358 3684 1417 atque
3706 1354 3825 1405 inci:-

2181 1426 2271 1473 sta
2296 1424 2661 1474 contraxerit.

2240 1540 2403 1589 Vers.
2441 1538 2527 1593 10.
2566 1566 2623 1575 -
2661 1539 2828 1597 Quasi
2864 1554 3002 1587 uvas
3042 1540 3107 1587 in
3146 1540 3371 1589 deserto
3421 1541 3643 1589 inveni
3675 1540 3822 1589 lsi-3“.

2187 1611 2347 1674 quasi
2368 1612 2558 1673 prima
2576 1625 2742 1673 poma
2756 1610 2998 1672 ﬁculneae
3018 1611 3079 1658 in
3106 1613 3422 1659 cacumine
3444 1612 3603 1675 ejus.
3638 1612 3819 1676 indige-

824 1674 1215 1760 signitlcatum
1240 1674 1857 1764 Jeifoboa—im'

2187 1687 2288 1730 tres
2311 1696 2531 1731 eorum:
2569 1682 2675 1745 ipsi
2706 1687 2887 1729 autem
2926 1683 3293 1730 intraverunt
3344 1684 3428 1730 ad
3470 1674 3769 1745 Eccl/eger.
3794 1700 3811 1725 τε

2198 1754 2239 1770 η,
2297 1752 3024 1770 l'_,__n,‘_.,rl,'___,,,.n‘,,,,',.A
3074 1754 3306 1770 inﬁ,nn,'_
3389 1760 3429 1770 ,1
3491 1754 3505 1770 Ι
3641 1755 3651 1762 ‘
3733 1752 3743 1770 Ι

461 1774 613 1822 etde
640 1770 816 1821 Tribu
852 1770 1085 1819 Etfraim
1117 1769 1355 1820 venisse
1398 1774 1645 1834 constat,
1679 1776 1735 1821 et
1758 1769 2087 1822 studiosum

462 1841 704 1892 culturas
729 1840 924 1903 templi
948 1839 1150 1901 fuisse,
1180 1845 1355 1903 atque
1380 1842 1452 1891 ob
1485 1842 1597 1891 hoc
1623 1844 1683 1891 in
1705 1842 2083 1893 ollenSionem

462 1913 738 1965 incidisse
765 1911 1117 1962 Salomonis:
1152 1916 1252 1961 sed
1279 1916 1593 1975 postquam
1623 1913 1875 1963 tribuum
1900 1914 2083 1978 impe-

460 1986 611 2036 rium
635 1983 880 2045 adeptus
905 1986 1010 2045 est,
1038 1987 1241 2033 auctor
1264 1986 1437 2033 etiam
1476 1983 1842 2045 profanitatis
1873 1987 2079 2046 evasit,

460 2056 533 2107 ad
554 2054 777 2106 cultum
804 2065 1110 2104 Vaccarum
1136 2055 1501 2104 subditorum
1527 2067 1592 2104 co
1610 2055 1714 2105 rda
1754 2056 2078 2110 traducens.

462 2130 612 2189 Ergo
635 2124 867 2175 nomine
896 2124 1146 2185 Etl‘raim,
1196 2124 1468 2188 appellari
1510 2126 1826 2176 Jeroboam
1857 2134 2081 2191 putant,

461 2199 557 2260 qui
586 2196 714 2245 ideo
740 2194 1019 2257 speculari
1044 2207 1181 2244 cum
1210 2196 1327 2244 Deo
1345 2196 1535 2245 uictus
1558 2197 1651 2257 sit,
1677 2200 1829 2258 quod
1856 2201 2082 2261 priuset

460 2279 660 2319 curam
686 2264 976 2326 religionis
1000 2265 1292 2326 habuerit,
1320 2270 1377 2314 et
1393 2265 1698 2329 diligenter
1713 2272 2082 2330 quazl'uerant

461 2341 633 2397 recta,
661 2336 1043 2398 conspexerit.
1064 2336 1174 2385 Sed
1199 2336 1299 2398 qui
1320 2336 1475 2399 oliui,
1499 2340 1772 2401 inquam,
1800 2345 1921 2390 erat
1948 2343 2083 2393 Pro-

460 2410 652 2474 pheta,
678 2408 754 2456 ita
768 2407 960 2456 subito
983 2405 1056 2456 ad
1070 2418 1267 2468 prava,
1291 2405 1514 2470 defecit,
1540 2413 1604 2458 ut
1620 2412 1785 2459 ruina
1810 2416 1856 2456 et
1873 2414 2084 2471 laqueus

463 2479 587 2530 suis
609 2477 990 2528 sectatoribus
1012 2477 1367 2527 redderetur.
1397 2479 1623 2539 Quidni,
1650 2492 1782 2529 cum
1818 2482 1876 2531 in
1901 2481 2082 2533 domo

462 2550 566 2601 Dei
592 2551 871 2611 suiquein
896 2546 1162 2612 elegerat,
1182 2551 1401 2611 quanta
1413 2553 1503 2598 est
1524 2552 1776 2601 maxima
1802 2562 2080 2601 versaretur

461 2621 688 2673 insania
722 2622 749 2669 ?
782 2616 961 2684 445
1004 2620 1210 2669 Verum
1243 2618 1336 2669 hic
1365 2621 1528 2669 locus
1553 2621 1661 2671 hoc
1690 2621 1856 2671 modo
1886 2627 2080 2686 potest

463 2690 933 2756 compendiosms
951 2689 1241 2753 explicari,
1259 2694 1321 2739 ut
1343 2689 1625 2754 dicamus,
1655 2695 1788 2755 quia
1805 2694 1875 2743 de
1900 2701 2074 2741 contu-

464 2764 651 2817 inelus
663 2766 961 2828 prophetat
976 2774 1072 2811 um
1096 2774 1129 2810 a
1157 2766 1351 2812 sumta
1363 2765 1796 2825 conquestione,
1820 2778 1889 2814 ex
1903 2768 2074 2811 eodem

464 2836 606 2889 illud
635 2840 828 2887 tenore
860 2833 1189 2896 subjecerit,
1221 2846 1287 2884 ac
1315 2832 1361 2883 si
1392 2832 1610 2884 diceret
1644 2848 1656 2883 :
1688 2838 1733 2885 Ο
1760 2839 1821 2885 tu
1848 2834 2074 2899 popule,

464 2908 717 2974 profanis
742 2907 949 2957 ritibus
976 2906 1301 2968 subjugate,
1326 2905 1399 2954 ad
1424 2904 1724 2955 cumulum
1748 2907 2068 2970 iniquitatis

466 2987 584 3033 tum
611 2978 950 3044 spiritalium
975 2978 1385 3040 magistrorum
1403 2978 1746 3027 cntumeh‘as
1770 2978 2064 3039 addidisti,

464 3053 544 3104 ita
565 3056 627 3102 ut
648 3052 954 3115 prophetas
991 3051 1095 3100 Dei
1116 3049 1373 3111 insmos,
1400 3052 1456 3099 et
1482 3051 1641 3113 spirit
1660 3049 1761 3099 iles
1783 3052 2060 3111 magistros,

467 3122 677 3174 stultos
702 3135 971 3173 vocares:
999 3133 1129 3184 qum
1153 3122 1407 3171 amentia
1427 3121 1502 3171 de
1541 3121 1934 3184 magnitudine
1958 3121 2066 3171 ini-

467 3194 704 3258 quitatis
728 3194 929 3258 erupit.
956 3192 1225 3243 Audebas
1244 3196 1449 3255 quippe
1473 3192 1762 3242 interdum
1780 3192 2067 3254 quoddam

473 3278 606 3317 cum
648 3264 950 3329 promissis
994 3276 1190 3313 eorum
1236 3263 1379 3314 inire
1424 3269 1731 3326 certamen,
1758 3270 1813 3314 et
1837 3263 2065 3315 dicere:

469 3339 611 3388 Ecce
638 3334 973 3400 speculandi
999 3347 1215 3384 munus
1239 3336 1408 3385 ambo
1431 3335 1638 3396 pariter
1669 3334 1992 3396 sortiamur,
2014 3340 2070 3385 et

468 3408 886 3470 conspicamur,
916 3409 1113 3455 utrum
1159 3405 1254 3455 illa
1290 3406 1485 3455 omnia
1517 3406 1769 3469 veniant,
1805 3418 1938 3469 quae
1974 3408 2071 3458 isti

466 3479 634 3529 nobis
659 3483 900 3528 ventura
928 3476 1299 3526 denunciant.
1322 3476 1726 3539 Addebasque,
1750 3478 1889 3527 nihil
1914 3477 2069 3529 aliud

467 3548 772 3614 prophetas
796 3547 1001 3596 debere
1025 3547 1263 3601 censeri,
1291 3558 1464 3607 quam
1487 3547 1757 3598 hostilem
1782 3548 2069 3612 laqueum,

468 3620 528 3669 in
566 3618 793 3668 ruinam
840 3616 1183 3665 miserorum
1221 3618 1436 3665 civium
1470 3616 1826 3668 fabricatum.
1864 3621 2068 3682 Sicque

468 3686 888 3749 blasphemiam
920 3683 1286 3735 contumeliis
1309 3686 1664 3749 copulantes,
1689 3688 1747 3738 in
1774 3689 1945 3741 domo
1969 3692 2071 3742 Dei

469 3757 879 3824 prophetarum
922 3768 1053 3806 esse
1089 3756 1377 3807 insaniam
1416 3757 1713 3809 dicebatis.
1740 3760 1923 3820 Quam
1948 3762 2068 3826 opi-

470 3831 721 3889 nionem,
748 3840 888 3879 sane
911 3827 1165 3878 maxime
1185 3840 1313 3879 esse
1337 3828 1635 3893 sacrilegii,
1657 3831 1906 3884 invectio
1932 3836 2071 3885 sub-

464 3902 671 3966 juncta
693 3899 999 3952 convincit.

533 3975 695 4023 Vers.
722 3971 773 4024 9.
819 3999 879 4009 -
904 3970 1258 4023 Exclamavit
1291 3972 1444 4023 enim
1477 3990 1487 4021 :
1515 3974 1796 4038 Profunde
1834 3992 2073 4040 peccave-

468 4050 601 4094 runt
624 4045 760 4092 sicut
782 4044 841 4091 in
867 4042 1049 4092 diebus
1077 4043 1258 4094 Gabaa
1289 4044 1393 4108 [ΑΙ.
1430 4046 1723 4111 Gabaam].
1750 4048 2073 4098 Recordabi-

472 4122 561 4167 tur
585 4116 895 4179 iniquitatis
918 4129 1124 4178 eorum,
1151 4120 1196 4163 ct
1219 4115 1454 4164 visitabit
1472 4125 1690 4181 peccata
1714 4134 1914 4170 eorum.
1943 4124 2070 4173 Non

472 4194 578 4251 est,
612 4187 818 4251 inquit,
855 4186 967 4237 tale
1012 4185 1234 4236 facinus
1258 4191 1324 4237 ut
1360 4201 1607 4239 censura
1648 4190 1858 4252 judicis
1885 4192 2072 4245 valeat

469 4260 651 4323 ipsius
664 4257 939 4309 oblivisci.
967 4259 1037 4308 Et
1060 4258 1332 4319 quoniam
1358 4258 1614 4311 historia:
1633 4266 1844 4312 veteris
1862 4263 2071 4316 fecerat

470 4330 841 4391 mentionem,
866 4330 947 4379 ait
971 4341 983 4377 :
1009 4328 1397 4377 Recordabitur
1429 4330 1741 4393 iniquitatis
1764 4348 1949 4382 eorum
1974 4356 1986 4385 :
2013 4341 2071 4388 et

471 4401 800 4462 vindicabit,
813 4399 1016 4461 inquit.
1036 4406 1379 4463 praesentem
1395 4405 1794 4457 contumeliam
1809 4412 2069 4469 propheta-

468 4484 626 4523 rum:
656 4484 774 4523 non
814 4471 996 4521 serius
1035 4484 1207 4533 quam
1234 4473 1282 4522 si
1316 4473 1457 4524 illud
1486 4476 1699 4527 crimen
1722 4479 1794 4528 ad
1821 4493 2064 4535 examen

466 4543 797 4634 adduceret,
814 4542 968 4604 quod
980 4548 1329 4634 antekregum
1348 4548 1596 4634 aetatem,
1612 4548 2063 4634 JAud‘i‘cibusgen-
2086 4562 2143 4634 D

471 4618 585 4664 tem
601 4614 866 4665 Judaaam
888 4614 1237 4678 regentibus,
1261 4621 1672 4679 perpetrarunt.
1689 4619 1790 4670 Illo
1809 4614 2063 4683 siquidem

470 4686 726 4759 tempore
750 4684 1313 4759 levitaquidamcum
1330 4686 1403 4759 ad
1427 4687 1797 4741 habitationis
1824 4697 2065 4759 prepriae

466 4753 655 4803 locum
700 4755 925 4819 rediret,
972 4756 1032 4805 in
1076 4758 1281 4807 urbem
1306 4758 1488 4808 tribus
1530 4753 1945 4827 Benjamiticaa,
1973 4770 2067 4820 cui

465 4836 697 4897 nomen,
723 4829 845 4874 erat
889 4826 1098 4897 Gabaa,
1124 4827 1216 4878 die
1247 4830 1368 4891 jam
1402 4826 1937 4897 advesperascente,
1965 4839 2065 4891 de-

464 4894 644 4967 flexit.
672 4895 928 4956 Cumque
950 4896 1178 4947 nullum
1202 4897 1315 4949 illic
1340 4900 1626 4964 hospitem
1657 4894 1964 4967 reperisset
2002 4910 2064 4962 in

462 4963 878 5042 publico,.cum
904 4968 1133 5042 propria
1177 4982 1355 5020 uxore
1397 4963 1672 5023 consedit.
1714 4963 1819 5027 Sed
1845 4982 2065 5042 perdita

462 5036 714 5088 civitatis
720 5038 1018 5112 juventus,
1032 5050 1151 5112 non
1163 5044 1431 5112 contenta
1443 5042 1739 5095 diversorii
1756 5036 2061 5112 negatione

460 5120 747 5171 peccasse,
774 5107 1088 5158 sacerdotis
1114 5110 1495 5174 conjugemin
1508 5126 1678 5166 usum
1692 5107 2060 5175 obcénitatis

458 5179 715 5244 arripuit,
743 5182 1085 5241 tantumque
1101 5180 1572 5235 insolentissimis
1599 5185 1874 5241 foeditatis
1899 5206 2061 5247 exer-

460 5252 682 5327 cuit,iut
704 5250 875 5327 illusa
891 5250 1113 5327 mulier,
1128 5251 1279 5302 sicut
1302 5253 1575 5307 amiserat
1589 5259 1938 5321 pudicitiam.
1953 5270 2060 5327 pri-

460 5326 688 5374 varetur
709 5328 767 5374 et
791 5325 923 5376 vita.
963 5325 1070 5375 Sed
1095 5329 1325 5389 postero
1362 5327 1454 5376 die
1478 5328 1650 5381 levita
1673 5325 2055 5404 consurgens,

524 5472 540 5491 ·
563 5464 742 5514 Vetus
764 5463 959 5515 Editor
979 5464 1286 5517 maluisset
1310 5466 1367 5514 in
1384 5466 1697 5531 judicanles
1718 5474 2003 5527 exclamat.

520 5534 542 5561 ⁵
565 5535 785 5586 Vitiose
815 5536 1037 5599 loquens
1061 5551 1161 5602 pro
1187 5539 1411 5602 laqueus
1435 5542 1749 5606 legebatur.

472 5656 473 5659 η
521 5611 537 5631 τ
564 5606 645 5674 Ex
670 5606 762 5655 his
777 5608 1183 5672 Hieronymus,
1202 5623 1374 5674 quem
1404 5612 1566 5666 facile
1594 5617 1798 5669 Noster
1812 5620 1886 5670 ob
1917 5633 2054 5673 ocu-

452 5670 548 5755 lps
566 5672 832 5753 habebat.
851 5670 1015 5755 Ergo,
1039 5670 1246 5743 inquit,
1270 5683 1555 5734 Jeroboam
1572 5690 1732 5750 quasi
1754 5670 2054 5755 Speculator

457 5739 614 5790 dalus
634 5745 694 5791 iu
717 5754 915 5808 populo
934 5739 1041 5811 est,
1070 5739 1138 5798 ει-
1156 5739 1315 5814 quasi
1334 5739 1596 5818 propheta
1633 5775 1757 5810 curm

2184 1753 2479 1801 abalienati
2493 1757 2619 1800 sunt
2631 1752 2685 1799 in
2706 1752 3046 1815 confusione,
3060 1758 3107 1800 et
3122 1754 3272 1815 fac-ti
3282 1768 3311 1800 ε
3321 1769 3399 1801 un
3410 1760 3429 1801 t
3439 1752 3781 1803 abominata
3794 1776 3813 1799 ‘,

2181 1826 2319 1873 εἱηοιε
2340 1839 2401 1872 ea
2422 1838 2538 1887 quae
2555 1823 2878 1873 dilexean
2894 1826 2959 1872 In
2978 1835 3164 1873 unum
3179 1822 3423 1886 colligit
3435 1824 3815 1884 quwdivems

2183 1899 2347 1959 gesta
2363 1900 2500 1945 sunt
2518 1894 2890 1957 temporibus,
2912 1898 2979 1943 ut
2993 1892 3509 1962 exasquet,446
3527 1896 3688 1944 sicut
3702 1895 3818 1943 dixi-

2183 1980 2334 2027 mus,
2352 1970 2579 2016 reatum
2603 1965 2897 2028 religionis
2924 1966 3160 2015 violatae
3189 1970 3255 2015 et
3282 1967 3691 2016 Contumelias
3715 1979 3817 2028 pre-

2183 2038 2445 2101 phetalis.
2463 2038 2619 2087 Fecit
2637 2041 2831 2086 autem
2856 2048 3171 2087 excessum
3188 2037 3252 2086 in
3272 2037 3530 2087 laudem
3552 2046 3813 2097 parentum

2183 2121 2285 2173 per
2305 2120 2495 2171 quam.
2519 2107 3010 2169 degenerantibus
3027 2106 3181 2167 filiis,
3208 2114 3458 2159 crescat
3474 2107 3723 2159 invidia.
3741 2119 3816 2169 ap-

2186 2179 2567 2243 pareatque‘a
2591 2190 2703 2241 quo
2728 2176 2981 2230 culmine
3008 2178 3377 2241 sanctitatis,
3400 2180 3461 2229 in
3480 2191 3630 2241 quae
3654 2179 3813 2228 crimi-

2181 2263 2319 2301 num
2366 2250 2647 2314 profunda
2691 2249 3115 2301 descenderint.
3167 2251 3323 2299 Cum
3368 2250 3606 2311 densis,
3634 2250 3811 2311 inquit.

2180 2322 2490 2384 impietatis
2528 2321 2801 2384 vepribus
2845 2320 3140 2382 squaleret
3162 2326 3222 2371 et
3276 2326 3598 2383 tegeretur
3634 2328 3807 2371 natura

2179 2392 2526 2454 mortalium,
2553 2391 2862 2450 Abraham,
2892 2394 3055 2442 Isaac
3079 2395 3137 2440 et
3172 2392 3391 2450 Jacob,
3419 2392 3808 2453 generositatis

2171 2464 2391 2524 judicia
2436 2464 2876 2526 praestiterunt:
2922 2462 3003 2511 ita
3043 2462 3420 2513 suavitatem
3448 2463 3678 2514 debitae
3700 2474 3807 2525 erga

2180 2535 2365 2584 Deum
2407 2534 2812 2592 confessionis,
2855 2533 3021 2595 quasi
3063 2545 3213 2583 uvas
3239 2533 3486 2585 fieusve
3516 2537 3803 2598 parientes,

2178 2616 2354 2667 quam
2380 2604 2605 2655 illorum
2647 2604 2820 2655 fidem
2866 2609 3042 2666 atque
3077 2604 3397 2664 virtutem,
3436 2617 3563 2655 non
3597 2618 3699 2669 pro
3719 2616 3802 2653 sua

2176 2674 2466 2738 paucitate
2480 2674 2743 2738 despexi,
2769 2674 2870 2724 sed
2897 2679 3057 2724 tanto
3070 2676 3321 2737 majoris
3340 2674 3595 2726 honoris
3612 2680 3669 2726 et
3690 2684 3801 2737 επεν

2177 2747 2273 2797 tia:
2313 2745 2590 2809 iudicavi,
2632 2749 2849 2808 quanto
2896 2743 3061 2807 plura
3113 2746 3397 2808 gentium
3445 2748 3793 2811 profanarum

2176 2816 2439 2880 exempla
2450 2816 3072 2868 contemserunt.Sicut
3083 2829 3225 2879 ergo
3239 2818 3437 2867 vitem
3450 2819 3510 2867 in
3526 2823 3697 2869 vasta
3705 2820 3797 2864 seli-

2177 2886 2376 2937 tudine
2391 2889 2831 2951 germinantem,
2860 2885 3013 2936 sicut
3035 2886 3183 2936 licus
3196 2899 3587 2952 prsecoquas,
3602 2891 3791 2949 inqua-

2167 2970 2293 3009 rum
2315 2961 2703 3022 appetentiam
2734 2962 2792 3008 et
2834 2958 3271 3019 tempestivitas
3316 2962 3783 3011 commoveretet

2172 3029 2451 3091 suavitas,
2468 3031 2547 3081 ita
2562 3042 2664 3080 eos
2689 3029 2749 3079 in
2769 3029 3063 3091 gremium
3088 3041 3295 3079 meum
3320 3030 3532 3081 debita
3548 3034 3782 3080 sedulitate

2170 3101 2387 3163 collegi,
2418 3114 2490 3152 ne
2521 3100 2661 3164 quid
2696 3100 2767 3150 de
2796 3112 3000 3150 eorum
3024 3103 3129 3150 aut
3153 3101 3452 3151 fructibus
3475 3103 3689 3165 periret
3710 3108 3785 3149 aut

2166 3172 2456 3223 laudibus.
2493 3173 2600 3223 Sed
2630 3184 2762 3222 cum
2786 3183 2894 3235 ego
2917 3171 3196 3234 appellari
3232 3172 3405 3222 Deus
3454 3186 3682 3233 eorum,
3705 3172 3783 3234 qui

2166 3256 2321 3294 eram
2346 3255 2539 3295 rerum
2582 3243 2872 3305 dominus,
2910 3242 3243 3305 elegissem,
3271 3242 3547 3294 sobolem
3575 3256 3784 3308 quoque

2168 3328 2363 3367 eorum
2387 3314 2766 3379 multiplicate
2788 3315 3041 3377 perrexi,
3068 3312 3173 3363 sed
3196 3321 3215 3341 ο
3239 3313 3514 3377 degener
3541 3316 3779 3380 populus

2168 3394 2226 3441 et
2259 3388 2541 3441 malorum
2566 3401 2807 3439 suorum
2844 3388 3074 3452 pariter,
3099 3392 3157 3438 et
3191 3389 3528 3441 conditoris
3568 3390 3779 3442 oblitus.

2168 3460 2241 3512 ad
2266 3461 2487 3512 cultum
2511 3473 2709 3512 eorum
2736 3460 3041 3523 idolorum,
3069 3471 3207 3521 qum
3236 3459 3367 3511 sola
3402 3466 3781 3513 consecrasset

2168 3534 2541 3595 obsccenitas,
2565 3531 2824 3583 introivit
2859 3544 2872 3580 :
2901 3531 2975 3579 ad
2998 3530 3276 3592 Beelfegor
3320 3531 3601 3583 videlicet
3632 3543 3776 3596 quam

2170 3604 2409 3665 ﬁguram
2434 3603 2618 3665 Priapi
2645 3602 2916 3653 dixerunt
2940 3606 3158 3653 tenere.
3184 3601 3249 3653 1d
3270 3606 3476 3653 autem
3487 3606 3775 3652 commendat

2169 3674 2409 3726 historia
2422 3674 2550 3724 libri
2565 3676 2969 3735 Numerorum,
2984 3673 3043 3723 id
3055 3677 3164 3735 est,
3180 3673 3326 3736 quia
3342 3675 3674 3726 secundum
3684 3688 3775 3721 rou-

2170 3746 2360 3797 silium
2412 3744 2663 3808 Balaam,
2690 3747 2992 3795 instructae
3028 3744 3488 3797 Madianitarum
3524 3747 3770 3797 mulieres

2168 3817 2479 3868 Israelitico
2497 3816 2775 3869 exercitui
2791 3815 3025 3866 obviam
3041 3817 3380 3867 meretricio
3394 3817 3598 3868 habitu
3610 3822 3772 3881 gestu-

2170 3901 2283 3951 que
2301 3892 2720 3953 processerunt,
2740 3892 2806 3938 ut
2820 3899 2955 3937 cum
2972 3886 3103 3938 illos
3116 3886 3177 3937 in
3188 3890 3527 3951 appetentia
3542 3887 3770 3939 libidinis

2172 3960 2583 4020 concitassent,
2611 3971 2727 4010 non
2743 3960 2904 4022 prius
2926 3960 3113 4021 stupri
3133 3958 3479 4010 facultatem
3497 3963 3765 4021 pratici-ent

2171 4043 2345 4095 quam
2376 4030 2777 4093 Beelphegoris
2812 4029 2949 4079 idoli
2985 4030 3082 4079 sui
3109 4030 3403 4082 sacritlcio
3426 4032 3764 4096 polluissent.

2173 4104 2433 4167 Denique
2465 4102 2593 4153 talis
2616 4102 2674 4151 in
2700 4099 2975 4164 populum
2998 4100 3173 4164 plaga
3199 4104 3476 4164 surrexit,
3502 4110 3568 4154 ut
3597 4102 3764 4166 viginti

2169 4177 2226 4225 et
2250 4175 2353 4225 tria
2375 4172 2553 4224 millia
2573 4184 2687 4223 uno
2704 4172 2796 4222 die
2808 4172 3021 4235 pariter
3035 4172 3365 4223 interirent.
3384 4175 3661 4225 Confusio
3675 4186 3763 4234 erg!)

2170 4244 2603 4309 comprehendit
2647 4244 2942 4306 obcmnos,
2997 4255 3073 4294 ne
3120 4243 3325 4294 minus
3368 4245 3761 4296 abominabiles

2171 4318 2287 4368 Deo
2307 4317 2527 4379 flerent,
2550 4328 2725 4379 quam
2745 4314 2870 4378 ipsa
2886 4314 3057 4375 idola,
3078 4326 3334 4378 quorum
3359 4318 3761 4367 consectatione

2173 4387 2320 4452 [Αηί.
2339 4386 2846 4449 consecutionem]
2865 4385 3247 4448 deliquerant.
3268 4387 3759 4449 Haudigiturillius

2167 4460 2356 4511 aet-itis
2402 4457 2617 4522 populi,
2671 4470 2819 4521 quos
2848 4457 2995 4507 Osee
3036 4458 3324 4521 propheta
3367 4458 3687 4517 compellat.
3716 4460 3757 4508 in

2161 4531 2509 4595 Beelphegor
2535 4541 2800 4591 peccasse
2815 4528 3115 4591 dicuntur;
3145 4530 3247 4580 sed
3274 4531 3417 4593 quia
3439 4542 3759 4581 commemo-

2166 4604 2309 4657 ratio
2325 4600 2687 4663 antiquitatis
2714 4599 2954 4650 inducta
2976 4604 3086 4659 est,
3115 4605 3174 4650 et
3191 4606 3534 4652 sanctorum
3558 4608 3757 4665 patrum

2163 4675 2394 4727 laudata
2407 4688 2436 4732 μ
2448 4672 2784 4733 enerositas,
2798 4683 2933 4734 quae
2951 4672 3167 4733 posteri
3193 4686 3374 4720 eorum
3389 4676 3607 4723 diversis
3621 4676 3760 4722 etan-

2164 4748 2275 4798 bus
2287 4741 3111 4805 commiserunt,explicantur,
3132 4748 3199 4793 ut
3210 4756 3463 4806 quorum
3477 4748 3667 4793 similes
3676 4750 3756 4793 sint

2161 4817 2220 4869 hi
2234 4819 2330 4880 qui
2348 4816 2407 4865 in
2420 4813 2690 4879 praesenti
2706 4818 3049 4876 arguuntur,
3076 4821 3374 4878 appareat,
3390 4828 3461 4866 ac
3479 4816 3528 4867 si
3542 4820 3618 4864 eis
3636 4820 3757 4864 dici-

2162 4889 2461 4949 returzEn,
2496 4886 2553 4935 in
2577 4896 2709 4947 quas
2742 4884 3025 4935 dedecora
3060 4886 3137 4936 ab
3163 4885 3375 4937 illustri
3398 4888 3579 4951 stirpe
3600 4889 3756 4939 ﬂuxe-

2161 4964 2299 5011 runt
2314 4958 2463 5023 [Ant.
2493 4954 2937 5020 fluxerant].En,
2963 4957 3186 5019 quibus
3210 4963 3390 5010 tanta
3409 4960 3755 5024 fuitpaterna

2161 5028 2459 5094 dignitatis
2470 5027 2701 5090 oblivio,
2717 5032 2782 5078 ut
2802 5040 2936 5078 cum
2956 5030 3214 5091 majores
3233 5032 3507 5082 eorumin
3529 5032 3752 5085 salutem

2160 5100 2310 5163 eligi,
2343 5098 2565 5149 mundo
2601 5104 2895 5160 pereunte,
2944 5101 3323 5165 meruissent,
3356 5104 3450 5153 isti
3484 5103 3751 5167 deinceps.

2160 5170 2400 5245 stultitia
2424 5170 2483 5220 in
2520 5169 2601 5220 eis
2625 5173 2682 5219 et
2716 5170 3100 5245 obscmnitate
3140 5175 3518 5240 certantibus,
3544 5178 3751 5241 Priapos
3816 5210 3817 5245 ι

2160 5242 2490 5304 vitulosque
2515 5241 2773 5293 venerati
2798 5242 2931 5292 sint.

2219 5348 2379 5399 Vers.
2402 5345 2576 5401 11.19.
2596 5373 2655 5383 —
2671 5346 2910 5410 Eﬂ'ratm
2930 5350 3098 5412 quasi
3115 5353 3667 5417 avisavolavit,gloria
3679 5368 3744 5401 ro-

2157 5490 2257 5540 hoc
2288 5493 2360 5539 est
2388 5505 2511 5538 cum
2533 5488 2657 5553 Deo,
2684 5490 2780 5553 qui
2803 5489 2910 5538 haec
2937 5490 3061 5540 Osee
3086 5492 3361 5558 loquitur.

2218 5560 2238 5589 ⁴
2269 5561 2691 5625 Rescripsimus
2716 5577 2751 5609 a
2775 5575 2882 5624 quo
2924 5574 3029 5625 pro
3056 5563 3260 5618 inutili
3297 5580 3437 5619 voce
3461 5581 3604 5631 auso,
3624 5569 3727 5627 quod

2151 5636 2324 5686 antea
2333 5633 2641 5684 obtinebat.
2651 5633 3017 5704 PriorEditor
3030 5634 3148 5700 legi
3166 5638 3481 5693 maluisset
3494 5656 3527 5690 a
3543 5644 3722 5704 quanto.

2214 5704 2441 5779 '__Atque
2463 5704 2588 5756 heic
2618 5703 3000 5779 emendamus
3035 5708 3276 5773 degener
3322 5725 3425 5779 pro
3468 5703 3576 5776 quo
3594 5715 3723 5763 antea

2147 5774 2305 5830 nullo
2330 5789 2509 5830 sensu
2545 5779 2665 5831 erat
2692 5776 2950 5841 degenda.
