3880 6222
100 385 216 441 009

915 390 988 440 ΙΝ
1025 389 1265 443 OSEAM
1297 389 1881 444 COMMENTARIUS.
1930 394 2140 448 LIBER
2174 397 2553 456 SECUNDUS.

3236 405 3378 463 1010

100 511 196 578 um
219 512 257 578 ει
276 502 448 582 partu
469 503 515 546 et
538 498 605 546 ab
630 503 800 582 utero,
827 501 1387 582 eta_conceptu.‘0uod
1400 502 1447 582 si
1461 506 1680 582 et_'entt-
1698 505 1754 578 Α
1779 503 2141 582 condemnet.
2161 508 2459 574 sciantque
2477 527 2537 567 se
2548 514 2937 569 internecione
2953 514 3243 569 delendos.
3272 520 3379 572 Su—

99 569 320 615 riverint
343 569 487 629 ﬁlios
516 584 657 630 suos,
683 568 880 632 absque
904 570 1081 620 liberis
1104 587 1186 621 eos
1200 573 1405 635 faciam
1420 574 1478 622 in
1499 574 1680 622 homi-

99 638 247 687 tibus.
269 638 374 687 Sed
402 654 471 687 vae
494 641 587 699 eis,
606 655 728 689 cum
752 656 1003 690 recessero
1021 641 1087 690 ab
1103 644 1193 694 eis.
1212 642 1469 706 E/fraim,
1490 646 1675 707 inquit,

99 711 229 757 'uasi
268 711 389 758 avis
433 712 685 762 avolavit.
723 713 853 762 Jam
890 726 1062 774 supra
1100 714 1350 779 dixerat,
1393 717 1585 765 Factus
1608 721 1677 764 est

99 779 305 843 :‘ﬂ‘raim
320 782 483 845 quasi
514 782 756 831 columba
784 784 999 833 seducta
1020 800 1131 833 non
1157 785 1355 835 habens
1379 802 1486 837 cor.
1505 787 1676 850 [Egy-

99 856 219 899 tum
245 851 590 911 invocabant,
610 853 683 901 ad
705 854 961 917 Assyrios
984 855 1251 907 abierunt.
1284 859 1396 908 Iste
1426 872 1560 916 ergo
1578 872 1677 921 p0-

99 923 240 973 iulus
268 924 370 985 qui
402 924 585 974 noluit
606 924 755 975 inter
780 925 871 988 pia
893 926 1183 990 impieque
1206 929 1547 991 discernere,
1573 930 1675 981 sed

100 1000 255 1044 nctus
302 998 395 1045 est
442 995 854 1046 abominabilis
902 998 1051 1048 sicut
1086 1004 1141 1049 et
1182 1000 1306 1063 ipsa
1348 1001 1673 1063 simulacra,

99 1064 272 1116 nerito
299 1069 463 1115 tanta
483 1065 539 1115 in
559 1066 950 1129 captivitatem
971 1069 1272 1120 velocitate
1286 1072 1672 1132 transferetur,

99 1138 132 1185 ll.
155 1149 274 1186 non
298 1140 421 1185 tam
442 1136 776 1188 ambulasse
802 1151 975 1201 quam
1000 1139 1229 1191 volasse
1254 1141 1533 1193 videatur.
1562 1145 1675 1194 Nec

99 1218 257 1275 anith
304 1207 431 1257 sola
476 1207 628 1257 exilii
670 1209 849 1272 ﬂagra
882 1210 1145 1272 patietur,
1195 1212 1295 1263 sed
1343 1214 1675 1275 praecedens

99 1273 242 1343 £47
270 1276 952 1342 inopitemorborumque
969 1280 1265 1333 calamitas
1289 1273 1533 1334 ﬁliorum
1545 1297 1675 1335 con-

102 1352 255 1419 utnet
267 1350 560 1419 examina,
579 1354 640 1400 ut
651 1350 855 1413 puniat
869 1351 1085 1402 orbitas
1096 1365 1292 1404 eorum
1311 1359 1674 1419 pectora,quae

100 1417 222 1467 rius
257 1418 610 1471 faecunditas
645 1420 939 1471 eli‘erebat.
965 1422 1151 1471 Gloria
1175 1439 1381 1485 eorum,
1406 1417 1612 1487 inquit,
1640 1442 1675 1475 α

100 1493 245 1549 artu,
272 1493 317 1537 et
342 1489 410 1537 ab
432 1496 602 1552 utero,
626 1496 672 1538 et
697 1507 731 1538 a
758 1499 1025 1555 conceptu.
1057 1494 1209 1553 Quod
1237 1495 1285 1543 si
1315 1497 1674 1545 enutriverint

100 1559 202 1607 ﬁlios
222 1574 365 1619 suos,
406 1562 606 1624 absque
631 1560 811 1610 liberis
832 1578 915 1611 eos
936 1564 1143 1626 facium
1168 1565 1227 1613 in
1257 1566 1583 1618 hominibus.
1610 1568 1673 1618 Id

100 1631 169 1679 st.
196 1641 329 1679 cum
355 1630 909 1694 mternumjudicem
933 1634 1273 1685 criminibus
1285 1642 1670 1699 asperassent,

99 1698 204 1750 nhil
249 1700 321 1751 de
359 1703 493 1761 e;us
537 1702 855 1765 placatione
889 1710 1178 1759 curantes.
1219 1698 1673 1771 multiplicandis

100 1782 255 1821 tmen
294 1770 528 1823 familiis
561 1774 886 1836 gestiebant
919 1795 931 1824 :
984 1788 1111 1827 eam
1146 1770 1467 1829 felicitatem
1509 1793 1675 1830 suam

100 1840 418 1905 'loriamque
448 1846 768 1903 censentes,
787 1846 837 1896 si
862 1847 1056 1898 liceret
1082 1853 1204 1899 tum
1220 1849 1432 1900 sociare
1449 1852 1672 1902 nuben-

99 1924 152 1962 es
177 1916 297 1963 tum
322 1920 586 1978 spectare
597 1916 883 1977 gravidas,
904 1921 1025 1968 tum
1037 1919 1232 1970 audire
1244 1921 1544 1983 parientes.
1562 1925 1669 1972 Illic

103 1995 195 2053 rgo
208 1997 306 2034 eos
321 1985 456 2035 feria
469 1999 524 2036 m
539 1987 633 2038 ubi
660 1988 915 2039 maxime
932 1991 1246 2053 testabantur,
1264 1999 1317 2039 ut
1330 2007 1427 2040 non
1440 1996 1513 2041 eis
1528 1996 1673 2046 liceat

99 2052 210 2104 ilics
222 2056 449 2107 nutrire
464 2065 786 2124 susceptos,
818 2058 971 2111 velsi
991 2052 1251 2120 contigerit
1278 2065 1483 2125 nutrire,
1503 2067 1675 2124 deper-

99 2130 220 2183 :ant,
246 2127 430 2178 donec
447 2130 519 2180 ad
539 2131 868 2184 solitudinis
888 2130 1213 2194 squalorem
1233 2127 1457 2195 hoptata
1481 2137 1671 2183 dudum

100 2197 293 2248 oboles
309 2198 538 2252 defectu
553 2204 921 2266 perducatur,
937 2204 1133 2266 sicque
1155 2205 1401 2255 sentiant
1414 2206 1547 2268 quia
1557 2220 1673 2254 cum

99 2281 181 2318 ιοΠ
202 2270 382 2331 possit
410 2271 558 2324 bene
588 2288 715 2327 esse
741 2275 834 2326 his
875 2286 1023 2336 quos
1047 2273 1269 2337 desero,
1295 2277 1476 2327 multo
1498 2276 1674 2328 sithis

99 2340 309 2391 leterius
332 2354 484 2404 quos
509 2345 796 2409 depugno.

128 2411 283 2461 Vers.
325 2411 412 2467 13.
457 2414 542 2468 14.
577 2445 636 2453 —
660 2417 922 2482 Elfraim,
948 2423 1007 2465 ut
1029 2427 1046 2447 °
1072 2418 1188 2466 vidi
1220 2419 1391 2482 Tyrus
1413 2422 1527 2466 erat
1548 2416 1674 2480 fun-

100 2481 190 2528 ἀΙα
213 2482 271 2552 in
296 2484 726 2551 pulchritudine,
740 2493 784 2536 et
814 2486 1056 2551 E/fraim
1079 2481 1358 2537 educet’ad
1382 2490 1674 2552 interfecta“

99 2565 169 2596 em.
204 2551 342 2612 filios
372 2568 519 2615 suos,
546 2557 632 2605 Da
652 2560 742 2619 eis,
762 2559 1016 2607 Domine:
1053 2559 1189 2621 quid
1206 2559 1378 2622 dabis,
1406 2551 1673 2609 Domine?

99 2622 147 2669 )a
158 2621 227 2668 eis
240 2623 453 2672 vulvam
466 2627 787 2690 sineﬁtiis,et
806 2628 967 2677 ubera
982 2631 1198 2679 arentia
1230 2633 1386 2678 Etiam
1400 2633 1533 2691 apud
1546 2635 1673 2679 alios

99 2693 470 2753 ~r0plietarum
485 2697 833 2764 descriptam
850 2701 1070 2763 Tyriote
1093 2700 1346 2751 civitatis
1369 2703 1671 2753 atnmnita-

99 2776 178 2812 em
200 2769 257 2836 tt.
282 2764 668 2829 frequentiam
700 2770 1281 2836 legimuszitauteam
1297 2773 1669 2835 meretricem,

99 2834 571 2908 {eatiJezechielis
592 2834 891 2893 Canticum
903 2834 1672 2908 nominaverit,proptermut¥

99 2903 368 2958 itudiuem
401 2909 670 2964 videlicet
693 2915 1032 2973 carminum,
1055 2914 1264 2975 quibus
1283 2903 1400 2965 tota
1416 2903 1553 2966 urbs
1574 2929 1674 2978 per

99 2982 288 3027 lOCtCln
316 2979 375 3030 in
391 2979 627 3034 luxuria
643 2985 1038 3041 concrepabat.
1058 2985 1203 3046 Quia
1217 2998 1352 3048 ergo
1366 2986 1457 3037 hic
1476 2988 1672 3038 Sama-

100 3050 166 3098 ιω
196 3050 579 3102 mutationem
604 3054 813 3117 populo
845 3055 1674 3117 comminatuseratmtnugeret

104 3129 305 3169 ensum
335 3120 570 3186 doloris,
608 3126 1091 3188 pulchritudinem
1136 3126 1282 3189 ejus,
1322 3140 1454 3189 quae
1477 3128 1663 3179 fuitin

104 3191 367 3252 resperita
380 3198 451 3249 te,
475 3195 731 3255 miratur,
745 3210 811 3247 ac
828 3197 876 3245 si
892 3196 1132 3247 diceret:
1153 3198 1503 3249 Calamitatis
1517 3201 1664 3248 istius

1778 588 1877 647 pra
1888 577 2041 631 enim
2054 580 2296 641 dixerat,
2325 585 2477 644 quod
2495 588 2540 636 si
2557 590 2909 640 enutrissent
2927 587 3090 647 filios,
3117 592 3375 642 orbitatem

1775 646 1998 725 illorum
2011 649 2162 725 illico
2188 655 2559 718 sustinerent,
2585 670 2740 709 nunc
2752 664 2944 710 autem
2962 646 3140 725 4478
3158 663 3372 721 addidit,

1776 719 1941 768 arida
1966 720 2149 781 ubera,
2174 728 2230 774 et
2254 725 2625 789 prodigialem
2650 719 3008 781 sterilitatem
3024 719 3278 781 finininis
3296 719 3375 783 in?

1776 791 2087 866 gerendam
2119 799 2180 844 ut
2204 797 2564 860 populorum,
2591 812 2738 861 quos
2762 801 3001 864 depasta
3024 805 3110 852 est
3135 803 3375 866 captivi-

1776 866 1883 923 tas,
1916 863 2085 914 etiam
2110 867 2393 929 reparatio
2421 868 2771 932 desperetur.

1836 934 2007 1007 Vers.
2048 936 2133 989 15.
2182 937 2263 991 17.
2305 966 2364 976 —
2394 940 2584 989 Omnes
2607 942 2851 1005 nequitiae
2873 957 3057 990 eorum
3079 944 3136 992 in
3163 944 3371 1007 Galgat,

1775 1004 1910 1066 quia
1932 1005 2009 1054 ibi
2034 1022 2219 1055 cacosos
2249 1009 2419 1059 habui
2434 1026 2533 1074 eos,
2557 1004 2780 1076 propter
2808 1011 3087 1060 malicia-m
3111 1004 3374 1063 adiuuetu-

1776 1076 1987 1146 tionum
2011 1093 2216 1128 eorum.
2232 1082 2303 1129 De
2325 1082 2482 1131 domo
2499 1097 2619 1131 mea
2632 1082 2847 1146 ejiciam
2860 1097 2960 1140 eos,
2974 1098 3083 1131 non
3101 1084 3303 1133 addam
3322 1091 3376 1133 ut

1775 1145 2002 1208 diligam
2014 1164 2115 1209 eos,
2135 1166 2317 1200 omnes
2329 1153 2601 1216 principes
2612 1145 2798 1202 eorum
2822 1153 3132 1204 recedentes.
3160 1155 3376 1203 Percus-

1773 1231 1864 1264 sus
1892 1224 1967 1265 est
2000 1218 2257 1283 E/fraim,
2284 1224 2454 1273 radix
2480 1239 2668 1273 eorum
2698 1225 2969 1274 exsiccata
2991 1227 3061 1272 est
3092 1238 3104 1273 :
3137 1225 3377 1285 fructum

1774 1302 2121 1351 nequaquam
2145 1291 2361 1353 facient.
2392 1295 2542 1352 Quod
2569 1295 2616 1344 si
2640 1300 2685 1344 et
2708 1294 3012 1357 genuerint,
3053 1294 3377 1357 interﬁciam

1774 1360 2158 1430 amantissima
2179 1365 2319 1413 uteri
2342 1380 2545 1415 eorum.
2571 1366 2795 1430 Abjiciet
2815 1381 2898 1414 eos
2913 1366 3049 1414 Deus
3073 1380 3222 1413 meus
3238 1380 3249 1415 :
3266 1381 3377 1415 non

1774 1429 2069 1480 audierunt
2092 1441 2111 1461 ⁸
2132 1448 2274 1493 eum,
2300 1440 2346 1484 et
2368 1443 2527 1485 erunt
2550 1429 2674 1499 vagi
2690 1437 2752 1485 in
2783 1436 3183 1486 nationibuan
3201 1439 3375 1497 Galgal

1744 1504 1751 1512 '
1774 1499 2005 1561 quidem
2034 1504 2319 1568 praecipue
2351 1506 2505 1557 idola
2528 1508 2779 1559 coluisse
2802 1507 3141 1571 referuntur,
3169 1512 3226 1558 et
3248 1506 3375 1559 ideo

1773 1581 1976 1622 omnes
2000 1586 2198 1625 eorum
2214 1577 2500 1637 nequitias
2522 1578 2599 1627 ibi
2618 1576 2889 1628 collectas
2907 1590 3052 1630 esse.
3073 1581 3374 1638 pronunciat

1776 1650 2003 1704 propter
2024 1656 2169 1706 quas
2192 1647 2426 1698 eosdem
2445 1660 2507 1698 se
2526 1647 2718 1699 odisse
2734 1652 2997 1698 testatur.
3020 1650 3374 1699 Putaverunt

1773 1715 1965 1762 autem
2007 1714 2261 1779 quidam,
2297 1716 2432 1778 quia
2462 1723 2688 1781 propter
2723 1718 2967 1770 Saulem.
2998 1717 3107 1767 loci
3141 1730 3373 1779 quoque

1776 1783 1952 1845 hujus
1976 1785 2392 1838 sitrecordatus
2410 1789 2702 1851 propheta.
2717 1790 2782 1839 In
2812 1787 3009 1850 Galgal
3031 1788 3184 1839 enim
3210 1803 3372 1836 susce-

1779 1852 1859 1915 pit
1892 1855 2081 1916 gentis
2107 1857 2288 1919 ipsius
2312 1858 2726 1921 principatum;
2756 1870 2887 1920 quae
2912 1858 3205 1919 quoniam.
3222 1859 3372 1908 Jero-

1777 1923 1945 1975 boam
1955 1928 2199 1983 auctore,
2217 1928 2429 1979 vitulos
2454 1929 2718 1981 videlicet
2732 1932 3100 1979 consecrante
3113 1927 3372 1990 delique-

1772 2001 1878 2056 rat,
1904 1996 2030 2047 ideo
2056 2011 2156 2061 pro
2179 2000 2478 2050 occasione
2501 2001 2809 2063 prmsentis
2826 2004 3039 2062 reatus,
3056 2002 3205 2047 etiam
3221 2000 3365 2047 illum

1773 2063 2047 2129 originem
2070 2074 2304 2120 accusat
2315 2070 2541 2133 erroris,
2568 2084 2720 2129 cum,
2747 2069 3105 2121 sacerdotum
3124 2071 3370 2129 regimine

1774 2135 2179 2198 fastidito,esse
2191 2141 2299 2190 sub
2314 2141 2543 2205 regibus
2555 2142 2627 2192 ad
2643 2140 3073 2191 similitudinem
3089 2141 3368 2188 vicinarum

1773 2209 2389 2274 gentiumconcupivit.
2415 2212 2505 2262 Sic
2531 2224 2666 2274 ergo
2692 2212 2788 2273 ait,
2819 2212 3010 2260 Omnes
3032 2211 3371 2273 nequitier-

1776 2293 1899 2326 rum
1924 2279 1985 2326 in
2017 2280 2223 2344 Galgal.
2249 2284 2331 2331 Ac
2355 2282 2403 2331 si
2427 2282 2661 2343 diceret,
2675 2281 2788 2332 ista
2811 2294 2943 2344 quae
2966 2294 3123 2331 nunc
3142 2280 3370 2331 devora-

1774 2350 1854 2401 vit
1878 2350 2157 2414 impietas,
2169 2351 2304 2402 inde
2329 2352 2530 2404 habuit
2546 2365 2803 2415 caussas,
2820 2352 2933 2402 illic
2949 2351 3203 2414 suscepit
3223 2366 3372 2398 exor-

1773 2421 2052 2480 dium,ubi
2066 2423 2476 2486 rempublicam
2488 2424 2558 2474 de
2574 2420 2912 2477 sacerdotali
2928 2422 3001 2473 ad
3015 2425 3201 2482 regiam
3216 2427 3373 2469 trans-

1775 2492 2046 2544 tulerunt.
2074 2493 2181 2544 Sed
2206 2494 2296 2543 hic
2321 2507 2530 2545 sensus
2557 2494 2987 2546 videreturesse
3001 2491 3370 2543 subtiliorille

1771 2566 1963 2615 autem
1980 2562 2178 2614 clarior
2191 2568 2247 2615 et
2265 2564 2813 2628 validior,institutm
2825 2563 3118 2615 concionis
3138 2569 3302 2611 tenore
3314 2565 3366 2610 in

1772 2633 2005 2695 Galgala
2020 2637 2076 2683 et
2087 2634 2146 2683 in
2158 2633 2281 2684 aliis
2294 2634 2433 2685 locis
2446 2634 2664 2685 cultum
2679 2634 3157 2697 arguitidolorum
3172 2638 3368 2692 propter

1772 2705 1940 2766 cujus
1964 2707 2559 2768 errorem,ejecturum
2583 2718 2645 2756 se
2657 2718 2755 2756 eos
2772 2705 2842 2755 de
2864 2704 3035 2754 domo
3062 2705 3368 2762 sua,justus

1771 2775 1979 2825 arbiter
1993 2775 2566 2835 comminatur,eique
2585 2773 3067 2827 sententimaliud
3080 2772 3232 2834 quod
3245 2784 3367 2821 ma-

1771 2845 1861 2908 gis
1887 2847 2032 2906 urat,
2049 2844 2338 2906 adiungit:
2368 2845 2424 2895 id
2439 2848 2546 2907 est,
2566 2844 2689 2892 Non
2715 2844 2919 2892 addam
2944 2848 2999 2890 ut
3014 2842 3091 2890 dit
3102 2843 3360 2904 igameos.

1771 2915 1927 2977 Quod
1976 2916 2111 2967 etin
2138 2914 2411 2979 principio
2439 2914 2557 2965 filia
2589 2914 2701 2977 illa,
2737 2914 2945 2976 Atsque
2967 2912 3361 2975 misericordia,

1771 2987 1962 3036 futura
1978 2984 2570 3048 signavitEjiciendas
2582 2988 2776 3035 autem
2793 2983 2862 3034 de
2875 2983 3046 3034 domo
3063 2996 3168 3033 sua
3186 2985 3361 3040 tribus,

1770 3056 1825 3106 id
1840 3056 2024 3119 est,de
2043 3061 2191 3107 terra
2201 3054 2701 3119 Repromissionis,
2713 3054 3044 3117 annunciat,
3060 3053 3361 3115 quiaquan-

1765 3132 1889 3178 tum
1902 3127 1975 3178 ad
1990 3127 2291 3189 Templum
2305 3126 2552 3190 respicit,
2570 3125 2703 3175 olim
2721 3126 2794 3176 ab
2811 3137 2896 3187 eo,
2914 3124 3216 3175 Jeroboam
3232 3125 3361 3184 regis

1764 3198 2103 3263 perfunesta
2119 3194 3254 3259 commenta,discesserant.Severitatem
3270 3197 3282 3240 i
3292 3195 3363 3253 gi-

99 3262 542 3350 Jagnitudinem,
562 3278 671 3329 qua
686 3267 756 3318 de
775 3267 1655 3350 ﬁnibus'suis‘udtnimonsumta
1677 3272 1725 3346 ρ
1754 3262 1863 3350 tur,
1889 3280 2004 3332 qua
2036 3269 2106 3319 de
2132 3269 2341 3319 finibus
2365 3268 2618 3350 propriis
2636 3264 3358 3350 lejigciunturqpr‘qt‘anitisani

99 3330 811 3399 obole,mtgraverunt,non
828 3339 972 3389 bene
989 3338 1364 3398 intelligitnisi
1383 3344 1470 3400 qui
1485 3344 1653 3400 priora

99 3402 405 3454 onsiderat:
439 3411 577 3457 tunc
604 3409 759 3459 enim
781 3409 1059 3471 adverlet,
1087 3414 1304 3472 quanta
1325 3411 1385 3459 in
1410 3409 1661 3462 deterius

100 3473 228 3523 ierit
244 3473 395 3527 facta
410 3479 674 3539 mutatio,
694 3480 1100 3543 cumcogitnrit
1116 3488 1304 3540 quanto
1319 3482 1460 3541 prius
1474 3484 1659 3530 laetitia)

104 3554 194 3592 ore
218 3548 853 3613 vernaverintEf/‘raim,
870 3551 1074 3614 inquit,
1100 3555 1158 3598 ut
1184 3551 1295 3598 vidi
1313 3550 1464 3614 fAnt.
1483 3553 1658 3615 vidit},

99 3612 232 3675 'yrus
246 3622 361 3665 erat
407 3624 667 3670 aestuans
694 3612 965 3685 populus,
987 3622 1227 3672 aﬂluens
1243 3612 1421 3685 copiis
1444 3612 1656 3683 perstre-

103 3695 202 3732 ens
220 3684 464 3750 lusibus,
477 3684 899 3754 resonabatque
915 3692 1284 3754 carminibus,
1303 3684 1522 3751 utcujus
1533 3696 1660 3741 situs

100 3768 138 3803 xi
160 3760 217 3805 et
244 3768 278 3806 a
298 3757 466 3810 litore
488 3766 545 3812 et
570 3776 603 3811 ξι
627 3763 946 3813 continenti
974 3763 1341 3814 venientibus
1365 3763 1657 3827 arrideret,

108 3829 332 3898 tposset
347 3829 477 3885 dici,
501 3831 624 3894 ipsa
643 3835 772 3895 ejus
792 3833 934 3883 fund
956 3835 1242 3884 unentain
1260 3833 1514 3897 quadam
1532 3835 1661 3898 pul—

100 3894 380 3968 liritudine
397 3894 744 3953 constitisse.
766 3904 875 3954 Sed
891 3904 1038 3959 huic,
1055 3904 1149 3965 inq
1161 3894 1296 3954 uani
1309 3894 1550 3968 civitati,
1566 3908 1660 3953 de-

104 3965 201 4015 ciis
224 3968 461 4029 quidem
493 3971 931 4036 circumﬂuenti,
970 3972 1195 4024 nullum
1232 3979 1421 4025 tamen
1447 3965 1556 4025 sibi
1591 3976 1661 4026 de

100 4037 280 4108 .tstttia
300 4045 358 4090 et
385 4042 659 4105 religione
682 4045 1398 4108 praesidiumcomparanti,
1416 4047 1479 4095 ut
1494 4046 1563 4095 ad
1581 4048 1660 4093 in-

100 4107 450 4161 ertectionem
470 4125 608 4163 suos
624 4114 766 4166 illius
782 4116 1066 4166 educeret.
1086 4107 1387 4179 imperavit
1409 4118 1658 4167 saevien-

99 4178 318 4242 lumque
336 4181 596 4235 hostium
614 4190 903 4249 pateretur
919 4178 1316 4249 arbitria,qum
1334 4192 1512 4234 nostrae
1534 4189 1660 4247 legis

102 4257 341 4315 reecepta
367 4255 703 4308 calcaverat.
735 4258 967 4309 Mutatis
985 4262 1176 4307 autem
1192 4258 1253 4307 in
1274 4259 1657 4305 declinationem

99 4331 171 4368 3m
181 4323 435 4387 poribus,
455 4339 586 4389 quae
610 4328 799 4380 adhuc
820 4330 930 4380 sub
949 4326 1477 4378 Nabuchodonosor
1492 4330 1660 4375 futura

100 4396 213 4461 unt,
242 4397 409 4455 quasi
445 4396 467 4425 ⁴
491 4398 601 4449 alia
626 4401 771 4451 facta
794 4402 1223 4451 commemorat.
1252 4398 1478 4448 Etl‘raim
1500 4411 1655 4461 ergo,

100 4460 117 4510 l
146 4469 251 4527 est,
266 4467 526 4518 Samaria
552 4471 1013 4535 reliquarumque
1037 4471 1317 4520 Tribuum
1329 4460 1655 4533 multitudo,

99 4537 321 4586 intoest
349 4537 683 4593 ulciscentis
706 4546 917 4594 terrore
938 4552 1287 4605 compressa,
1312 4545 1376 4591 ut
1402 4539 1660 4592 sobolem

100 4615 221 4676 nam
246 4606 371 4669 ipse
396 4612 1060 4673 prepeinterﬂcientibus
1080 4612 1657 4676 prmpararetotl‘erre.

99 4675 220 4748 tuod
260 4678 463 4741 utique
487 4695 600 4732 non
624 4685 849 4747 agendo
871 4675 1139 4748 implesse
1159 4683 1384 4747 dicitur,
1414 4683 1514 4734 sed
1539 4696 1662 4734 me-

99 4745 557 4818 endo.Fitautem
572 4754 640 4804 de
654 4745 1070 4807 consuetudine
1084 4756 1201 4807 Scri
1208 4745 1505 4818 ptururum
1515 4758 1661 4815 quasi

99 4816 294 4891 chema
327 4821 676 4889 dubitantis,
710 4831 766 4877 et
792 4829 901 4878 sub
934 4816 1247 4891 rogatione,
1281 4826 1418 4889 quid
1449 4825 1660 4889 veniat,

100 4888 414 4961 unciantis.
433 4893 517 4942 Da
546 4897 634 4955 eis,
664 4888 916 4958 Domine;
946 4888 1081 4961 quid
1104 4897 1255 4946 dabis
1286 4888 1359 4945 eis
1379 4898 1402 4944 .9
1436 4888 1663 4945 Vulvam

99 4959 266 5023 nquit,
294 4963 414 5011 sine
437 4964 632 5031 liberis,
657 4973 703 5017 et
731 4968 895 5018 ubera
918 4959 1148 5018 arentia.
1169 4968 1665 5032 Ea,inquit,plaga

129 5108 145 5127 ¹
164 5102 517 5175 Constanter
548 5111 753 5162 minori
782 5124 1043 5171 numero,
1070 5112 1264 5163 minus
1280 5112 1475 5163 autem
1501 5111 1661 5175 bene,

106 5173 378 5246 gebatur,
406 5181 735 5233 cnulriveril.
760 5184 1145 5246 Subsequenti
1164 5183 1449 5235 versiculo
1461 5190 1504 5231 et
1518 5173 1665 5243 copu4

100 5254 174 5290 un
201 5243 353 5298 inter
376 5250 466 5297 sed
488 5256 543 5301 et
566 5268 637 5299 me
658 5243 1051 5316 adjunximus,
1078 5266 1209 5316 quin
1226 5257 1282 5303 et
1302 5254 1359 5303 in
1385 5255 1663 5304 Hebraico

99 5322 140 5368 ιε.
170 5322 357 5368 sonat.
373 5320 827 5388 Levioressupra
849 5338 1072 5376 errores
1092 5324 1661 5375 tacitiemendamus.

131 5390 150 5417 δ
186 5392 404 5453 Legere
427 5393 621 5443 malim
646 5400 839 5458 optatae
859 5397 1071 5445 dudum
1098 5395 1286 5443 sobolis
1306 5394 1524 5456 defectu,
1553 5400 1660 5446 etc.

127 5472 144 5493 ε
168 5461 313 5511 Male
338 5465 510 5513 antea
528 5466 657 5512 vidit
684 5467 891 5517 lectum
918 5480 1015 5530 pro
1041 5466 1179 5514 vidi:
1207 5470 1328 5516 tum
1358 5466 1665 5529 δριμεῖαι)Γο

99 5531 269 5591 ducet;
296 5533 547 5594 denique
560 5537 801 5587 alterum
819 5538 1047 5586 Domine
1060 5537 1155 5587 ubi
1171 5536 1397 5591 dicitur,
1416 5536 1549 5597 quid
1564 5538 1664 5584 da-

102 5602 142 5649 is
162 5602 413 5661 Domine,
434 5605 714 5657 Hebrmus
726 5617 776 5658 et
796 5607 899 5670 plet
913 5607 1396 5671 iquelibriomnes
1414 5610 1660 5665 ignorant.

130 5672 148 5699 ‘
178 5672 431 5724 l’laceret
458 5678 631 5726 veteri
660 5678 868 5728 Editori
894 5679 1078 5741 magis
1104 5678 1261 5740 quasi
1291 5678 1411 5739 jam
1436 5675 1599 5736 facta.

129 5751 145 5771 '
181 5746 530 5795 Sutl‘ecimus
552 5747 677 5797 heic
702 5764 820 5796 cum
858 5761 1189 5812 pronomen,
1216 5746 1663 5807 suifragantibus

99 5814 225 5864 lbl‘lS
251 5816 543 5875 omnibus,
569 5826 741 5880 atque
764 5819 889 5883 ipso
910 5820 1055 5870 intra
1083 5821 1327 5870 Auctore
1352 5820 1567 5867 nostro.

134 5884 153 5919 ί
175 5885 404 5937 Adduci
416 5887 649 5939 minime
663 5903 916 5952 possum,
937 5893 999 5942 ut
1015 5889 1243 5942 credam
1255 5905 1291 5939 α
1307 5886 1662 5953 praepositio-

1684 4636 1740 4710 D

1755 3340 1811 3390 in
1836 3352 1934 3389 eos
1950 3350 2280 3389 mansuram
2296 3338 2569 3400 promittt,
2590 3341 2656 3387 ut
2686 3336 2947 3387 videatur
2959 3334 3173 3385 nullius
3184 3334 3358 3385 mise-

1754 3409 2015 3460 ricordiae
2028 3421 2304 3459 successu
2321 3407 2697 3472 temperanda
2732 3406 2916 3469 Quod,
2928 3406 3199 3469 quoniam
3213 3420 3357 3465 grave

1757 3480 2267 3530 animadversionis
2283 3479 2515 3544 pondus
2530 3477 2993 3541 docebat,statim
3004 3491 3230 3524 caussam
3244 3488 3357 3535 quae

1758 3554 1914 3602 esset
1936 3562 2161 3615 magna,
2176 3551 2442 3613 subjecit.
2463 3549 2833 3607 Omnesenim,
2852 3548 2947 3609 ait,
2964 3547 3239 3611 principes
3268 3560 3356 3618 eo-
3428 3611 3437 3618 ο

1758 3637 1885 3670 rum
1908 3622 2213 3672 recedentes.
2241 3621 2403 3683 Quod
2430 3620 2625 3684 utique
2650 3620 2729 3670 ita
2749 3618 2960 3683 posuit,
2985 3630 3103 3668 non
3131 3621 3192 3667 ut
3208 3616 3360 3666 solos

1759 3695 2063 3757 optimates
2090 3693 2283 3757 lapsos
2308 3693 2363 3742 in
2388 3696 2623 3755 peccata
2647 3689 2914 3752 signaret,
2931 3688 3029 3739 sed
3053 3686 3200 3739 utde
3218 3688 3359 3757 vulgi

1759 3756 2162 3827 iniquitatibus
2184 3763 2463 3813 dubitatio
2488 3761 2648 3812 nulla
2674 3764 3010 3821 remaneret,
3025 3771 3156 3810 cum
3169 3770 3275 3808 nec
3290 3756 3360 3808 de

1759 3834 2110 3898 principibus
2155 3833 2380 3897 aliquis,
2414 3832 2513 3896 qui
2537 3844 2656 3883 non
2682 3844 2719 3883 θ.
2746 3830 2904 3882 cultu
2924 3831 3029 3881 Dei
3054 3828 3356 3891 recederet,

1758 3904 2100 3955 exstitisset.
2125 3904 2345 3967 Reliqui
2371 3915 2509 3954 sane
2539 3901 3357 3966 versusgeminantsententiam

1760 3975 1930 4038 paulo
1947 3980 2080 4025 ante
2102 3974 2485 4038 prmmissam,
2498 3973 2667 4031 idest,
2696 3984 2982 4035 perquam
2997 3971 3078 4021 eis
3096 3974 3153 4021 et
3173 3972 3361 4017 orbita-

1762 4050 1874 4096 tem
1899 4046 1950 4096 ei
1976 4044 2333 4096 sterilitatem
2359 4045 2565 4108 pariter
2592 4044 2778 4095 fuerat
2799 4042 3206 4093 comminatus.
3238 4040 3359 4089 Per-

1757 4131 1873 4164 cuss
1885 4132 1943 4164 us
1966 4115 2290 4179 cstE/fraim
2317 4129 2327 4163 :
2354 4115 2521 4163 mdia:
2534 4128 2721 4162 eorum
2734 4113 3104 4167 exsiccataest,
3120 4111 3360 4173 fructum

1762 4200 2106 4248 nequaquam
2144 4184 2361 4246 facient.
2392 4183 2542 4241 Quod
2569 4184 2618 4231 si
2652 4188 2698 4230 et
2714 4182 3017 4246 genuerint,
3034 4180 3360 4241 interﬁciam

1760 4256 2142 4305 amantissima
2169 4256 2305 4304 uteri
2328 4252 2769 4317 eorum.Abjiciet
2780 4268 2864 4301 eos
2886 4252 3024 4300 Deus
3042 4264 3204 4305 meus,
3224 4250 3361 4312 quia

1758 4341 1871 4375 non
1904 4327 2198 4375 audierunt
2231 4340 2373 4383 eum,
2399 4328 2557 4372 erunt
2580 4325 2706 4387 vagi
2730 4324 2792 4371 in
2818 4320 3147 4373 nationibus.
3176 4321 3356 4384 Ipsos,

1758 4397 1963 4461 inquit,
1978 4397 2202 4447 hauriet
2223 4396 2556 4470 captivitas,
2566 4394 2833 4470 sobolem
2852 4404 2982 4470 vero
3008 4403 3227 4470 eorum,
3246 4402 3361 4470 qua

1757 4469 1898 4519 nihil
1939 4467 2167 4519 dulcius
2213 4471 2303 4519 est
2344 4466 2695 4531 parentibus,
2736 4463 3031 4516 calamitas
3055 4460 3357 4524 multiplex

1760 4540 2034 4603 variaque
2056 4539 2380 4590 cons’umet.

2388 4651 2616 4703 CAPUT
2660 4650 2728 4700 X.

1761 4793 1781 4810 .
1825 4754 1988 4805 Vers.
2018 4749 2132 4805 1-3.
2168 4778 2227 4787 -
2264 4749 2393 4799 Vitis
2407 4747 2670 4811 frondosa
2688 4746 2871 4806 Israel,
2892 4743 3363 4809 fructesadaequa-

1762 4828 1847 4873 51.9
1867 4829 1939 4872 est
1955 4824 2029 4883 ei;
2066 4821 2363 4870 secundum
2387 4820 2791 4869 multitudinem
2823 4817 3032 4880 fructus
3055 4815 3160 4873 sui,
3186 4814 3365 4863 multi-

1760 4894 1983 4957 plicauit
2199 4893 2421 4943 altaria.
2441 4892 2615 4942 Juxta
2642 4890 2930 4938 ubertatem
2955 4893 3105 4937 terra
3120 4901 3364 4936 sumemu-

1762 4965 1961 5015 beravit
1987 4964 2006 4999 ί
2028 4982 2062 5014 a
2095 4964 2461 5013 sinmtachris.
2496 4962 2742 5011 Divisum
2767 4965 2837 5009 est
2860 4975 2950 5010 cor
2982 4973 3188 5017 eorum,
3218 4972 3367 5007 nunc

1762 5122 1896 5161 nem
1922 5109 2101 5160 fuisse
2116 5107 2577 5168 amanuensium,
2601 5105 2723 5157 sive
2740 5106 3079 5153 studiosorum
3095 5104 3368 5151 temeritate

1763 5182 1877 5233 huc
1897 5182 2199 5243 intrusam,
2229 5180 2454 5231 tametsi
2472 5192 2605 5230 cum
2618 5175 3068 5239 Hieronymiana
3086 5179 3206 5225 tum
3223 5172 3366 5224 Vul-

1763 5258 1897 5325 gata
1921 5251 2111 5313 editio,
2134 5256 2192 5302 et
2208 5251 2330 5325 libri
2344 5250 2436 5325 alii
2449 5250 2701 5325 plerique
2723 5261 2851 5300 eam
2867 5247 3148 5325 ignorent:
3170 5247 3366 5325 Quippe

1764 5324 2045 5375 Hebraeus
2059 5328 2252 5374 textus
2265 5324 2495 5377 manu:
2514 5322 2703 5381 habet,
2718 5332 2889 5383 quam
2904 5329 3101 5368 vocem
3114 5315 3244 5365 licet
3262 5315 3368 5365 ori-

1764 5395 1936 5458 ginis,
1964 5395 2083 5445 sive
2117 5393 2321 5444 radicis
2341 5393 2508 5456 paulo
2527 5390 3076 5467 obscurioris,atque
3094 5388 3365 5447 impeditae,

1768 5466 1925 5543 facile
1960 5470 2150 5543 tamen
2176 5470 2263 5543 est
2286 5464 2564 5543 arbitrari,
2593 5476 2663 5514 ex
2678 5466 2738 5543 ρ
2760 5461 3311 5543 prmposi‘tionequa‘a
3334 5471 3369 5504 α

1764 5537 2021 5586 redditur
2033 5536 2090 5585 in
2104 5537 2326 5607 Latino,
2338 5535 2663 5607 _tormatam._
2683 5532 3071 5607 Septuaginta,
3084 5529 3370 5607 (iniquitati:

1764 5606 2114 5669 interpretati
2141 5610 2297 5667 sunt,
2321 5605 2591 5656 deviasse
2615 5604 2895 5661 videntur,
2922 5600 3015 5652 vel
3038 5612 3110 5650 ex
3147 5599 3277 5651 nar
3312 5599 3370 5669 in

1764 5666 1975 5740 Hiphil,
2000 5677 2152 5738 quod
2185 5681 2272 5725 est
2302 5674 2576 5721 tumidum
2612 5675 2844 5748 reddere,
2878 5673 2997 5722 sive
3038 5671 3255 5748 erigere,

1764 5738 1965 5800 eam”
1981 5752 2137 5808 stare,
2164 5751 2227 5795 ut
2252 5757 2324 5795 ex
2349 5745 2644 5807 aliislocis,
2670 5750 2726 5795 et
2748 5744 2797 5797 ‘2.
2816 5746 3033 5805 lit-gum
3060 5738 3191 5793 1.19
3217 5738 3373 5789 colli-

1764 5819 1972 5876 gimus.
1988 5817 2146 5867 Adeo
2161 5829 2264 5866 nec
2291 5814 2605 5865 difﬁtemur
2628 5827 2798 5878 posse
2816 5812 3088 5873 nominis,
3114 5809 3371 5867 utaiunt,

1767 5886 2140 5938 formativum
2168 5900 2308 5936 mem
2334 5884 2528 5938 videri.
2564 5884 2673 5937 Sed
2696 5888 2877 5933 statua
2897 5883 3042 5936 my:
3079 5879 3306 5930 dicitur.
