3880 6222
461 318 589 375 1011

1504 294 1786 368 ’θυμιΝο
1821 315 2082 367 passer

2193 313 2284 365 RO
2314 313 2697 365 ASCRIPTUS
3698 306 3777 361 lilii

457 426 777 478 interibunt.
802 424 1424 499 Ipseconfringeleorum
1438 426 1802 499 simulachra,
1822 426 2061 499 depopu-
2078 428 2140 499 Α
2164 427 2304 499 tunc
2328 423 2477 475 sicut
2494 423 2792 499 quamdan
2814 424 3129 499 obtineant
3166 422 3581 499 libertatem,
3608 429 3709 479 qua
3724 431 3771 498 ne
3794 406 3797 489 ί

458 499 662 548 labitur
671 510 803 545 aras
816 510 1026 559 eorum,
1037 496 1172 560 quia
1183 510 1331 545 nunc
1347 496 1670 557 dicent,Non
1684 504 1753 547 est
1770 512 1868 546 rex
1888 495 2057 557 nobis,

460 584 573 619 non
589 568 737 618 enim
761 567 1010 616 timemus
1033 567 1350 629 Dominum,
1371 573 1416 617 et
1439 584 1536 618 rex
1552 569 1687 633 quid
1706 569 1864 631 faciet
1882 567 2068 616 nobis?

462 641 588 692 Una
611 637 931 699 eademque
946 638 1185 688 materia
1199 644 1285 689 est
1300 652 1400 702 per
1416 651 1590 702 quam
1606 641 1899 704 prophetae
1910 634 2068 687 currit

463 710 663 769 oratio,
687 708 743 759 id
769 712 877 769 est,
903 707 1265 771 populiillius
1299 720 1647 773 exaggerare
1680 710 1936 769 crimina,
1973 707 2071 758 de-

463 779 737 832 nunciare
751 778 1051 841 supplicia,
1064 779 1259 829 etideo
1284 779 1622 843 plerumque
1648 781 1885 841 similes,
1901 781 1957 829 et
1969 792 2072 826 eos-

465 850 599 901 dem
616 852 889 900 retractat.
902 847 1122 899 colores
1139 854 1423 910 quantum
1436 853 1627 901 tamen
1640 855 1847 914 potest,
1872 849 2071 909 aliquid

469 933 584 985 quo
616 924 923 981 noventur,
950 919 1313 978 admiscens;
1344 920 1518 984 igitur
1540 922 1869 973 frondosam
1894 920 2071 969 vitem

468 991 776 1044 nominans
788 989 1331 1049 Israelem,fructum
1347 990 1398 1042 ei
1409 991 1573 1054 aqu
1582 996 1781 1043 uatum
1798 1002 1925 1042 esse
1941 1000 2073 1053 pro-

469 1061 720 1115 nunciat.
737 1062 876 1113 Haec
898 1064 1093 1112 autem
1117 1060 1309 1123 vinea,
1321 1074 1453 1111 cum
1468 1063 1742 1113 translata
1753 1063 1822 1113 de
1840 1065 2068 1122 Egypto,

472 1138 681 1185 terram
728 1131 1213 1196 Repromissionis
1243 1131 1559 1196 implesset,
1594 1133 1837 1194 diffusis,
1864 1130 2068 1193 inquit.

471 1203 734 1256 constitit
760 1203 894 1255 lata
917 1202 1269 1266 palmitibus,
1287 1206 1346 1254 et
1363 1208 1588 1254 tantum
1613 1205 1930 1255 ubertatem
1948 1201 2070 1252 fru-

472 1278 690 1333 ctuum,
715 1273 772 1324 id
783 1278 889 1337 est,
904 1272 1152 1324 illiorum
1168 1276 1566 1337 nepotumque
1579 1274 1869 1339 produxit,
1896 1276 1958 1324 ut
1973 1283 2073 1322 an-

472 1349 646 1410 gusta
669 1349 950 1395 terrarum
974 1356 1121 1407 quas
1148 1348 1444 1408 acceperat
1462 1346 1655 1409 spacia
1678 1345 2070 1400 redderentur.

474 1416 602 1478 Sed,
620 1415 759 1479 quid
776 1414 987 1478 profuit
1018 1418 1225 1466 auctus
1251 1416 1465 1466 sobolis
1489 1416 1821 1479 contigisse,
1848 1418 2073 1472 cumita

473 1488 533 1538 in
557 1485 904 1539 contrarium
917 1497 1220 1548 erumpere
1233 1486 1575 1547 studuerint,
1605 1493 1670 1539 ut
1692 1488 1753 1537 in
1777 1499 2075 1541 meascon-

475 1556 759 1616 tumelias,
783 1556 881 1618 qui
903 1556 1049 1607 tanti
1078 1556 1335 1608 muneris
1357 1561 1558 1609 auctor
1578 1557 1816 1618 fueram,
1840 1572 1942 1621 pro
1964 1572 2073 1611 nu-

474 1641 632 1680 mero
656 1626 1048 1678 multitudinis
1059 1630 1438 1687 armarentur,
1464 1633 1520 1679 et
1545 1629 1712 1691 quasi
1732 1631 1925 1693 copias
1938 1642 2073 1682 suas

477 1699 791 1751 sceleribus
808 1710 1036 1761 mquare
1048 1698 1461 1750 contenderent
1476 1713 1487 1747 :
1506 1700 1730 1762 publice
1744 1703 2078 1762 privatimque

2165 493 2275 557 legi
2300 498 2581 556 cogantur
2595 495 2844 559 obedire,
2858 508 2970 547 nec
2989 495 3138 559 regi;
3154 492 3423 557 quippe
3443 499 3694 551 quorum
3704 494 3781 548 pri;
3796 498 3799 529 κ

2168 564 2351 627 cipem
2363 565 2548 615 hostis
2570 565 2893 628 abduxerit,
2919 571 2980 617 et
3004 567 3106 629 qui
3131 561 3495 627 religionis
3510 559 3785 624 jugum.»

2169 635 2327 698 tiqua
2350 636 2709 699 profanitate,
2725 637 3068 700 depulerint.
3092 639 3167 687 In
3194 636 3317 686 his
3347 644 3527 695 ergo,
3552 631 3647 685 ait,
3671 632 3786 683 saele

2168 706 2328 757 ribus
2372 707 2702 770 gestientes,
2742 707 3077 759 felicitatem
3110 710 3398 771 putant,
3444 701 3607 765 quod
3639 714 3737 753 nor;

2170 776 2441 827 diuturna
2452 789 2655 839 regum
2669 791 2907 829 suorum
2926 784 3231 831 vocentur
3256 774 3511 835 officia,
3538 773 3640 823 sed
3655 786 3789 836 pro:

2171 848 2445 911 degentes
2471 860 2665 899 annua
2680 850 2998 901 victoribus
3024 851 3273 901 tributa
3292 844 3791 910 dependant.

2170 918 2322 968 enim
2348 916 2444 977 illi,
2463 917 2535 969 de
2559 919 2770 981 quibus
2786 920 2867 970 ait
2884 920 3242 983 Apostolus,
3268 918 3679 979 Desperantes,

2172 989 2333 1053 tipsos
2345 988 2687 1037 tradiderunt
2700 990 3060 1053 impudicitiae
3074 992 3138 1039 in
3156 989 3599 1053 operationem
3612 988 3722 1035 imm
3734 1004 3796 1030 πμ

2169 1060 2320 1109 diciae
2333 1060 2510 1108 omnis
2525 1064 2570 1107 et
2580 1060 2825 1108 avaritiae
2838 1060 3053 1124 (Ephes.
3074 1061 3147 1122 4,)
3166 1077 3191 1119 ;
3210 1060 3321 1110 vel
3339 1059 3523 1109 sicut
3535 1056 3619 1107 illi
3633 1073 3739 1118 quos
3749 1062 3795 1104 :-

2169 1133 2297 1183 nuit
2308 1130 2741 1194 propheta,quia
2752 1131 3335 1197 dixerunt,Linguarn
3357 1135 3635 1177 nostram
3646 1143 3801 1189 mirga»

2167 1201 2621 1265 ﬁcabimus,labia
2632 1206 2817 1249 nostra
2830 1217 2865 1249 α
2876 1201 3030 1252 nobis
3039 1207 3198 1261 sunt,
3214 1218 3306 1266 qu
3316 1202 3374 1249 is
3390 1204 3596 1248 noster
3606 1207 3675 1248 est
3688 1201 3801 1246 dces.

2169 1287 2275 1321 nus
2289 1271 2451 1335 (Psal.
2470 1271 2576 1333 11.)
2596 1271 2711 1322 7ita
2734 1272 3022 1323 etdeistis
3054 1273 3289 1324 beatus
3334 1271 3512 1322 Osee
3537 1278 3801 1331 pronuntia;

2172 1342 2325 1407 quod
2343 1355 2410 1394 eo
2426 1354 2612 1404 usque
2635 1341 2997 1406 profanitatis
3023 1342 3384 1406 eruperint,
3408 1345 3489 1392 ut
3509 1340 3608 1392 vel
3640 1340 3803 1391 dixisse

2169 1413 2264 1465 vel
2286 1412 2474 1465 dicere
2499 1425 2673 1476 posse
2711 1413 3037 1473 videantur,
3063 1412 3203 1462 Non
3243 1419 3331 1461 est
3374 1427 3500 1461 rea:
3540 1410 3704 1471 nobis,
3732 1428 3795 1457 ea

2170 1485 2317 1533 enim
2354 1484 2602 1532 timemus
2637 1482 2964 1543 Dominum,
2997 1487 3044 1531 et
3088 1498 3197 1532 rex
3237 1482 3411 1546 quid
3450 1482 3629 1545 faciet
3660 1482 3802 1529 nobs

2170 1554 2341 1618 idest,
2359 1567 2394 1606 a
2417 1553 2597 1606 divini
2621 1553 2846 1604 timoris
2858 1553 3146 1605 molestiis
3166 1566 3420 1604 sumus
3440 1551 3720 1606 absoluti.
3735 1566 3799 1602 ne:

2175 1625 2460 1677 habemus
2482 1636 2696 1688 regem,
2724 1624 2826 1687 qui
2848 1623 2999 1675 hanc
3022 1624 3343 1675 dictorum
3370 1622 3691 1675 licentiam
3708 1634 3801 1685 pos-

2178 1696 2253 1747 sit
2275 1695 2491 1747 ulcisci.

476 1771 616 1823 deos
632 1770 913 1856 sibiquos
930 1769 1201 1856 colerent,
1214 1769 1592 1856 fabricat-ent?
1603 1772 1809 1856 Sicque
1830 1771 2072 1856 illavitis,
2099 1781 2153 1856 B
2178 1838 2210 1856 ι
2241 1766 2403 1828 Quod
2436 1764 2705 1846 quoniam
2729 1776 2977 1856 gravem
3001 1764 3153 1856 bene
3179 1764 3630 1856 eopsidera’nti
3666 1766 3799 1845 movi:

479 1852 613 1904 qum
625 1839 695 1891 de
708 1839 1021 1891 electorum
1034 1845 1263 1903 patrum
1278 1839 1459 1891 fuerat
1469 1841 1644 1905 stirpe
1655 1842 1924 1906 plantata,
1934 1845 1989 1891 in
2012 1845 2074 1892 bo

478 1916 633 1963 trum
663 1909 1087 1973 amaritudinis,
1105 1915 1163 1961 et
1186 1910 1247 1961 in
1270 1910 1562 1974 palmitem
1589 1912 1965 1963 Sodomorum
1987 1918 2079 1965 est

478 1992 775 2037 conversa.
798 1981 862 2032 ut
878 1984 995 2032 tam
1012 1980 1315 2044 populares
1328 1982 1559 2044 quique,
1578 1995 1749 2044 quam
1771 1983 2075 2049 principes,

478 2064 597 2103 non
620 2053 847 2102 tantum
867 2052 1194 2115 neglexisse
1206 2053 1513 2115 justitiam,
1528 2052 1631 2103 sed
1644 2065 1769 2104 eam
1782 2054 1954 2104 etiam
1964 2054 2075 2105 im-

479 2134 773 2187 pugnasse
816 2123 1150 2186 gauderent.
1200 2125 1347 2185 Ergo
1375 2124 1621 2172 Divisum
1654 2129 1726 2172 est
1757 2138 1847 2173 cor
1867 2139 2072 2189 eorum,

481 2206 628 2241 nunc
643 2191 960 2244 interibunt.
987 2193 1158 2251 Idest,
1184 2192 1502 2244 intentione
1521 2198 1639 2243 tota
1652 2204 1687 2244 a
1710 2206 1801 2244 me
1828 2194 2074 2257 separati

482 2266 638 2321 sunt,
674 2264 732 2312 et
759 2274 795 2312 a
817 2262 978 2313 cultu
1007 2262 1150 2323 legis
1174 2263 1400 2313 firmata
1422 2264 1737 2315 discessere
1762 2266 2066 2315 sententia.

480 2331 627 2392 Quid
656 2336 938 2395 superest,
956 2332 1069 2383 nisi
1092 2337 1157 2383 ut
1168 2332 1282 2384 fixa
1297 2332 1455 2385 clade
1467 2334 1790 2397 depereant,
1802 2342 1950 2396 atque
1958 2338 2072 2396 opi-

480 2401 671 2454 nionis
692 2412 815 2454 sum
839 2402 1159 2466 intelligant
1177 2404 1504 2468 vanitatem,
1530 2417 1645 2468 qua
1661 2418 1723 2456 se
1742 2405 1821 2456 ita
1836 2421 2071 2454 assueve—

480 2474 612 2525 rant
621 2471 923 2535 consolari,
941 2477 1008 2524 ut
1018 2472 1587 2537 dicerent,meliorem
1603 2481 1821 2527 statum
1833 2490 1982 2525 suum
1995 2478 2075 2525 vel

484 2543 595 2595 sub
606 2543 936 2607 captivitate
947 2544 1504 2608 censendum,quam
1520 2559 1652 2597 cum
1665 2563 1693 2595 a
1709 2545 1949 2613 sanctis4
1958 2545 2010 2613 5
2022 2544 2071 2614 0

481 2618 584 2666 aut
594 2614 962 2679 pontificibus
974 2616 1441 2679 gubernabantur
1455 2617 1799 2680 autregibus
1812 2622 1836 2666 Ρ
1854 2620 2007 2669 Inter
2017 2630 2079 2669 se

481 2684 675 2749 igitur,
688 2684 786 2749 ait,
810 2697 910 2751 per
935 2685 1349 2751 impudentiam
1378 2687 1792 2752 colloquentur,
1806 2688 2079 2753 quoniam

2178 1836 2750 1899 horrorem,increpat
2765 1839 2821 1886 et
2844 1835 3159 1898 exclamat,
3193 1835 3507 1900 [γενεά]
3526 1835 3799 1898 Loquimm

2177 1907 2331 1957 verba
2344 1906 2565 1955 visionis
2577 1906 2596 1953 i
2602 1906 2722 1953 ηυιί
2726 1905 2848 1954 lis‘et
2857 1905 3010 1968 feriet
3016 1905 3061 1953 is
3071 1905 3268 1968 foedus
3281 1913 3333 1955 et
3344 1921 3521 1970 germ
3528 1907 3589 1954 in
3596 1906 3698 1953 abit
3706 1920 3799 1967 ges-

2174 1979 2222 2027 si
2237 1977 2549 2026 amaritudo
2558 1977 2837 2041 judicium
2858 1991 3021 2039 super
3043 1976 3231 2025 sulcos
3244 1978 3406 2040 apri,
3430 1980 3639 2024 scilicet
3653 1980 3798 2037 quiia:

2174 2048 2332 2100 cordi
2376 2048 2467 2111 sit,
2507 2052 2666 2098 tanta
2710 2046 3003 2097 dementia
3038 2046 3260 2098 iniisse
3298 2061 3417 2099 vos
3458 2047 3659 2097 foedus
3700 2058 3798 2094 cum

2172 2119 2448 2171 extremis
2478 2118 2920 2180 calamitatibus,
2970 2118 3277 2180 sentietis,
3315 2119 3607 2181 adeoque
3630 2129 3795 2167 omnes

2172 2196 2383 2242 vestrm
2402 2184 2666 2254 regiones
2682 2189 2927 2240 diversis
2943 2188 3220 2240 cladibus
3237 2190 3682 2253 implebuntur,
3696 2192 3747 2236 ut

2167 2264 2311 2327 ipsis
2330 2261 2492 2313 terris
2508 2258 2761 2325 pericula
2784 2260 2970 2323 magis
2987 2259 3328 2312 videantur
3358 2260 3667 2324 pullulare
3682 2272 3795 2317 qum

2170 2332 2447 2397 germina.
2484 2332 2893 2395 Competenter
2926 2335 3153 2389 autem,
3182 2333 3338 2393 quia
3357 2344 3469 2383 eos
3496 2343 3621 2381 non
3645 2329 3793 2390 negli-

2170 2404 2387 2468 gentia,
2407 2402 2507 2453 sed
2533 2401 2724 2453 studio
2736 2400 3049 2463 deditaque
3066 2413 3259 2465 opera
3272 2401 3637 2465 peccavisse
3658 2402 3796 2457 signs-

2174 2479 2354 2534 verat,
2376 2473 2563 2525 sulcos
2587 2473 2930 2530 nominavit,
2948 2472 3289 2535 impressos
3309 2474 3500 2535 arvis,
3529 2473 3593 2522 in
3619 2471 3795 2533 quibus

2176 2545 2498 2597 amaritudo
2524 2544 2744 2607 judicii,
2772 2543 2829 2593 id
2854 2547 2963 2601 est,
2981 2542 3279 2596 vindictas
3305 2545 3603 2596 severitas
3627 2552 3791 2591 nasce-

2178 2622 2352 2668 retur.
2400 2616 2649 2678 Ideoque
2705 2626 2768 2666 se
2821 2616 3091 2677 nossent,
3150 2614 3321 2678 quod
3384 2614 3791 2667 seminaverant

2180 2699 2442 2740 messum
2460 2686 2559 2738 ire.

509 2831 3783 2858 Μ

1495 2982 1964 3082 LIBER
2082 2977 2773 3079 TERTIUS.

953 3176 1181 3272 CAPUT
1214 3220 1266 3271 X
1315 3220 1609 3283 (sequitur).

552 3354 712 3405 Vers.
739 3351 792 3406 5.
835 3351 886 3407 6.
933 3379 991 3389 -—
1022 3353 1215 3404 Vaccae
1239 3361 1257 3381 ⁸
1311 3352 1581 3402 Bethaven
1611 3351 1887 3403 coluerunt
1933 3352 2089 3403 habi-

494 3428 687 3473 tatores
713 3421 1005 3483 Samaria,
1031 3424 1167 3486 quia
1188 3423 1331 3471 luxit
1348 3438 1508 3486 super
1530 3438 1651 3472 eum
1672 3423 2029 3487 populusejus
2043 3428 2089 3472 et

486 3493 672 3542 aeditui
686 3492 972 3557 ejussuper
984 3507 1108 3541 eum
1135 3492 1513 3542 exultauerunt
1535 3493 1596 3541 in
1627 3494 1803 3556 gloria
1825 3493 1937 3557 ejus
1954 3493 2089 3559 quia

488 3562 755 3626 migravit
763 3561 830 3611 ab
840 3562 1205 3626 eo.Siquidem
1216 3568 1261 3612 et
1274 3563 1385 3626 ipse
1398 3564 1459 3611 in
1470 3565 1510 3612 Α
1519 3578 1642 3612 ssur
1654 3564 1860 3614 delatus
1871 3570 1961 3623 est,
1972 3580 2090 3613 mu-

492 3632 720 3695 nusregi
734 3632 916 3681 ultori.
930 3632 979 3680 Ε
978 3631 1173 3695 ffraim
1191 3633 1437 3693 confusio
1451 3634 1638 3696 capiet,
1665 3640 1711 3683 ct
1725 3634 2090 3697 confundetur

494 3702 659 3752 Israel
672 3703 736 3751 in
758 3701 1029 3750 voluntate
1049 3716 1167 3750 sua.
1194 3704 1364 3753 Hunc
1387 3702 1579 3754 locum
1602 3704 1831 3755 traditio
1848 3704 1869 3733 ⁴
1883 3708 2089 3755 Judaica

493 3774 574 3825 ita
605 3772 905 3823 consuevit
939 3784 1243 3835 exponere,
1281 3770 1391 3823 illis
1425 3773 1690 3824 videlicet
1713 3775 2088 3841 temporibus,

493 3842 707 3907 quibus
729 3842 977 3894 necdum
1000 3842 1230 3894 fuerant
1252 3843 1527 3896 Israelita;
1551 3845 1623 3895 ad
1642 3845 1936 3897 Medorum
1952 3859 2092 3899 arva

495 3912 774 3973 translati,
806 3912 908 3965 sed
935 3913 996 3965 in
1018 3914 1246 3978 propria
1260 3913 1449 3965 adhuc
1464 3916 1695 3979 regione
1708 3916 1986 3968 sistentes
1998 3922 2091 3967 As-

495 3983 667 4049 syriis
693 3984 904 4036 tributa
927 3983 1274 4049 pendebant,
1309 3985 1595 4038 exhausto
1632 3986 1853 4050 aerario,
1881 3987 2091 4039 vitulos

494 4067 644 4119 quos
666 4053 930 4107 colebant
960 4068 1063 4120 pro
1100 4056 1476 4119 vectigalibus
1501 4067 1519 4087 °
1555 4058 1793 4122 Assyrio
1815 4058 1993 4109 fuisse
2013 4058 2093 4109 di-

494 4129 701 4178 rectos.
714 4128 870 4187 Quos
883 4130 1095 4188 tamen,
1108 4139 1240 4177 cum
1256 4128 1555 4179 Jeroboam
1569 4141 1774 4180 aureos
1786 4131 2088 4188 fabricasset,

495 4197 568 4248 ab
590 4196 834 4248 Edituis
847 4197 985 4260 suis,
1012 4196 1224 4260 quibus
1240 4195 1393 4265 45|
1428 4211 1622 4250 eorum
1634 4200 1820 4252 fuerat
1831 4201 2093 4263 delegata

497 4267 780 4330 custodia,
805 4279 918 4319 aere
939 4266 1124 4319 fuisse
1145 4273 1419 4320 mutatos.
1451 4272 1593 4322 Cum
1617 4284 1753 4335 ergo
1771 4272 2092 4322 necessitas

494 4338 834 4400 exstitisset,
850 4341 918 4389 ut
930 4338 1005 4389 ad
1016 4338 1479 4403 supplementum
1493 4341 1837 4393 tributorum
1850 4344 1997 4390 etiam
2020 4342 2091 4388 vi-

498 4408 601 4460 tuli
613 4409 998 4473 mitterentur,
1010 4409 1282 4461 luxerunt
1294 4411 1527 4473 quidem
1544 4412 1757 4476 populi,
1773 4413 1873 4477 pui
1889 4425 1950 4464 se
1964 4414 2093 4461 aesti-

496 4480 736 4531 mabant
782 4480 1025 4532 numina
1055 4480 1405 4544 perdidisse:
1440 4482 1660 4533 fraudis
1702 4496 1836 4535 vero
1874 4481 2089 4535 conscii

497 4549 873 4602 ‘resultavere
888 4551 1179 4613 custodes,
1192 4552 1328 4614 quia
1341 4556 1419 4603 tra
1427 4552 1735 4604 nslatiselio
1746 4554 2087 4613 simulachris,

497 4619 669 4672 etiam
690 4620 1125 4683 inquisitionem
1142 4622 1277 4673 furti
1295 4622 1535 4674 ulterius
1558 4623 1754 4675 timere
1765 4624 2090 4676 desiissent.

496 4691 770 4751 Quamvis
785 4696 980 4743 autem
1002 4691 1137 4743 huic
1163 4693 1361 4744 sensui
1377 4694 1735 4746 occasionem
1747 4694 2088 4760 praestitisse

496 4760 663 4811 lectio
686 4761 968 4824 videatur,
989 4768 1184 4816 tamen
1197 4766 1573 4827 potestetiam
1590 4766 1699 4817 sub
1711 4771 1907 4819 tenore
1926 4766 2087 4817 insti-

498 4836 640 4884 tutae
663 4832 736 4883 ab
757 4833 920 4885 initio
956 4835 1376 4898 explanationis
1408 4836 1645 4900 liquere,
1688 4840 1753 4890 ut
1783 4844 2090 4902 postquam

496 4903 823 4955 comminax
852 4905 1219 4958 denuntiaret
1242 4909 1572 4968 auctoritas,
1598 4910 1752 4972 quod
1776 4922 1877 4973 per
1898 4910 2091 4961 sulcos

495 4976 635 5042 agri,
651 4987 848 5028 amara
860 4975 1089 5028 miseris
1104 4976 1246 5029 ultio
1270 4979 1635 5042 germinaret,
1655 4981 1849 5032 statim
1864 4996 2089 5029 caussam

493 5048 925 5114 indignationis,
944 5061 1048 5100 suo
1082 5060 1257 5111 more,
1274 5052 1560 5110 subjecerit.
1588 5052 1781 5103 Vaccae
1802 5054 2091 5113 Bethaven,

558 5186 576 5205 -
600 5175 689 5226 Ab
703 5173 813 5226 hoc
835 5171 959 5225 loco
989 5178 1228 5226 sanctus
1266 5186 1499 5239 quoque
1520 5176 1902 5240 Hieronymus
1927 5178 2093 5229 Com-

496 5245 845 5299 mentarium
871 5245 1104 5297 tertium
1127 5246 1478 5311 auspicatur,
1502 5247 1657 5311 quod
1680 5248 1889 5299 indicio
1905 5254 2011 5312 est,
2036 5248 2098 5301 in

496 5323 688 5370 vetere
705 5316 851 5369 sacri
870 5317 1091 5368 Textus
1114 5316 1416 5381 divisione,
1442 5319 1515 5370 ab
1553 5318 1644 5369 his
1681 5332 1897 5369 novum
1922 5323 2096 5384 caput

495 5388 723 5441 initium
745 5387 1056 5453 accepisse,
1084 5400 1252 5440 secus
1279 5392 1453 5451 atque
1479 5402 1639 5440 nunc
1659 5389 1921 5442 habetur.

558 5459 579 5489 δ
601 5459 879 5511 Fabulam
889 5463 1082 5511 narrat
1094 5464 1264 5512 vetus
1275 5460 1654 5512 Hebraeorum
1668 5463 1795 5510 liber
1809 5464 1898 5521 qui
1916 5460 2095 5510 Seder-

499 5530 658 5580 Otam
673 5530 1026 5582 inscribitur.
1043 5532 1245 5583 Narrat
1261 5536 1456 5583 autem
1474 5535 1531 5583 et
1555 5534 1608 5584 S.
1635 5532 2037 5596 Hieronymus,
2062 5541 2096 5581 a

499 5612 613 5662 quo
632 5601 836 5652 Noster
846 5600 1077 5655 videtur
1086 5603 1394 5666 accepisse.
1420 5603 1685 5665 Tradunt,
1698 5603 1882 5665 inquit,
1896 5599 2096 5650 Hebraei

498 5670 694 5718 vitulos
710 5683 904 5720 aureos
928 5687 963 5721 a
976 5672 1349 5723 Sacerdotibus
1358 5674 1511 5737 furto
1535 5689 1641 5724 csse
1659 5673 1909 5731 sublatos,
1932 5678 1979 5722 et
1997 5684 2097 5736 pro

502 5737 768 5807 his‘zneos
778 5744 826 5788 et
840 5741 1125 5791 deauratoe
1136 5745 1403 5807 repositos.
1412 5745 1590 5803 Ouum
1606 5744 1778 5807 igitur
1797 5744 1995 5807 lugeret
2007 5755 2099 5806 po-

498 5805 665 5867 putus
681 5811 911 5869 tempore
926 5805 1248 5864 necessitatis
1263 5819 1309 5863 et
1330 5805 1783 5877 angustiae,etiam
1795 5805 1987 5865 vitulos
2008 5805 2101 5864 au-

2110 4575 2168 4649 D

2108 3211 2159 3287 C
2184 3208 2474 3287 inquiens,
2499 3206 3125 3287 coluerunt_habitatores
3140 3207 3453 3287 ﬁamus-ix,
3467 3209 3528 3261 id
3544 3213 3774 3287 esurialis:

2185 3279 2452 3344 civitatis,
2479 3279 2580 3343 qui
2593 3278 2736 3330 alios
2759 3278 3086 3330 debuerant
3104 3280 3179 3330 ab
3205 3292 3401 3331 errore
3428 3272 3775 3334 revocare,ad

2186 3352 2393 3415 exigua
2416 3350 2644 3415 oppida,
2667 3350 2971 3401 adoratum
2994 3350 3317 3402 vitulorum
3344 3351 3657 3414 imagines,
3679 3357 3776 3395 cur-

2190 3422 2459 3473 sitabant.
2479 3422 2613 3472 Post
2628 3432 2761 3483 quae
2775 3421 3082 3483 sequentis
3094 3434 3440 3485 versus,per
3453 3419 3775 3485 hyperbaton

2188 3492 2326 3545 ordo
2339 3494 2614 3551 mutetur,
2627 3492 2759 3553 flatq
2768 3504 2840 3542 ue
2859 3491 2976 3543 ista
2999 3491 3302 3542 distinctio
3329 3510 3340 3539 :
3355 3493 3495 3555 quia
3510 3486 3775 3551 confunde-

2191 3569 2280 3613 tur
2299 3563 2535 3627 populus
2553 3562 2835 3620 Samaria,
2861 3574 2998 3612 cum
3026 3571 3043 3590 °
3059 3561 3343 3613 vilitatem
3367 3560 3773 3612 etinutilitatem

2188 3636 2429 3686 deorum
2457 3634 2601 3697 ejus,
2626 3633 2869 3684 adversa
2896 3632 3249 3684 detexerint.
3270 3635 3418 3684 Nam
3436 3634 3682 3697 cogente
3702 3639 3775 3690 pe-

2188 3705 2372 3765 nuria,
2391 3704 2559 3756 etiam
2579 3703 2687 3766 ipsi
2703 3702 2775 3754 ad
2801 3703 3118 3767 vectigalia
3135 3702 3461 3767 supplenda
3465 3704 3770 3766 jungemur.

2189 3788 2307 3827 non
2332 3774 2459 3839 plus
2484 3773 2748 3845 videlicet
2773 3773 3059 3845 habentes
3093 3773 3399 3833 momenti,
3442 3786 3631 3845 quam
3664 3770 3771 3845 raLif?

2190 3846 2376 3911 poscit
2392 3845 2623 3897 metalli.
2646 3847 2716 3896 Et
2734 3843 2860 3895 ideo
2872 3844 3079 3897 infelix
3107 3845 3358 3909 populus
3368 3856 3472 3895 eos
3489 3843 3770 3904 lachrymts

2190 3921 2582 3982 prosequetur,
2604 3927 2750 3978 quos
2774 3915 2943 3977 paulo
2968 3920 3105 3966 ante
3130 3929 3267 3966 cum
3296 3915 3514 3965 honore
3549 3913 3767 3965 maxime

2190 3981 2247 4039 et
2256 3987 2562 4038 ariolorum
2576 3985 2799 4049 gaudiis
2810 3991 3275 4038 consecraverat.
3291 3985 3395 4035 Con
3402 3985 3557 4048 fusio
3568 3981 3769 4047 Eﬂ’mim

2190 4058 2378 4122 capiet,
2419 4062 2463 4105 et
2487 4056 2851 4119 confundetur
2882 4057 3049 4105 Israel
3082 4058 3149 4106 in
3178 4057 3452 4107 voluntate
3486 4071 3623 4117 sua,
3644 4054 3769 4115 cujus

2190 4131 2407 4180 tantam
2453 4127 2730 4178 nimirum
2782 4126 3218 4180 deformitatem
3268 4133 3327 4179 et
3369 4131 3491 4177 tam
3523 4127 3763 4178 acerbum

2191 4198 2539 4263 stipendium
2575 4203 2965 4262 recognoscet.

2253 4272 2412 4321 Vers.
2441 4269 2490 4323 7.
2524 4268 2575 4323 8.
2610 4296 2668 4305 —
2695 4269 2943 4319 Transire
2966 4269 3092 4332 fecit
3124 4270 3387 4319 Samaria
3410 4284 3595 4333 regem
3624 4279 3763 4318 suum.

2190 4342 2350 4405 quasi
2362 4354 2614 4405 spumam
2628 4354 2789 4403 super
2800 4338 3001 4401 faciem
3021 4354 3200 4404 aquae.
3220 4341 3624 4405 Disperdentur
3641 4334 3763 4388 ereti-

2188 4412 2256 4461 sit
2282 4412 2431 4471 idoli,
2445 4415 2719 4475 peccatum
2746 4410 2981 4471 Israelis,
3003 4410 3177 4475 lappa
3200 4418 3244 4460 et
3269 4410 3502 4459 tribulus
3518 4408 3764 4460 ascendant

2186 4499 2348 4549 super
2370 4497 2498 4531 aras
2521 4495 2725 4543 eorum,
2750 4485 2796 4528 et
2828 4480 3005 4529 dicent
3044 4482 3342 4544 montibus,
3372 4482 3588 4545 Operite
3619 4480 3764 4537 need

2188 4554 2422 4616 collibus,
2452 4552 2636 4603 Cadite
2654 4566 2815 4615 super
2834 4566 2950 4601 nos.
2978 4553 3277 4614 Quantum
3299 4552 3371 4604 ad
3394 4552 3661 4604 divinam
3682 4549 3764 4615 pie-

2190 4631 2366 4678 tatem
2386 4624 2865 4685 clementiamque
2890 4623 3151 4687 respicit,
3177 4624 3388 4687 inquit,
3413 4623 3706 4675 volueram
3724 4620 3763 4687 ut

2186 4696 2347 4748 ﬂeret
2363 4695 2446 4747 eis
2472 4698 2641 4747 terrae
2679 4684 2805 4746 suae
2838 4684 3016 4758 longa
3044 4697 3103 4744 et
3126 4684 3337 4746 secura
3357 4694 3674 4758 possessio,
3696 4684 3764 4741 sed

2188 4767 2392 4831 gravia
2414 4779 2614 4818 eorum
2632 4765 2928 4829 sacrilegia
2950 4765 3321 4829 restiterunt,
3334 4770 3391 4817 et
3410 4781 3611 4829 regem,
3635 4764 3688 4815 id
3702 4768 3764 4812 est.

2187 4852 2433 4903 regnum
2451 4851 2643 4902 suum,
2662 4837 2828 4890 celeri
2841 4837 3256 4901 compulerunt
3268 4838 3415 4902 [Αηε.
3436 4832 3768 4899 compulerunt?

2190 4910 2302 4961 ﬁne
2322 4909 2497 4961 deleri
2526 4929 2536 4958 :
2564 4910 2644 4961 ita
2668 4913 2736 4960 ut
2757 4909 2941 4959 instar
2982 4921 3217 4971 spumae
3231 4920 3403 4972 aqum
3423 4908 3690 4959 cursibus
3710 4906 3767 4955 in-

2188 4979 2464 5044 natantis,
2486 4984 2543 5032 et
2564 4979 2878 5044 profanitas
2900 4978 3097 5042 gentis
3128 4979 3423 5031 laberetur
3451 4981 3509 5029 et
3529 4977 3764 5040 dignitas.

2191 5051 2425 5103 Cunctis
2441 5051 2614 5115 igitur
2625 5050 2897 5111 delubris,
2914 5061 3168 5114 quorum
3179 5049 3549 5114 frequentatu
3564 5057 3766 5100 censue

2190 5191 2306 5226 reos
2330 5177 2471 5225 inter
2493 5190 2728 5225 munera
2748 5177 2933 5224 cratera
2958 5174 3213 5237 Assyriis
3234 5173 3471 5239 regibus,
3493 5178 3540 5222 et
3556 5172 3763 5221 maxime

2189 5248 2304 5311 regi
2334 5246 2716 5304 Sennacherib,
2743 5245 2809 5293 ab
2835 5245 3000 5294 Israel
3022 5261 3147 5308 rege
3180 5261 3288 5295 esse
3313 5247 3563 5295 dirutos:
3585 5243 3764 5293 eatulta-

2190 5319 2322 5368 bunt
2342 5318 2543 5378 aeditui,
2568 5318 2714 5381 quod
2734 5318 2894 5378 fraus
2916 5332 3108 5367 eorum
3134 5331 3493 5382 nequaquam
3515 5321 3672 5381 posset
3699 5330 3764 5363 ar-

2188 5390 2303 5454 gui,
2333 5389 2411 5438 vel
2436 5389 2783 5452 deprehendi,
2810 5393 2919 5438 etc.

2252 5468 2271 5489 ·
2295 5461 2465 5511 Hunc
2513 5457 2786 5509 laudatus
2830 5456 2972 5509 liber
2995 5457 3361 5509 Sedetham
3405 5459 3757 5511 Salmanassa-

2191 5542 2360 5581 rum:
2410 5528 2812 5592 Hieronymus,
2857 5531 2927 5578 ut
2972 5531 3245 5580 notatum
3294 5529 3471 5582 modo
3515 5532 3615 5589 est,
3652 5524 3754 5576 dicit

2192 5598 2697 5653 Sennacheribum.

2256 5672 2276 5701 ‘
2300 5670 2491 5722 Mallet
2518 5667 2668 5733 prior
2689 5667 2885 5719 Editor
2902 5668 3235 5721 exultavere.

2259 5751 2275 5771 ·
2299 5740 2522 5794 Vitiosa
2542 5738 2653 5803 legi
2676 5738 2982 5793 videbatur
3003 5739 3323 5792 utilitatem.
