3880 6222
81 337 183 393 013

923 350 996 399 ΙΝ
1030 346 1269 399 OSEAM
1302 346 1883 400 COMMENTARIUS.
1919 346 2131 399 LIBER
2166 349 2483 402 TERTIUS.

3230 344 3372 404 1014

80 454 311 536 gratiae
320 462 638 536 asperare,
654 455 995 536 hostiliigne
1011 458 1349 536 consumtis,
1367 469 1497 536 aras
1506 472 1680 536 eorum
1705 462 1754 534 Α
1780 460 2164 536 monte-sancto
2189 462 2318 536 tuo}
2339 460 2443 536 qui
2458 461 2764 536 ingreditur
2782 462 2900 510 sine
2920 459 3154 521 macula,
3177 463 3225 509 et
3246 472 3369 524 ope'

82 524 283 601 uineta
306 534 486 601 conve
500 525 578 601 sti
593 532 728 601 ent,
769 528 847 601 ita
882 534 949 579 ut
980 529 1074 601 qui
1101 528 1356 601 reliquus
1380 528 1563 601 fuerit,
1588 528 1682 581 vel
1705 524 1754 534 ”’
1775 533 1936 577 ratur
1942 528 2232 601 justitiam.
2258 530 2627 601 Quitoquitur
2646 532 2924 581 veritatem
2940 530 3001 579 in
3024 531 3305 593 cordesuo,
3320 536 3370 581 et

80 590 286 665 ludoris
342 594 455 653 sui.
488 597 575 646 vel
595 597 1422 661 timorisimpulsudelitescere
1439 600 1679 660 cupiat,si
1780 613 1892 648 non
1915 590 2021 662 egit
2053 599 2238 647 dolum
2276 600 2333 647 in
2370 590 2561 663 lingua
2580 615 2697 663 sua,
2721 617 2815 650 nce
2836 601 2959 662 fecit
2984 602 3239 665 proximo
3270 590 3367 651 suo

86 675 162 713 on
190 662 364 734 datur
385 667 662 721 aliter,vel
678 670 788 720 sub
809 683 902 720 mo
926 671 1112 722 ntium
1141 666 1675 734 aliquorum'ruinis,

1781 670 2008 732 malum,
2033 675 2078 718 et
2089 670 2439 734 opprobrium
2456 687 2565 719 non
2577 674 2772 735 accepit
2787 672 3041 721 adversus
3045 672 3366 736 proximum

79 733 376 806 tutandum
407 742 630 801 autem,
657 741 795 801 quia
818 740 975 791 hunc
1001 733 1249 793 versum'
1265 745 1322 792 et
1342 741 1402 792 in
1418 743 1677 803 Evange-
1777 755 1959 791 suum.
1984 740 2072 790 Ad
2093 733 2336 789 nihilum
2360 741 2612 790 deductus
2634 733 2703 790 est
2725 743 2788 790 in
2819 733 3094 806 conspectu
3110 743 3223 805 ejus
3248 757 3366 791 ma-

78 816 112 881 lo
146 804 434 881 Dominus
467 812 817 862 assumserit
843 812 995 867 (Luc.
1031 811 1119 866 Q3.
1157 812 1285 875 30.),
1311 816 1377 863 ut
1408 815 1672 863 metuen-

77 877 187 923 ium
209 880 355 946 vota
380 877 655 939 signaret,
675 886 846 944 atque
872 883 943 933 de
970 883 1388 946 scripturarum
1402 895 1562 934 more
1580 883 1675 935 de-

1779 811 2222 875 lignus,timentes
2235 817 2413 861 autem
2428 812 2723 861 Dominum
2739 813 3053 875 magnifica!
3072 811 3362 876 (PsaML).
3421 822 3431 833 ‘

1778 884 2011 945 Propter
2052 883 2159 935 has
2208 896 2342 946 ergo
2388 883 2535 933 duas
2576 881 2926 945 iniquitates,
2962 895 3030 933 ea
3057 895 3189 945 qum
3223 882 3365 934 mihi

80 944 310 1018 cendat,
336 949 591 1010 prolatas
611 955 671 1002 in
694 965 962 1004 caussam
988 944 1239 1018 aliquam
1267 949 1669 1006 sententiased
1773 944 1970 1005 minus
2000 954 2253 1016 jocunda
2276 944 2356 1006 sit
2378 953 2683 1005 afﬂictione
2715 944 3053 1004 consumam
3077 944 3299 1017 impios.

78 1013 264 1066 imilia
290 1020 537 1083 negocia
564 1022 833 1075 decenter
854 1013 1095 1075 assumi:

1835 1026 1996 1076 Vers.
2017 1025 2103 1079 11.
2131 1024 2217 1080 12.
2247 1053 2307 1063 -
2326 1025 2565 1091 Eﬁ'raim
2589 1024 2761 1073 vitula
2784 1023 2939 1072 docta
2964 1023 3183 1085 diligere
3206 1024 3368 1073 tritu-

110 1085 271 1164 Yers.
293 1087 358 1164 r9.
394 1118 457 1127 —
481 1092 571 1141 Ea:
611 1094 794 1143 diebus
834 1096 1035 1154 Gabaa,
1073 1097 1305 1159 peccavit
1342 1094 1505 1144 Israel
1535 1108 1549 1145 :
1591 1094 1668 1143 ibi
1768 1109 1912 1159 ram,
1938 1102 1987 1146 et
2015 1111 2107 1160 ego
2132 1095 2308 1164 453
2336 1085 2565 1145 transivi
2580 1110 2743 1159 super
2762 1093 3223 1159 pulchritudinem
3246 1094 3367 1164 coqui

77 1159 298 1230 'eterunt
323 1173 338 1209 :
371 1169 390 1189 ⁸
420 1166 809 1227 comprehendi
832 1181 916 1215 eos
939 1168 1002 1215 in
1026 1166 1213 1216 Gabaa
1231 1165 1482 1230 pretium
1505 1174 1666 1230 super

1767 1166 1914 1230 ejus;
1940 1162 2229 1217 ascendam
2247 1162 2408 1232 super
2429 1166 2688 1231 Effraim,
2706 1164 2885 1215 arabit
2913 1162 3369 1229 [AnLorabitJJu-

80 1225 175 1275 tios
198 1225 697 1302 iniquitatis—Jan)
722 1249 896 1301 supra
922 1238 1201 1301 temporis
1219 1225 1406 1301 ipsius
1424 1225 1663 1286 intuleret
1765 1225 2230 1302 daspconfringet
2271 1225 2373 1288 sibi
2412 1225 2586 1287 sulcos
2621 1225 2801 1287 Jacob.
2829 1225 3101 1286 Sentinate
3123 1233 3265 1283 vobis
3307 1233 3370 1280 in

75 1299 416 1372 ientionem,
456 1305 553 1355 ubi
577 1307 674 1367 ait,
704 1299 977 1371 quoniam
1007 1299 1065 1359 hi
1096 1299 1309 1372 quibus
1338 1312 1502 1359 erant
1528 1320 1661 1371 pro-

76 1367 348 1450 hetarum
380 1373 531 1450 dicta
576 1367 807 1439 deris—ui,
836 1379 915 1429 ita
940 1367 1321 1442 peccaverint,
1341 1383 1409 1431 ut
1430 1367 1631 1430 illa—(3a

76 1446 409 1521 aonitarum
428 1446 728 1521 juventus,
753 1463 886 1521 quas
901 1463 1148 1501 uxorem
1165 1450 1365 1502 levitm
1381 1462 1567 1512 usque
1578 1449 1654 1500 ad

76 1515 339 1585 iteritum
376 1517 697 1579 polluisset.
740 1520 847 1572 Sed
882 1534 954 1573 ne
974 1524 1130 1573 esset
1146 1522 1348 1585 jejuna
1370 1521 1651 1584 repetitio.

1750 1307 1995 1394 iustitia,
2029 1310 2265 1394 etmetite
2285 1310 2346 1358 in
2377 1324 2466 1394 ore
2489 1306 2872 1394 misericordiae
2896 1321 2908 1356 :
2931 1306 2988 1354 in
3000 1303 3366 1394 novateJLA'nt.

1759 1374 2049 1444 invocate]
2078 1380 2222 1430 vobis
2245 1380 2461 1430 novate:
2494 1384 2699 1443 tempus
2721 1383 2901 1427 autem
2924 1375 3241 1440 requirendi
3265 1374 3365 1423 Do-

1756 1451 1992 1510 minum,
2020 1466 2143 1499 cum
2164 1452 2365 1501 venerit
2389 1452 2486 1514 qui
2502 1451 2599 1500 doc
2609 1449 2710 1498 ebit
2720 1464 2811 1499 vos
2818 1448 3113 1513 justitiam.
3128 1450 3366 1496 Atrectum

1751 1515 2160 1584 indignationis
2176 1535 2317 1582 suae,
2345 1522 2540 1574 verbis
2565 1520 2939 1572 irridentibus
2955 1517 3359 1583 publicavit,ut

81 1594 181 1666 uos
205 1584 655 1666 ibi‘contulerat.
674 1591 768 1666 hic
793 1592 1061 1666 proponit
1079 1584 1307 1666 dieens:
1336 1591 1653 1666 Similecrl-
1749 1596 1999 1658 gentem,
2035 1605 2166 1656 quae
2211 1597 2343 1666 erat
2364 1592 2553 1666 pmnis
2594 1592 2847 1666 obnoxia
2873 1595 3249 1666 opportunam
3274 1588 3365 1666 di—

75 1663 179 1703 nen
208 1654 395 1707 videri
424 1659 657 1721 quidem
680 1654 937 1725 illorum',
962 1664 1060 1725 qui
1090 1663 1310 1715 incesta
1333 1665 1648 1711 obscaenitate
1747 1654 2037 1726 gnamque
2053 1654 2303 1715 terendis
2320 1654 2586 1725 frugibus
2599 1661 2843 1714 vitulam
2856 1660 3364 1718 nominaret.Cujus

73 1731 405 1790 teccassent,
433 1733 491 1780 et
519 1730 723 1783 horum
754 1734 853 1796 qui
876 1734 1033 1785 viros
1057 1733 1404 1797 spirituales,
1433 1733 1644 1785 stultos
1745 1745 1884 1785 sane
1907 1734 2374 1798 imbecillitatem,
2392 1747 2538 1785 sexu
2556 1733 2770 1797 pariter
2790 1736 2849 1784 et
2874 1735 3050 1784 mtate
3080 1729 3358 1795 signavit:

74 1799 423 1898 .finiflntglsqug
434 1808 750 1898 censerﬁnt.
766 1806 819 1898 Et
833 1807 945 1898 iclan
959 1805 1296 1898 saavitgram
1310 1805 1639 1898 captivitatem
1663 1824 1718 1898 B
1748 1804 1952 1870 quippe
1966 1818 2161 1898 quam,
2172 1818 2349 1898 supra
2360 1805 2627 1898 co'ﬂatam
2641 1802 2974 1898 Gabaqnitis
2987 1802 3145 1898 omni
3155 1815 3216 1850 ex
3227 1806 3363 1898 pﬁrte

299 1880 314 1898 ι
352 1881 381 1898 n
431 1883 578 1898 Innm
608 1886 619 1898 ι
668 1887 801 1898 ..υ-..Α
827 1886 852 1898 Α
903 1888 950 1898 υ-
987 1887 1116 1898 an...
1184 1876 1364 1898 Λ-εξηυυι
1419 1887 1637 1898 ..-κη-ιιι
1748 1877 2069 1898 ..ηαδ-.--κει
2141 1888 2261 1898 ...ι-..Α
2332 1877 2403 1898 -..ζ
2453 1889 2518 1898 Α...
2570 1888 2598 1898 Α
2639 1887 2758 1898 ,κη-ιν.
2789 1887 2813 1898 η
2865 1873 2920 1898 ..ε
2952 1887 2985 1898 η
3014 1885 3103 1898 nm
3131 1887 3253 1898 Iun-‘1‘
3296 1876 3339 1898 nl

141 1864 582 1948 similitudinem
604 1873 757 1924 illius
773 1873 1119 1948 cladis,qum
1138 1863 1638 1948 Benjamitaspene
1663 1863 1718 1898 Β
1746 1863 2091 1948 postposuit,
2117 1863 2265 1942 Ergo
2309 1876 2619 1939 irridendo,
2637 1887 2763 1926 eam
2786 1876 2843 1925 et
2865 1873 3108 1925 vitulam
3129 1873 3360 1948 appellat,

73 1938 436 1991 uternecione
454 1940 942 1996 deleverat.Nunc
954 1958 1089 2009 ergo
1105 1938 1271 2009 quasi
1284 1938 1579 2009 culparum
1600 1951 1647 1992 et
1743 1947 1801 1996 et
1844 1938 2141 2010 pulchram
2166 1938 2287 2000 :‘et
2326 1960 2525 1999 earum
2550 1938 2985 2011 pressurarum,
3017 1956 3162 2007 quas
3186 1942 3357 1994 malis

73 2013 345 2083 Fomenta
368 2022 670 2073 poenarum
682 2014 1216 2068 adexaminandum
1240 2015 1416 2082 452
1431 2031 1647 2077 suspeu-
1746 2018 1955 2069 studiis
1972 2020 2201 2077 meruit,
2229 2018 2561 2083 diligentem
2594 2035 2605 2066 :
2634 2029 2752 2069 non
2775 2016 2979 2079 utique
2993 2014 3149 2078 quod
3171 2027 3360 2064 aerum-

73 2076 207 2155 lens,
233 2078 390 2155 hanc
404 2093 539 2155 quas
555 2088 645 2155 est
662 2085 940 2147 posterior
958 2076 1286 2149 graviorem
1310 2076 1648 2149 pronunciat
1744 2100 1851 2139 nas
1870 2101 2006 2140 suas
2029 2076 2221 2142 amare
2240 2076 2441 2153 posset
2455 2089 2681 2150 afﬂicta,
2707 2087 2808 2138 sed
2834 2076 2987 2149 quod
3011 2076 3089 2136 ita
3112 2085 3196 2136 eis
3230 2096 3358 2149 per-

71 2145 345 2222 iltionem.
374 2152 499 2202 Non
530 2145 730 2216 utique
752 2155 823 2206 de
845 2145 1039 2215 nihilo,
1068 2157 1169 2207 sed
1193 2145 1346 2218 quod
1369 2157 1648 2208 illicinter
1747 2160 2091 2211 sententiam
2124 2145 2474 2222 necteretur,
2514 2145 2886 2211 sicut-solent
2908 2160 3141 2221 pectora
3163 2145 3358 2207 amore

1742 2226 2098 2282 inflammata
2122 2232 2230 2283 sibi
2254 2230 2530 2294 coniungi
2569 2228 2780 2281 Cervix
2797 2228 2973 2291 igitur
2987 2227 3190 2286 subjici
3205 2229 3360 2287 digna

1746 2302 2069 2361 tormentis,
2095 2307 2277 2354 aestus
2295 2306 2352 2353 et
2374 2314 2547 2354 auras
2572 2299 2753 2351 latum
2790 2298 3266 2362 irepromittitur,
3291 2302 3359 2348 ut

1747 2384 1880 2434 qum
1903 2373 1956 2424 ei
1984 2386 2117 2424 cum
2139 2373 2210 2425 de
2231 2374 2352 2424 risu
2374 2372 2757 2424 comminator
2779 2368 3041 2431 insultet,
3066 2383 3239 2417 eorum
3250 2382 3358 2416 ma-

1746 2433 1951 2503 lorum,
1979 2443 2191 2506 quibus
2209 2449 2299 2495 est
2322 2443 2687 2506 dignissima,
2714 2446 2775 2493 et
2798 2439 3070 2504 cupidam
3091 2449 3358 2501 eampro-

1746 2513 1986 2565 nunciat
2001 2516 2057 2565 et
2086 2514 2346 2576 peritam.
2366 2513 2624 2577 Eﬁ'raim,
2649 2511 2854 2575 inquit,
2869 2510 3042 2559 vitula
3065 2507 3359 2558 doctadili-

1747 2598 1866 2647 gere
1888 2584 2165 2646 trituram,
2181 2588 2231 2634 et
2240 2600 2331 2648 ego
2346 2583 2578 2633 transivi
2588 2580 3225 2646 superpulchritudincm
3236 2579 3359 2629 colli

1746 2654 1891 2717 ejus:
1922 2655 2210 2704 ascendam
2251 2669 2431 2719 super,
2489 2652 2753 2718 Eﬂ‘raim,
2786 2650 2966 2700 arabit
2995 2650 3191 2707 Judas,
3227 2664 3357 2699 con-

71 2218 197 2270 icies
214 2219 418 2272 decem
437 2228 494 2273 et
510 2226 681 2275 unius
698 2227 907 2278 Tribus
921 2228 1020 2278 diu
1036 2233 1397 2279 certemanen
1408 2228 1649 2276 erraverit

71 2293 105 2369 st
120 2289 457 2369 Gabaonitaa
474 2297 743 2369 quamvis
754 2298 946 2369 exigui
965 2310 1440 2362 numero,magno
1454 2302 1649 2349 tamen

71 2360 164 2411 vint
191 2360 387 2414 labore
414 2367 685 2429 superati.
718 2368 823 2418 Hic
850 2360 987 2420 vero
1010 2370 1090 2420 ita
1114 2381 1314 2420 omnes
1328 2360 1650 2421 Samarita-

71 2443 174 2480 'um
186 2444 348 2497 opes,
363 2437 758 2497 prmcedentes
775 2438 1034 2491 ultimam
1050 2441 1428 2503 eversionem,
1449 2442 1651 2488 calami-

72 2505 194 2575 ates
209 2505 656 2571 eversionesque
669 2511 1130 2575 comsumserint,
1149 2515 1213 2562 ut
1227 2523 1398 2563 nemo
1420 2526 1526 2560 esse
1541 2511 1653 2572 qui-

69 2573 286 2652 iaberet
302 2575 911 2652 ﬂduciamgresistendl.
933 2584 1017 2632 Ex
1040 2573 1246 2633 diebus
1268 2582 1443 2645 igitur
1457 2583 1652 2633 Gabaa

69 2644 323 2716 Israelem
356 2650 684 2711 peccavisse
720 2655 1085 2716 pronunciat;
1135 2652 1238 2704 sed
1271 2644 1369 2704 illo
1398 2656 1651 2713 tempore

69 2714 384 2797 lliqllflnfliu
407 2714 752 2797 constitisse,
777 2736 845 2797 ac
866 2714 1080 2797 virium
1097 2736 1331 2775 suarum
1353 2727 1651 2773 documenta

69 2789 417 2871 gravissimis
441 2791 1248 2871 edidisse_conﬂictibus.lflam
1266 2795 1432 2871 tertio
1447 2798 1649 2871 demum

69 2863 261 2938 tertam
267 2862 365 2911 ine
379 2862 661 2938 auxilium
681 2865 779 2938 Dei
794 2865 952 2938 lachr
954 2880 989 2929 y
997 2866 1105 2917 mis
1116 2865 1484 2930 implorantes
1501 2869 1652 2915 Israe-

74 2930 165 2980 itae
181 2942 385 2983 omnes
402 2934 696 2986 confecero
706 2936 1021 2988 victoriam.
1036 2938 1202 2987 Nunc
1218 2937 1652 3000 vero,quoniam

67 3011 169 3080 son
179 3001 371 3080 solum
385 3003 440 3055 in
457 3004 639 3057 aciem
651 3006 972 3080 adversum
988 3008 1258 3071 Assyrios
1269 3019 1443 3080 nemo
1455 3022 1653 3080 preces.

67 3072 143 3152 sit,
170 3072 273 3123 sed
298 3086 486 3152 neque
501 3088 700 3152 muros
717 3090 855 3152 suos
879 3078 1190 3152 voluerunt
1215 3078 1385 3141 tueri,
1413 3078 1542 3152 ideo
1565 3079 1651 3130 di-

67 3144 129 3193 :it
153 3144 435 3208 propheta
502 3149 587 3198 Ex
613 3148 972 3201 miseriarum
993 3149 1242 3209 cumulo,
1269 3149 1646 3212 quantitatem

1747 2725 1948 2788 fringet
1991 2725 2094 2774 sibi
2136 2725 2307 2775 sulcos
2349 2724 2532 2775 Jacob.
2570 2725 2707 2787 Ego,
2731 2721 2936 2784 inquit,
2957 2719 3103 2770 colla
3125 2719 3354 2771 Eﬂ‘raim

1747 2796 2029 2847 hactenus
2068 2797 2316 2859 superba
2326 2795 2665 2857 defringam,
2683 2795 2746 2843 ut
2760 2803 2934 2855 quem
2952 2790 3255 2841 docentem
3272 2792 3356 2839 in-

1749 2866 2197 2930 dulgentemque
2227 2865 2627 2921 contemserit,
2665 2863 2903 2914 demum
2926 2860 3137 2911 sentiat
3160 2859 3351 2911 vindi-

1748 2941 1995 2994 cantem,
2030 2939 2147 2989 Nec
2173 2950 2310 2988 sane
2334 2948 2637 2988 censuram
2669 2945 2860 2985 meam
2884 2931 3106 2984 utilitas
3138 2935 3351 2996 optata,

1750 3008 2096 3059 destitunet:
2123 3008 2390 3072 quamvis
2414 3008 2568 3059 enim
2592 3006 2735 3057 istas
2758 3003 2970 3056 subdat
2990 3002 3183 3062 exitio,
3208 3001 3354 3054 alios

1750 3091 1949 3131 eorum
1982 3080 2210 3130 sanabit
2225 3079 2508 3142 exemplo.
2527 3077 2761 3129 Effraim
2778 3074 3008 3138 quippe,
3026 3073 3125 3136 qui
3141 3075 3357 3123 fermen-

1751 3154 1875 3202 tum
1897 3162 2027 3201 esse
2055 3149 2258 3207 noluit,
2288 3162 2395 3201 nec
2430 3146 2685 3199 medulla
2707 3145 2934 3210 pietatis
2966 3143 3240 3207 impletus
3260 3148 3353 3195 est

67 3187 223 3268 etiam
256 3187 465 3269 debere
496 3218 815 3282 iniquitatis
840 3219 1096 3285 intelligi.
1121 3187 1403 3283 Namillo,
1442 3187 1646 3286 inquit:
1674 3187 1723 3261 C
1751 3187 2027 3273 έξῖ
2047 3187 3082 3284 {{lVﬁEiéhé‘iévR‘Jt‘é‘h‘a'éﬁ'iié'évanuii;
3098 3187 3345 3286 sustine:

67 3300 305 3352 .empore
330 3289 448 3339 tam
468 3289 686 3341 fortiter
706 3283 1047 3344 restiterunt
1071 3291 1432 3355 Benjamltm,
1462 3283 1537 3343 ut
1549 3283 1649 3344 ali-1
1746 3291 1830 3343 bit
1856 3283 2194 3343 exurentem
2224 3303 2285 3342 se
2309 3302 2574 3342 arearum
2596 3288 2867 3339 laborem.
2883 3285 3067 3337 Judas
3082 3297 3219 3355 vero
3231 3283 3346 3355 teli-

67 3358 309 3422 quandiu
324 3371 432 3410 nec
455 3362 854 3424 comprehensi
878 3362 1073 3427 praelia
1097 3362 1447 3413 viderentur.
1465 3364 1539 3413 Hi
1550 3375 1651 3415 ve-

67 3442 113 3481 ro
148 3430 353 3481 decem
386 3431 644 3483 tribuum
668 3433 858 3496 populi
894 3446 1026 3484 cum
1055 3434 1177 3484 suis
1213 3433 1447 3497 regibus
1476 3437 1651 3497 atque

67 3501 419 3564 principibus,
449 3504 723 3565 quoniam
749 3517 842 3555 me
865 3504 1239 3566 offenderant,
1257 3517 1364 3556 nec
1388 3510 1646 3557 steterunt.

112 3573 260 3635 Ergo
280 3572 556 3633 quoniam
579 3575 799 3638 absque
820 3588 956 3628 vero
983 3576 1294 3627 certamine
1310 3575 1371 3626 in
1382 3588 1511 3627 reos
1523 3588 1651 3639 pro-

67 3642 369 3722 uulganda
391 3644 531 3695 mihi
565 3647 657 3722 est
674 3646 982 3722 sententia,
1000 3649 1182 3722 [V_ers.
1207 3645 1313 3722 10.)
1335 3647 1507 3696 Juxta
1520 3647 1651 3695 desi-

67 3712 268 3762 ieﬁum
286 3728 469 3762 meum
480 3717 777 3779 corripiam
800 3732 900 3768 eos.
916 3717 1078 3778 Quod
1092 3716 1410 3767 secundum
1428 3725 1649 3768 nostram

67 3796 288 3847 prorsus
308 3786 787 3838 consuetudinem
811 3788 1045 3839 videtur
1057 3787 1300 3850 illatum,
1315 3788 1559 3851 quicum
1574 3788 1652 3838 in-

67 3854 385 3919 lignatione
407 3856 599 3919 aliqua
611 3870 1063 3923 commovemur,
1079 3858 1400 3910 desiderare
1411 3871 1520 3910 nos
1532 3859 1653 3906 dici-

67 3937 188 3977 mus
222 3926 521 3989 ultionem,
545 3932 605 3979 et
626 3928 981 3993 voluptatem
999 3930 1069 3981 de
1092 3942 1323 3982 reorum
1346 3929 1652 3981 afﬂictione

67 3997 289 4049 sentire.
332 3999 497 4049 Nunc
539 3999 733 4062 itaque
779 4013 895 4059 eos,
927 4000 1087 4064 juxta
1119 4000 1445 4049 desiderium
1467 4015 1649 4062 suum,

67 4068 448 4131 :orripiendos
478 4080 609 4121 esse
632 4070 928 4134 promittit.
958 4070 1229 4133 Sequitur
1243 4070 1652 4132 enim,congre-

67 4137 331 4199 yabuntur
354 4154 518 4202 super
536 4154 620 4187 eos
637 4141 829 4205 populi
853 4157 867 4191 :
894 4141 948 4191 id
974 4145 1083 4203 est,
1110 4140 1275 4203 quasi
1296 4140 1366 4190 ad
1398 4145 1653 4202 paratam

67 4209 332 4272 praedam,
358 4209 746 4273 diripientium
777 4211 1088 4263 multitudo
1122 4210 1442 4271 conveniet,
1466 4215 1533 4261 ut
1557 4209 1654 4260 isti

67 4280 343 4343 supplicia
364 4281 614 4344 geminae
638 4282 959 4345 iniquitatis
983 4281 1293 4345 excipiant.
1308 4281 1395 4331 Sic
1406 4281 1559 4332 enim
1574 4280 1654 4331 ait

68 4351 425 4415 :orripientur
467 4358 683 4416 propter
720 4354 859 4402 duas
892 4354 1205 4416 iniquilales
1230 4366 1375 4402 suas.
1402 4353 1653 4413 Quarum

67 4432 251 4472 tamen
274 4421 962 4485 utindicavitnumerum,
982 4423 1061 4473 ita
1076 4422 1298 4485 species
1313 4434 1429 4473 non
1444 4424 1651 4484 natavit,

67 4494 368 4543 Possemus
391 4492 625 4556 proinde
650 4494 851 4557 dicere,
882 4493 1008 4544 illas
1033 4493 1367 4557 iniquitates
1379 4504 1523 4556 quas
1537 4503 1656 4542 non

67 4562 339 4623 listinxit,
388 4562 564 4615 alium
603 4564 941 4627 prophetam
962 4564 1253 4629 signasse:
1280 4563 1337 4615 id
1361 4568 1469 4626 est,
1494 4561 1650 4627 quod

68 4633 384 4696 reliquerint
427 4635 608 4685 Deum
635 4636 851 4686 fontem
874 4648 1042 4698 aqua:
1066 4636 1236 4693 vivae,
1270 4637 1327 4686 et
1355 4635 1515 4686 lacus
1540 4632 1648 4684 sibi

67 4705 331 4756 :ontritos
353 4705 482 4769 {Jer.
509 4704 560 4759 ἓ.
584 4705 715 4767 13.),
741 4705 1007 4759 videlicet
1028 4706 1198 4771 idola,
1216 4705 1563 4768 fabricarint,
1579 4718 1652 4756 ex

67 4776 265 4838 Iuibus
282 4776 511 4828 nullum
527 4778 747 4840 possint
766 4777 979 4829 sentire
996 4777 1370 4841 refrigerium.
1391 4776 1499 4829 Sed
1523 4792 1653 4837 quo-

68 4846 208 4897 niam
224 4846 444 4910 optima
456 4852 545 4899 est
555 4849 884 4912 exponendi
896 4848 1110 4911 regula,
1124 4861 1254 4911 qua:
1267 4848 1337 4901 de
1349 4863 1437 4897 con
1444 4862 1653 4908 sequen-

67 4918 131 4968 '.ia
152 4918 417 4969 lectionis
428 4920 768 4981 assumitur,
780 4919 924 4970 duas
939 4918 1099 4969 illum
1111 4919 1445 4981 iniquitates
1460 4918 1653 4982 appel-

68 5000 222 5051 asse,
234 5000 334 5040 eas
350 4990 622 5041 nimirum
640 5003 786 5053 quas
796 4991 855 5041 in
872 4991 1141 5054 prmsenti
1151 4990 1275 5042 loco
1290 4990 1496 5055 arguit,
1513 4992 1651 5038 arbi-

74 5073 264 5110 remur
293 5074 306 5110 :
358 5060 416 5110 id
459 5063 566 5118 est,
616 5061 771 5124 quod
795 5074 911 5112 non
937 5061 1128 5112 solum
1148 5074 1317 5113 veros
1342 5061 1649 5125 prephetas

67 5130 421 5182 :ontumeliis
444 5135 501 5183 et
516 5132 777 5184 cladibus
788 5132 1137 5197 operiebant,
1157 5132 1256 5183 sed
1270 5137 1326 5183 et
1340 5133 1409 5182 de
1424 5135 1647 5195 regione,

67 5200 231 5252 ‘alsos
254 5214 322 5252 ac
349 5202 713 5254 daemonibus
739 5203 1056 5255 servientes
1076 5202 1147 5253 de
1167 5202 1367 5253 oiﬂciis
1379 5207 1436 5253 et
1448 5214 1651 5252 mune-

68 5272 211 5322 ~ibus
236 5273 619 5325 honorabant.
650 5276 754 5325 Per
778 5274 932 5337 quod
946 5274 1142 5336 utique
1164 5272 1519 5323 docebantur
1532 5284 1649 5322 non

72 5343 166 5392 abi
182 5356 391 5407 errore,
411 5344 513 5394 sed
538 5345 745 5403 studio,
774 5346 869 5408 qui
896 5343 1014 5408 pari
1034 5343 1310 5394 instantia
1340 5344 1649 5404 utrumque

67 5412 359 5475 faciebant,
384 5418 444 5465 et
466 5414 800 5467 honorando
824 5414 1194 5478 perniciosos,
1227 5417 1285 5464 et
1307 5411 1648 5463 detestando

67 5483 334 5536 salutares
360 5485 684 5548 magistros.
708 5488 809 5538 Per
830 5485 1176 5537 contrarium
1192 5484 1402 5547 quippe
1417 5482 1498 5532 ita
1522 5494 1649 5544 gra-

68 5554 240 5619 iiens,
260 5558 500 5607 sanctus
516 5557 595 5607 ita
605 5557 854 5620 quisque
879 5556 1239 5609 describitur.
1264 5553 1512 5609 Domine,
1525 5553 1648 5615 quis

67 5624 315 5676 tabitabit
346 5627 408 5676 in
448 5627 786 5678 tabernaculo
822 5634 931 5687 tuo,
977 5632 1075 5676 aut
1109 5626 1232 5691 quis
1272 5623 1557 5687 requiescet
1584 5623 1647 5671 in

1672 4591 1729 4665 D

1748 3363 1898 3415 ciore
1921 3362 2245 3414 conditione
2270 3360 2537 3412 succedet
2571 3360 2713 3423 jugo
2739 3356 2977 3419 timoris,
3003 3368 3137 3407 nam
3160 3354 3353 3407 defixo

1748 3438 2168 3499 praeceptorum
2194 3445 2445 3494 vomere,
2468 3432 2616 3482 inter
2639 3430 2857 3481 bonum
2880 3426 3219 3499 malumque
3235 3425 3351 3499 dis-

1749 3495 1964 3563 cernet}
2000 3504 2343 3568 glebamque
2378 3500 2626 3567 pectoris
2671 3499 2779 3561 sui,
2819 3497 3027 3549 studiis
3063 3495 3353 3568 religionis

1749 3565 2395 3636 edomans,sementem_
2410 3571 2664 3623 scientim
2687 3581 2822 3620 cum
2842 3580 3009 3631 Opere
3030 3565 3275 3630 Justitiaa
3296 3570 3355 3617 et

1748 3647 2154 3698 misericordia
2172 3644 2490 3703 collocabit,
2505 3653 2750 3705 eamque
2763 3637 3053 3690 innovatis
3066 3638 3353 3695 novalibus,

1749 3718 1820 3770 de
1844 3718 2055 3781 quibus
2078 3716 2345 3769 videlicet
2366 3713 2621 3776 exegerit
2644 3710 2930 3763 silvestria
2950 3707 3215 3781 virgulta,
3231 3721 3354 3781 con-

1748 3777 1958 3853 credet,
1976 3795 2041 3839 ut
2065 3793 2400 3852 competens
2429 3790 2589 3837 tanto
2610 3795 2779 3847 opere
2803 3778 3145 3853 respondere
3172 3777 3358 3853 possit

1748 3848 1996 3911 ubertas.
2018 3859 2181 3920 Quod
2199 3848 2273 3910 eo
2293 3862 2548 3919 tempore
2576 3854 2807 3905 videtur
2828 3851 3151 3915 impletum,
3172 3860 3287 3920 quo
3297 3848 3357 3897 de

1750 3929 2020 3980 manibus
2037 3926 2441 3986 Sennacherib,
2474 3924 2780 3976 Ezechiam
2806 3924 3100 3984 totamque
3135 3919 3357 3977 urbem,

1749 4000 1995 4050 missum
2011 3999 2238 4049 caelitus
2258 3996 2524 4047 liberavit
2537 3992 2843 4045 auxilium.
2860 3991 3121 4053 Denique
3132 3990 3359 4050 sequitur

1756 4070 1979 4133 Tempus
2007 4075 2187 4117 autem
2215 4065 2537 4130 requirendi
2560 4063 2881 4119 Dominum,
2902 4075 3025 4109 cum
3041 4060 3241 4133 venerit
3259 4058 3359 4123 qui

1757 4129 1902 4205 [Αηὶ.
1928 4139 2101 4203 quod]
2124 4129 2321 4187 docebit
2344 4151 2433 4185 vos
2454 4132 3003 4205 justitiam.Beatu_m
3018 4129 3358 4205 quippeEze-

1752 4198 1965 4271 chiam,
1975 4198 2446 4259 commendandae
2460 4198 2765 4266 religionis
2793 4200 3052 4271 studium
3065 4198 3355 4271 habuisse,

1749 4281 1830 4332 ita
1862 4284 1927 4331 ut
1954 4269 2225 4343 principis
2263 4282 2323 4331 et
2363 4274 2613 4327 doctoris
2650 4284 2869 4343 munus
2896 4269 3175 4343 impleret,
3211 4269 3357 4343 sacri

1752 4336 2070 4415 loquuntur
2089 4336 2359 4400 Annales.
2374 4348 2574 4408 Neque
2590 4345 2745 4395 enim
2763 4342 2973 4393 Tribus
2990 4351 3114 4415 sum
3137 4336 3357 4415 incolas

1754 4409 2061 4474 ad—cultum
2080 4420 2181 4471 Dei
2193 4429 2503 4471 revocasse
2515 4418 2840 4471 contentus,
2860 4424 2960 4477 per
2972 4409 3191 4463 vicinas
3207 4410 3354 4458 etiam

1753 4492 2031 4555 regiones,
2050 4491 2108 4542 in
2125 4490 2336 4554 quibus
2353 4488 2409 4539 al
2419 4487 2622 4550 iquide
2642 4484 2815 4535 Israel
2830 4485 2996 4555 capto
3020 4482 3359 4555 translataque

1751 4548 2425 4623 remanserant'muncios
2452 4548 2626 4620 atque
2649 4555 2838 4607 edicta
2860 4550 3149 4615 dispersit,
3193 4553 3257 4600 ut
3283 4548 3358 4600 ad

1752 4634 1974 4688 cultum
2000 4633 2121 4685 veri
2152 4632 2271 4695 Dei,
2298 4627 2611 4695 repudiatis
2632 4625 2914 4677 idolorum
2938 4624 3362 4695 reverterentur

1752 4706 2056 4759 erroribus.
2100 4705 2223 4755 Hoc
2260 4692 2525 4763 ’est'ergo
2565 4697 2724 4761 quod
2748 4696 2902 4759 dicit,
2926 4692 3362 4763 Jerosolymitas

1754 4788 2016 4828 messum
2060 4776 2140 4826 ire
2182 4769 2671 4832 misericordiam,
2705 4778 2839 4819 cum
2862 4764 2935 4817 ad
2960 4762 3362 4827 requirendum

1753 4845 1932 4915 454
1954 4848 2157 4907 Deum,
2175 4842 2460 4915 principis
2478 4852 2706 4915 quoque
2714 4836 3002 4915 justitiam
3012 4847 3122 4915 eos
3138 4836 3363 4883 docentis

1756 4907 2227 4983 [Enn-docentes]
2264 4914 2494 4967 devotio
2514 4911 2844 4983 concitaret.
2870 4907 3033 4983 Quod
3043 4918 3191 4983 sane
3214 4917 3363 4983 opu_s

1750 4976 1923 5053 atque
1946 5001 2163 5039 munus
2196 4976 2330 5038 licet
2356 4984 2465 5036 sub
2482 4981 2725 5053 Ezechia
2740 4980 2990 5032 breviter
3002 4977 3265 5053 videatur
3287 4976 3365 5027 ef-

1749 5047 1965 5113 fectum
1998 5063 2188 5111 tamen
2216 5057 2442 5121 plenius
2466 5068 2501 5107 a
2524 5052 2774 5106 Domino
2786 5056 3005 5109 nostro,
3032 5047 3133 5112 qui
3155 5060 3255 5098 rex
3285 5059 3364 5121 re:

1749 5145 1890 5195 gum
1907 5135 2014 5194 est,
2032 5119 2423 5192 dominusque
2442 5125 2940 5195 dominorum.per
2954 5132 3124 5184 quem
3136 5119 3362 5195 nonuni

1749 5187 1944 5254 ‘l‘ribui
1976 5187 2077 5253 aut
2092 5187 2449 5266 regioniIsed
2479 5192 2953 5268 universisterris
2982 5196 3156 5268 atque
3182 5187 3364 5268 natio-

1748 5273 2028 5323 nibuslux
2051 5256 2281 5337 pietatis
2303 5274 2538 5321 ostensa
2560 5271 2673 5329 est,
2690 5270 2747 5316 et
2764 5264 3043 5316 virtutum
3058 5256 3363 5337 disciplina

1744 5330 2080 5403 contradita,
2108 5344 2349 5395 docetur
2364 5340 2660 5392 effectum.
2682 5338 2922 5398 Pr0pter
2946 5330 3098 5403 quod
3134 5334 3192 5380 et
3213 5331 3366 5387 Apo-

1748 5413 1932 5469 stolus
1955 5414 2108 5474 dicit,
2137 5415 2260 5462 Ecce
2284 5427 2434 5460 nunc
2456 5417 2678 5473 tempus
2704 5402 3187 5474 acceptabile,ecce
3216 5413 3365 5474 nunc

1746 5482 1857 5530 dies
1876 5483 2067 5531 satulis
2092 5470 2266 5545 (Rom.
2304 5482 2381 5535 l3.
2414 5480 2541 5542 11.),
2567 5470 2698 5529 nec
2738 5476 2912 5529 ullam
2934 5474 2993 5524 in
3018 5471 3134 5545 ullo
3156 5470 3365 5545 dantes

1745 5542 2139 5614 offensionem,
2164 5559 2229 5603 ut
2256 5564 2372 5602 non
2400 5549 2725 5605 maculatur.
2748 5544 3164 5598 ministerium.
3197 5542 3365 5592 Tunc

1746 5621 2035 5685 siquidem
2057 5635 2117 5673 re
2130 5621 2400 5685 quirendi
2424 5620 2733 5672 Dominum
2744 5621 3131 5681 opportunum
3141 5616 3368 5677 tempus

121 5803 137 5820 ·
172 5796 291 5844 lmo
321 5806 458 5845 vero
492 5809 601 5841 non
628 5796 1030 5858 comprehendet
1059 5796 1227 5854 juxta
1265 5788 1605 5842 Hebraicum
1644 5788 1944 5851 exemplar
2003 5790 2260 5840 ωηεν·
2313 5791 2408 5843 m,
2469 5786 2559 5836 cui
2595 5779 3039 5842 Hieronymiana
3068 5779 3276 5837 versio,
3309 5775 3367 5828 et

67 5864 196 5914 libri
227 5863 321 5916 ahi
355 5875 556 5915 omnes
588 5864 973 5916 cousentiunt.
