3880 6222
451 272 592 330 1015

1513 268 1778 321 RUFINO
1811 265 2271 320 PRESBYTERO
2303 267 2690 322 ASCRIPTUS

3677 260 3788 315 11]Ἰὲ

453 381 739 448 apparuit,
763 378 1156 451 οιιωγενὸωῃ
1195 392 1320 451 euro
1358 379 1564 451 factum
1587 384 1675 442 est,
1702 383 1761 426 ut
1789 375 2051 451 habitaret
2069 377 2126 451 Α
2151 375 2511 451 signia,sicut
2523 390 2634 451 nec
2645 375 3294 451 vestraillismrotuere
3305 373 3624 451 suffragia.
3638 373 3788 420 T0213:

451 447 510 502 in
537 451 721 501 nobis:
749 455 795 498 et
825 449 1058 498 vidimus
1081 447 1313 511 gloriam
1325 449 1700 512 ejus,gtortam
1724 448 1884 514 quasi
1915 449 2052 497 Uni-

451 523 621 588 geniti
643 537 679 571 a
708 521 887 579 Patre,
929 519 1154 583 plenum
1185 519 1373 583 gratiae
1395 525 1439 568 et
1484 521 1721 569 veritatis
1750 520 1930 581 (Joan.
1958 518 2050 581 1.).

453 595 565 648 Sed
590 592 888 646 videamus
921 595 978 641 et
997 589 1373 653 impietatem.

514 667 675 716 Vers.
712 659 909 716 13.45.
939 687 1000 697 —
1023 661 1234 710 Arastis
1260 670 1277 688 ⁸
1318 660 1665 724 impietatem,
1701 660 2054 724 iniquitatem

454 735 760 795 messuistis,
783 731 1080 780 comedistis
1100 731 1314 794 frugem
1337 731 1639 780 mendacii:
1667 732 1801 796 quia
1823 733 2055 794 conﬁsus

452 823 502 857 es
514 808 576 855 in
587 806 689 855 viis
711 803 898 864 tuis,in
911 803 1258 852 multitudine
1271 803 1501 865 fortium
1514 803 1864 855 tuorum.Con
1873 805 2055 865 surget

453 876 716 927 tumultus
739 875 800 922 in
820 873 1022 938 populo
1071 879 1181 937 tuo,
1205 880 1251 922 et
1283 888 1465 922 omnes
1488 874 1818 922 munitiones
1839 878 1938 921 tum
1961 887 2052 920 va-

452 949 760 1009 stabantur,
795 945 937 994 sicut
968 949 1206 994 vastatus
1235 949 1306 993 est
1337 943 1646 994 Salmana"
1679 960 1712 993 a
1735 943 1892 992 domo
1921 943 2051 1006 ejus,

453 1019 550 1082 qui
584 1015 849 1066 indicavit
889 1015 1029 1064 Baal
1069 1015 1130 1063 in
1162 1015 1248 1063 die
1287 1015 1483 1079 praelii,
1528 1020 1700 1062 matre
1727 1029 1888 1078 super
1914 1013 2055 1076 ﬁlios

455 1089 631 1140 allisa.
660 1087 750 1137 Sic
767 1085 888 1148 fecit
922 1085 1063 1135 vobis
1083 1085 1264 1134 Bethel
1288 1101 1324 1134 a
1355 1086 1496 1149 facie
1529 1085 1750 1134 malitiae
1776 1084 1882 1149 [AL
1909 1084 2057 1135 mili-

456 1159 957 1224 tirejnequitiarum
980 1162 1302 1207 vestrarum.
1324 1158 1426 1208 Per
1437 1157 1798 1208 occasionem
1824 1155 2055 1207 Etl‘raim

455 1233 626 1294 cujus
650 1231 884 1294 peccata
919 1240 1020 1292 per
1042 1231 1230 1278 totum
1275 1227 1393 1279 fere
1427 1226 1698 1278 volumen
1723 1229 2052 1289 exaggerat,

453 1301 673 1353 mentio
695 1299 864 1351 Judse
887 1298 1070 1350 fuerat
1089 1298 1445 1349 intromissa:
1472 1298 1532 1349 in
1555 1311 1688 1361 quo,
1708 1297 1841 1360 quid
1859 1300 2056 1345 devotio

453 1378 513 1426 et
537 1371 698 1430 ﬁdes,
718 1369 1096 1434 periculorum
1119 1371 1368 1432 tempore
1383 1369 2052 1432 meruisset,apparuisset.

455 1447 624 1495 Hunc
640 1455 774 1506 ergo
787 1441 1346 1492 commemorationis
1363 1453 1673 1492 excursum
1695 1439 1943 1491 breviter
1953 1439 2056 1489 ad-

455 1516 691 1567 notasse
715 1517 1042 1575 contentus,
1059 1511 1133 1563 ad
1157 1510 1418 1564 ordinem
1436 1516 1724 1575 susceptae
1745 1512 1959 1558 actionis
1980 1525 2058 1558 re-

455 1585 777 1643 vertitur,et
791 1582 1100 1647 arguendis
1125 1581 1696 1643 sceleribusIsraelis,
1720 1580 2054 1631 insistit.Vos

455 1668 608 1716 vero,
637 1654 907 1706 Samariaa
948 1653 1159 1717 populi,
1203 1652 1411 1716 inquit,
1439 1653 1648 1716 Oppido
1686 1663 1854 1703 secus
1879 1663 2050 1714 quam

2152 447 2437 509 siquidem
2462 448 2616 512 quod
2641 447 2992 500 videbantur
3016 459 3223 511 posse,
3255 445 3356 496 vel
3374 445 3606 507 vivere,
3625 455 3700 492 ea
3717 456 3790 491 τευ

2151 517 2379 568 locitate
2407 522 2776 570 consumtum
2813 522 2904 570 est
2941 523 3008 570 ut
3038 529 3166 568 non
3201 515 3439 567 diutius
3478 523 3788 580 appareret.

2151 601 2326 652 quam
2355 591 2640 641 matutina
2650 589 3009 654 crepuscula.
3035 587 3399 652 quaanoctis
3420 587 3706 638 videlicet
3725 588 3782 636 di-

2151 672 2374 722 gressu,
2392 665 2449 712 et
2465 661 2555 712 die
2578 662 2724 724 [Ant.
2744 660 2886 724 dies]
2917 664 3310 712 coarctantur
3343 663 3578 710 exortu.
3595 671 3788 708 secus-

2152 730 2292 781 dum
2313 730 2455 782 illud
2481 731 2632 794 quod
2657 731 2718 782 in
2745 731 2915 782 simili
2931 743 3152 782 caussa
3167 729 3334 794 apud
3354 731 3596 780 beatum
3613 728 3786 778 Davis

2152 801 2428 864 legimus:
2457 802 2595 851 Cum
2617 803 2792 852 exorti
2812 802 3024 865 fuerint
3044 807 3390 866 peccatores,
3417 801 3635 863 inquit,

2151 873 2382 937 foenum,
2406 873 2824 937 elapparuerint
2847 887 3034 922 omnes
3057 873 3163 936 qui
3186 877 3514 936 operantur
3528 871 3786 932 iniquita-

2154 948 2275 1006 tem,
2295 945 2730 994 °utinlereantin
2754 943 2992 993 secutum
3005 943 3177 992 seculi
3192 949 3244 991 et
3263 942 3423 991 ultra
3465 941 3636 1004 (Psal.
3668 939 3753 994 91.
3775 983 3784 988 -

2153 1016 2241 1066 Ita
2265 1027 2398 1078 ergo
2421 1019 2479 1066 et
2491 1015 2843 1078 principatus
2859 1014 3094 1066 Israelis
3110 1013 3785 1066 adhaerentecriminibu

2153 1083 2368 1136 ultione
2393 1084 2681 1148 collapsus
2725 1089 2836 1146 est,
2861 1091 2926 1136 ut
2953 1097 3072 1135 non
3099 1089 3224 1135 tam
3275 1085 3378 1135 Ilo:
3396 1084 3583 1142 uisse,
3616 1095 3785 1145 quam

2151 1156 2360 1220 raptim
2402 1155 2547 1220 [Ληι.
2590 1157 2838 1219 raptum]
2894 1156 3243 1220 apparuisse
3300 1155 3600 1206 videatur.
3654 1154 3782 1210 ζιιιές

2149 1241 2287 1291 puer
2317 1226 2496 1285 Israel,
2521 1232 2569 1276 et
2591 1227 2759 1276 dilexi
2781 1242 2928 1291 eum,
2959 1231 3007 1275 et
3029 1241 3097 1274 ευ
3120 1226 3376 1290 (Egypto
3401 1226 3594 1274 voca-ri
3609 1225 3779 1288 ﬁliae.

2152 1311 2353 1346 meum.
2371 1298 2558 1361 I—Iujus
2592 1311 2794 1349 versus
2811 1297 3077 1348 ultimam
3103 1301 3360 1360 partem,
3388 1297 3456 1347 in
3477 1308 3780 1358 personam

2153 1367 2612 1418 DomininostriJ
2619 1381 2726 1418 esu
2749 1367 2962 1418 Christi
2995 1367 3206 1418 beatus
3218 1370 3502 1414 Μειιιυωυε
3527 1368 3778 1425 Ενλῃεὲὶιέ

2153 1439 2704 1502 scriptorassumsit,
2727 1439 3147 1503 dispensatorie
3161 1439 3396 1488 factum
3412 1453 3526 1486 esse
3538 1452 3784 1486 commer-

2153 1509 2319 1571 dans,
2345 1514 2408 1560 ut
2422 1509 2495 1561 ad
2520 1509 2928 1561 declinandum
2955 1508 3203 1560 Herodis
3229 1508 3528 1568 furorem,
3555 1507 3660 1570 qui
3679 1507 3780 1556 Re-

2151 1581 2426 1632 demtoris
2440 1581 2621 1632 nostri
2640 1581 3097 1644 persequebatur
3111 1579 3454 1636 infantiam.
3473 1578 3553 1628 ad
3577 1580 3776 1641 Egyp-

2153 1658 2278 1704 tum
2293 1653 2320 1702 J
2331 1653 2509 1715 oseph
2525 1656 2581 1703 et
2604 1651 2780 1702 Maria
2789 1655 3097 1714 pergerent
3113 1650 3128 1712 (
3138 1650 3335 1698 Matth.
3351 1647 3409 1702 Ξ.
3429 1647 3526 1711 5.).
3543 1650 3773 1713 Oporte-

452 1731 484 1780 J
491 1727 604 1778 uda
628 1739 784 1808 saepe
804 1737 871 1776 ac
898 1725 1216 1788 Benjamin,
1241 1737 1382 1808 curn
1394 1723 1454 1774 in
1471 1723 1871 1808 discriminum
1887 1728 2050 1808 extre-
2081 1733 2134 1808 Β
2155 1725 2253 1775 bat
2273 1723 2553 1808 siquidem
2573 1722 2711 1773 illud
2723 1721 3130 1808 impleriﬂuod
3151 1720 3448 1785 propheta
3466 1721 3772 1808 ριηιζιιιμῃςὶε-

457 1811 553 1851 ma
572 1797 856 1858 venisses,
868 1807 1236 1858 nequaquam
1262 1794 1323 1846 in
1341 1797 1478 1857 Deo,
1495 1795 1596 1846 sed
1614 1794 1675 1845 in
1691 1795 1806 1845 tuis
1818 1794 2050 1841 conciliis

455 1869 872 1932 agminumque
904 1871 1136 1918 tuorum
1159 1865 1371 1918 virtute
1393 1878 1456 1916 es
1483 1866 1752 1916 confisus.
1779 1865 2056 1914 Fructum

459 1953 597 2004 ergo
620 1939 860 2002 recipies
876 1941 1320 2000 competentem,
1341 1937 1690 2000 utpOpulum
1707 1947 1773 1986 ac
1793 1934 2060 1985 munitio-

456 2024 560 2062 nes
585 2015 718 2061 tuas
734 2007 961 2060 hostilis
979 2006 1266 2058 tumultus
1291 2006 1582 2057 interimat
1599 2011 1771 2068 atque
1787 2007 2054 2067 subvertat,

453 2086 628 2144 atque
645 2079 717 2130 ad
736 2077 1166 2140 similitudinem
1185 2077 1512 2140 impiissimi
1524 2076 1708 2133 ducis,
1721 2075 1812 2125 cui
1825 2077 2056 2122 Salmann

455 2152 564 2203 fuit
597 2147 964 2212 vocabulum,
1001 2147 1362 2198 consumaris
1397 2161 1410 2198 :
1441 2159 1612 2209 quem
1639 2145 1791 2197 sicut
1829 2146 1890 2196 in
1912 2144 2056 2195 libro

454 2221 724 2272 Judicum
749 2219 1012 2283 legimus,
1030 2218 1257 2273 Gedeon
1275 2217 1493 2282 potitus
1517 2217 1771 2275 victoria,
1789 2217 2055 2282 extinxit,

457 2297 516 2344 et
537 2291 630 2343 vel
655 2303 787 2341 cum
811 2289 952 2353 ipsis
963 2288 1512 2347 necessitudinibus,
1540 2301 1685 2352 quas
1707 2288 1939 2339 nomine
1951 2289 2056 2338 mi-

459 2375 602 2414 serae
628 2360 878 2424 parentis
904 2359 1174 2419 ostendit,
1202 2359 1293 2412 vel
1311 2359 1577 2424 eumipsa
1596 2360 1654 2410 in
1679 2371 1795 2422 qua
1813 2374 2057 2420 regnave-

457 2437 547 2484 rat
561 2431 721 2492 urbe,
735 2441 870 2493 qum
889 2429 1070 2481 videri
1081 2433 1272 2494 potest
1285 2433 1466 2481 mater
1481 2431 1780 2493 appellata,
1795 2442 2057 2481 consum-

458 2503 533 2555 sit
578 2502 774 2563 (Judic.
817 2501 867 2556 4.
916 2507 963 2550 et
1007 2501 1098 2563 8.).
1149 2501 1307 2552 Sicut
1348 2513 1483 2564 ergo
1529 2500 1807 2553 Salmana.
1845 2501 2052 2564 inquit,

459 2576 690 2627 Gedeon
715 2573 813 2638 qui
836 2573 970 2624 Baal
1002 2572 1220 2624 idolum
1249 2572 1640 2636 dextruxerat,
1667 2573 2056 2624 internecione

459 2645 687 2705 delevit,
717 2645 799 2696 ita
821 2648 879 2696 et
901 2644 1000 2696 tibi
1025 2643 1158 2696 fecit
1180 2643 1379 2696 Bethel
1395 2659 1408 2695 ε
1426 2643 1483 2694 in
1506 2657 1623 2708 qua
1637 2645 1780 2696 urbe
1804 2646 2055 2708 videlicet,

460 2715 716 2770 statuisti
738 2715 907 2776 idola,
934 2727 1066 2778 quas
1092 2715 1191 2766 Dei
1217 2715 1300 2766 tui
1325 2715 1600 2778 desertor,
1623 2715 1909 2767 adorares.
1927 2717 2056 2763 More

458 2791 656 2840 autem
679 2786 1124 2850 Scripturarum,
1142 2790 1206 2838 ut
1221 2785 1516 2838 cumulum
1530 2786 1880 2850 profnnilatis
1893 2789 2059 2846 expri-

458 2863 662 2922 meret,
684 2857 886 2910 eadem
908 2858 1082 2909 verba.
1095 2857 1417 2920 geminavit
1431 2857 1652 2910 dicens:
1671 2857 1760 2908 Sic
1771 2857 1892 2920 fecit
1915 2856 2058 2905 vobis

458 2929 658 2992 Bethel,
685 2947 720 2980 a
747 2929 886 2993 facie
908 2929 1139 2978 malicite
1167 2929 1542 2992 nequitiarum
1568 2935 1886 2978 vestrarum.
1911 2931 2059 2993 Ergo

458 3001 634 3053 facies
667 3001 912 3052 maliciaa
934 3013 1010 3052 ex
1051 2999 1354 3063 multiplici
1395 2999 1696 3064 iniquitate
1720 3001 2052 3064 composita,

2157 1799 2332 1859 verat,
2360 1794 2446 1844 Eat:
2480 1794 2711 1858 {Egypto
2741 1793 2924 1842 vocavi
2946 1793 3132 1854 ﬁlium
3155 1806 3366 1841 meum.
3405 1791 3578 1852 Quod
3607 1791 3770 1854 igitur

2155 1865 2225 1916 de
2249 1865 2458 1929 populo
2481 1865 2698 1916 dictum
2722 1868 2896 1926 esset,
2921 1863 3248 1927 prophetia).
3262 1866 3474 1914 textus
3491 1862 3772 1913 ostendit:

2155 1937 2264 1988 hoc
2288 1937 2462 1988 etiam
2501 1935 2574 1986 ad
2601 1947 2906 1999 personam
2933 1933 3166 1985 Domini
3188 1935 3340 1985 Jesu
3361 1933 3589 1984 Christi
3611 1945 3769 1996 posse

2155 2007 2468 2069 transferri,
2483 2005 2810 2070 Apostolica
2825 2005 3182 2056 monstravit
3206 2007 3515 2059 auctoritas,
3529 2019 3614 2064 per
3626 2019 3764 2063 quem

2154 2079 2417 2145 videlicet
2432 2090 2498 2128 ea
2521 2089 2653 2140 quas
2675 2076 2896 2127 Judteis
2911 2075 3051 2126 data
3091 2081 3262 2127 erant
3297 2075 3526 2127 divinas
3554 2073 3768 2136 pietatis

2154 2150 2420 2213 insignia,
2434 2153 2490 2200 et
2501 2147 2848 2199 cumulatius
2861 2147 3029 2198 nobis
3043 2147 3475 2206 conferrentur,
3491 2150 3554 2197 et
3571 2147 3764 2206 gratius.

2155 2221 2454 2273 Contextio
2492 2231 2630 2270 vero
2653 2218 3078 2282 explanationis
3104 2218 3223 2268 vim
3251 2219 3526 2270 censoris
3541 2217 3765 2264 ostendit.

2155 2293 2254 2355 qui
2285 2291 2591 2356 praeteritas
2613 2289 2926 2340 nobilitatis
2942 2289 3016 2340 ad
3027 2289 3139 2340 hoc
3157 2289 3378 2340 inferat
3401 2289 3765 2340 mentionem.

2155 2368 2220 2414 ut
2245 2374 2354 2412 nos
2379 2360 2632 2421 graviter
2645 2365 2948 2422 urat,quos
2969 2361 3368 2424 degenerasse
3380 2359 3762 2422 conqueritur.

2155 2436 2433 2484 Enumera
2444 2433 2515 2482 tis
2531 2443 2665 2494 ergo
2676 2431 3035 2492 criminibus,
3050 2431 3544 2494 denunciatisque
3562 2429 3764 2493 suppli-

2154 2503 2676 2565 ciis,intulitsubito
2694 2502 3024 2552 memoriam
3042 2504 3363 2565 praeterita:
3378 2501 3702 2564 dignitatis,
3715 2515 3763 2546 ac

2156 2576 2205 2627 si
2225 2575 2458 2626 diceret.
2485 2575 2570 2625 En
2593 2572 2752 2624 dolor
2773 2574 2785 2622 ι
2813 2585 2884 2624 en
2910 2572 3228 2637 lachrymas
3247 2576 3258 2622 t
3278 2578 3338 2624 et
3361 2572 3524 2636 quod
3549 2573 3658 2623 hoc
3682 2585 3762 2632 gr:

2153 2668 2268 2707 nus
2291 2653 2592 2704 hominum
2604 2657 2710 2716 est,
2724 2651 2872 2714 quod
2891 2653 3002 2702 sub
3028 2657 3191 2703 tanta
3205 2652 3442 2703 vilitate
3467 2653 3763 2703 censetur?

2156 2728 2293 2777 Post
2325 2735 2457 2788 quas
2481 2723 2660 2774 veluti
2684 2727 2955 2787 suscepta
2984 2723 3392 2786 responsione,
3423 2721 3758 2787 proclamat:

2155 2797 2298 2856 Quia
2319 2810 2456 2860 puer
2477 2794 2658 2857 Israel,
2689 2799 2736 2842 et
2765 2793 2935 2842 dilexi
2967 2809 3110 2852 eum,
3134 2801 3184 2842 et
3223 2810 3295 2843 ea:
3317 2795 3564 2858 θεωρία
3597 2807 3757 2842 uocari

2153 2869 2333 2932 ﬁlium
2349 2880 2548 2916 meum.
2561 2867 2664 2916 Hic
2679 2864 2769 2915 ille
2785 2869 2890 2925 est,
2914 2865 3124 2928 inquit,
3141 2877 3322 2928 quem
3346 2865 3368 2894 ⁴
3403 2864 3757 2916 εθωθηιίἱωσ

2157 2939 2382 3003 pietatis
2405 2936 2606 2997 locata,
2625 2936 2850 2988 dolores
2873 2936 3435 2992 messuissedeﬂevi,
3462 2948 3642 2999 quem
3655 2935 3757 2984 ins-

2154 3017 2243 3063 tar
2259 3009 2569 3062 Saimanaa
2607 3007 2872 3059 Gedeone
2897 3007 3208 3070 consumti,
3229 3007 3757 3070 populandumesse

459 3071 809 3162 {1.1.111lein
837 3071 2055 3162 3F§§E_?.S}?Eileff’s-Sii‘imfigftﬁinjllﬂs
2082 3087 2132 3162 C
2160 3081 2460 3162 αρημηρίος
2485 3079 2615 3162 ,Ηίο-
2640 3079 2877 3162 iusim
2901 3083 3027 3162 est;
3037 3078 3138 3162 sui
3162 3091 3415 3162 regnas}
3442 3090 3623 3162 suam
3647 3075 3756 3162 tesi:-

461 3143 828 3208 stipendium,
867 3142 1263 3206 captivitatem
1293 3141 1574 3204 videlicet,
1601 3155 1702 3208 pro
1730 3143 1854 3195 suis
1884 3143 2056 3194 mori-

461 3217 573 3267 bus
597 3215 938 3280 percepisse.

1081 3319 1315 3372 CAPUT
1359 3319 1438 3371 XI

737 3419 900 3470 Vers.
918 3418 944 3471 1
957 3455 970 3468 .
987 3445 1048 3454 —
1075 3416 1226 3466 Sicut
1249 3431 1410 3466 mane
1432 3418 1626 3466 transit
1643 3417 1756 3482 [alii
1773 3420 2056 3483 transiit],

460 3489 780 3552 pertransiit
801 3503 898 3537 rea:
919 3486 1106 3547 Israel,
1139 3487 1274 3550 quia
1289 3503 1428 3550 puer
1450 3489 1630 3548 Israel,
1655 3493 1701 3538 et
1721 3489 1892 3538 dilexi
1914 3505 2056 3556 eum,

459 3565 506 3608 et
527 3574 595 3607 ea:
617 3558 852 3620 zEgypto
878 3559 1058 3606 vocari
1073 3557 1251 3620 ﬁlium
1269 3571 1466 3608 meum.
1483 3560 1611 3609 Jam
1629 3573 1802 3624 supra
1813 3561 2056 3626 dixerat,

470 3629 724 3678 Transire
745 3629 868 3691 fecit
902 3628 1162 3677 Samaria
1186 3642 1359 3689 regem
1391 3642 1571 3688 suum,
1610 3632 1768 3692 quasi
1802 3647 2057 3695 spumam

460 3715 624 3760 super
644 3699 838 3760 faciem
853 3713 1023 3761 aquas.
1039 3699 1108 3748 Et
1121 3711 1275 3748 nunc
1289 3711 1423 3760 ergo
1440 3698 1590 3749 idem
1609 3709 1826 3760 repetere
1840 3706 2054 3765 curavit,

461 3771 704 3821 dicendo
731 3787 740 3816 :
789 3768 962 3816 Sicuti
1000 3783 1161 3816 "iane
1187 3768 1398 3826 transit,
1421 3770 1737 3832 pertransiit
1758 3787 1855 3820 res:
1875 3774 2053 3829 Israel,

461 3841 520 3892 id
552 3844 659 3904 est,
687 3851 929 3904 regnum
943 3839 1133 3903 gentis
1149 3844 1379 3904 vestrae,
1402 3840 1689 3905 peccando
1719 3844 2054 3902 desiderastis,

467 3909 756 3975 peccando
773 3909 941 3961 etiam
955 3909 1267 3969 delevistis,
1280 3912 1583 3976 omnisque
1598 3915 1940 3977 arrogantiae
1953 3931 2058 3963 ves-

465 3987 562 4034 tras
572 3993 780 4046 pompa
805 3981 1126 4040 consenuit,
1153 3981 1291 4044 quia
1313 3983 1521 4046 regalis
1546 3984 1790 4048 potentia
1807 3999 1978 4047 quam
1995 3991 2054 4037 ad

460 4051 896 4104 similitudinem
909 4051 1226 4104 vicinarum
1245 4055 1522 4117 gentium,
1543 4057 1908 4121 concupistis,
1923 4062 2056 4107 nihil

459 4124 650 4187 vobis,
673 4123 1020 4176 sineauxilio
1034 4123 1532 4184 meo,detensionis
1558 4127 1797 4190 paravit.
1823 4131 2056 4194 Propter

460 4195 613 4260 quod
644 4208 750 4248 vos
774 4195 946 4248 etiam
970 4195 1246 4260 propheta
1269 4198 1640 4261 commonuit,
1657 4198 1849 4259 Nolite,
1868 4202 2052 4266 inquit,

459 4267 725 4330 conﬁdere
745 4267 806 4316 in
828 4266 1169 4332 principibus
1189 4282 1360 4332 neque
1383 4269 1443 4316 in
1458 4269 1586 4332 filiis
1612 4270 2054 4336 hominum,qui-

459 4337 555 4387 bus
595 4354 709 4388 non
751 4343 821 4388 est
843 4337 1007 4387 satus.
1031 4338 1188 4388 Ewiit
1222 4339 1450 4402 spiritus
1473 4355 1677 4404 eorum,
1703 4347 1748 4390 et
1768 4348 2056 4393 revertetur

457 4408 518 4458 in
545 4414 745 4459 terram
767 4424 947 4473 suam,
984 4410 1044 4457 in
1070 4407 1165 4458 illa
1194 4409 1277 4458 die
1295 4409 1549 4474 peribunt
1571 4427 1754 4462 omnes
1774 4415 2053 4478 cogitatio-

459 4495 550 4530 nes
568 4495 755 4531 eorum
770 4480 929 4544 (Psal.
948 4479 1108 4544 145.).
1123 4483 1208 4532 Ita
1235 4494 1369 4546 ergo
1384 4482 1527 4534 nihil
1549 4484 1777 4537 illorum
1791 4487 1959 4538 vobis
1972 4491 2048 4536 in-

519 4631 537 4651 ·
581 4624 686 4673 Pro
701 4622 930 4684 Arastis,
955 4622 1111 4686 quod
1135 4623 1398 4686 verbum,
1421 4637 1555 4676 cum
1576 4627 1984 4689 Hieronymiantn
2005 4642 2053 4684 et

453 4692 719 4755 Vulgata
734 4693 1033 4754 versionis,
1047 4697 1174 4746 tum
1189 4695 1372 4759 ipsius
1383 4696 1610 4748 Hebraei
1623 4705 1783 4747 textus
1807 4702 1898 4753 an
1907 4707 2045 4760 vnn

455 4763 750 4826 sutiragio,
781 4775 890 4814 nos
901 4765 1277 4828 restituimus,
1296 4767 1504 4819 vitiose
1525 4767 1754 4822 duobus
1773 4776 1950 4825 antea
1970 4775 2053 4828 le-

453 4833 864 4906 gebatunAras
885 4834 1196 4898 reliquistis.
1223 4839 1490 4890 Fortasse
1512 4839 1674 4899 Aras,
1691 4841 1892 4906 inquit,
1919 4847 2052 4898 scri-

451 4908 644 4968 pserat
666 4903 803 4955 olim
834 4907 1058 4968 Noster,
1085 4920 1260 4971 quam
1289 4911 1629 4974 scripturam
1663 4903 2052 4970 aut—librarius

449 4988 568 5027 non
599 4981 973 5040 assequutus,
1007 4983 1108 5030 aut
1151 4991 1441 5044 perperam
1477 4983 1765 5046 accipiens
1813 4988 2052 5040 criticus

446 5059 756 5104 nonnemo,
778 5047 840 5100 in
862 5049 1005 5099 Aras
1025 5049 1317 5114 reliquistis
1339 5053 1602 5105 mutavit.
1642 5056 1750 5108 Sed
1771 5063 1830 5109 et
1851 5059 2051 5113 deerat

448 5117 797 5182 impietatem.

471 5212 483 5223 -
507 5168 545 5261 δέ
559 5192 625 5241 In
655 5168 899 5242 Hebraeo
923 5192 1016 5242 est
1038 5168 1293 5244 mar-thin
1321 5195 1466 5244 mw:
1492 5171 1701 5260 Sum
1728 5200 1865 5261 nu,
1889 5200 2048 5252 domo

446 5259 616 5311 Arbal
643 5261 703 5310 in
733 5262 818 5311 die
840 5262 1034 5327 pretii,
1064 5269 1130 5332 ut
1162 5276 1263 5328 pro
1293 5264 1499 5328 verbis,
1527 5265 1642 5329 ejus
1665 5259 1763 5332 qui
1785 5259 2050 5322 indicavit

450 5332 596 5393 Baal,
619 5313 858 5386 unicum
891 5333 970 5386 ibi
991 5313 1066 5387 sit
1093 5313 1313 5388 Stiuas
1339 5313 1516 5387 sane.
1546 5313 1689 5390 ius;
1708 5313 2046 5395 "suam;

445 5407 580 5476 runt
595 5405 768 5456 LXX.
783 5404 1060 5472 Ἵεροϐαὰλ,
1077 5407 1347 5470 Jerobaat,
1369 5409 1520 5472 quod
1539 5415 1596 5461 et
1619 5411 1966 5476 Hieronymo
1989 5415 2048 5465 in

445 5471 624 5554 huius
635 5471 997 5554 expositione
1015 5477 1125 5554 loci
1141 5471 1476 5554 cumprimis
1500 5483 1774 5544 probatur
1797 5500 1810 5534 :
1830 5471 1938 5544 'Ut,
1966 5485 2046 5536 in-

445 5545 590 5622 quit,
625 5545 926 5622 ianebraeo
961 5552 1286 5614 continetur,
1322 5551 1388 5602 ab
1410 5554 1664 5614 ARBEL,
1691 5555 1750 5604 id
1773 5555 1953 5619 ipsum
1979 5555 2048 5604 si-

443 5615 749 5692 gniﬁcante,
777 5619 923 5692 quod
944 5626 991 5668 et
1008 5622 1278 5692 .Ierobaat.
1303 5625 1432 5687 Ipse
1455 5615 1830 5677 nihilominus
1857 5627 2044 5692 vertit,

447 5681 545 5741 qui
560 5683 1036 5760 findieavitBaat,
1077 5693 1231 5754 quod
1259 5697 1316 5744 et
1330 5681 1394 5744 in
1413 5696 1673 5747 subnexa
1685 5681 2046 5760 expositione

445 5749 764 5818 conﬁrmat,
781 5758 880 5808 ubi
915 5749 1029 5812 ait.
1047 5749 1215 5812 Haud
1236 5764 1480 5828 dubium,
1507 5766 1644 5830 quin
1669 5749 1954 5818 σεᾰεοηοτη
1981 5749 2050 5818 si-

2075 4547 2133 4620 D

2159 3152 2388 3210 aboleri,
2400 3156 2467 3202 ut
2481 3154 2599 3202 tam
2614 3150 2884 3208 celeriter,
2914 3146 3095 3216 456
3129 3161 3309 3213 quam
3322 3149 3572 3200 diluenti
3587 3151 3756 3208 potest

2157 3228 2386 3288 tempus
2403 3234 2533 3273 esse
2561 3220 2843 3272 transiret.
2859 3220 2963 3270 Hic
2979 3221 3219 3283 inquam
3236 3225 3355 3280 est,
3374 3220 3481 3283 qui
3495 3219 3570 3270 de
3585 3225 3757 3267 sancto-

2157 3306 2286 3345 rum
2317 3292 2493 3356 stirpe
2516 3290 2894 3352 descendens,
2913 3290 3130 3354 inipsis
3153 3291 3297 3342 mihi
3312 3295 3645 3339 consecratus
3660 3291 3753 3336 tue-

2157 3369 2245 3416 rat
2267 3363 2532 3426 exordiis,
2558 3365 2613 3412 et
2629 3361 2780 3413 inter
2796 3363 2880 3412 tot
2906 3365 3114 3425 gentes
3140 3364 3260 3413 toto
3285 3363 3430 3412 orbe
3457 3361 3754 3426 dispersas.

2157 3448 2309 3487 unus
2333 3433 2580 3500 populus
2604 3431 2886 3497 quilsrael
2896 3437 3226 3495 vocaretur,
3243 3431 3471 3484 electus
3484 3437 3576 3483 est
3594 3450 3606 3480 :
3627 3432 3756 3488 cujus

2155 3516 2375 3572 merita,
2393 3515 2533 3565 allec
2540 3513 2689 3565 tione
2701 3513 3082 3576 praeveniens,
3095 3526 3294 3565 meum
3305 3525 3752 3578 puerum,meum.

2155 3587 2411 3649 inquam,
2424 3584 2602 3636 illium
2617 3584 2965 3648 nuncupavi,
2979 3589 3329 3648 tantumque
3344 3583 3428 3634 illi
3439 3585 3638 3636 decus.
3655 3597 3752 3630 cum

2155 3657 2346 3709 adhuc
2369 3657 2439 3707 de
2469 3657 2712 3720 Egypto
2733 3655 3092 3716 educeretur,
3108 3655 3384 3720 imposui,
3403 3659 3540 3706 utet
3564 3656 3753 3703 vocibus

2157 3728 2583 3793 quodammodo
2596 3725 2946 3792 panderetur
2961 3731 3018 3778 et
3033 3727 3232 3784 rebus,
3245 3728 3387 3792 quia
3403 3728 3754 3778 tantumintsr

2156 3801 2336 3852 istum
2355 3797 2630 3864 populum
2647 3803 2701 3848 et
2719 3797 2932 3861 vulgus
2943 3799 3285 3862 Egyptium
3300 3799 3458 3862 apud
3481 3811 3571 3849 me
3588 3799 3754 3846 discri-

2156 3883 2288 3922 men
2303 3871 2536 3934 vigeret,
2554 3873 2834 3932 quantum
2852 3881 2984 3920 esse
3001 3869 3154 3921 inter
3168 3870 3426 3932 optimos
3448 3868 3692 3920 filiorum
3709 3871 3748 3916 et

2156 3941 2440 4006 pessimos
2459 3953 2752 3992 servorum
2765 3939 2988 3992 soleret.
3018 3941 3166 3992 Cum
3191 3953 3334 4004 ergo
3355 3942 3478 4002 jam
3497 3945 3654 3993 tunc,
3671 3951 3748 3988 su-

2155 4024 2256 4076 per
2278 4011 2472 4062 omnia
2507 4010 2856 4062 liberationis
2889 4010 3191 4070 miracula,
3222 4016 3285 4062 et
3313 4011 3596 4063 libertatis
3617 4009 3750 4060 illius

2155 4082 2344 4134 dulcia
2365 4083 2475 4132 hoc
2497 4094 2531 4132 a
2555 4095 2645 4134 me
2661 4083 2908 4146 cepisset
2931 4081 3185 4144 insigne,
3211 4087 3282 4133 ut
3301 4095 3472 4134 meus
3497 4082 3646 4132 ﬁlius
3676 4079 3748 4130 di-

2155 4155 2379 4205 ceretur
2401 4167 2414 4202 :
2431 4152 2572 4204 adeo
2588 4165 2745 4204 nunc
2755 4151 2825 4202 ad
2851 4152 3273 4217 profanitatum
3287 4153 3408 4204 ima
3427 4153 3684 4207 deﬂuxit.
3699 4157 3748 4200 ut

2153 4225 2266 4276 mei
2291 4225 2494 4287 suique
2511 4225 2723 4288 pariter
2744 4222 2980 4288 oblitus,
2999 4224 3142 4275 solis
3165 4224 3514 4276 daemonum
3537 4222 3747 4276 cultori—

2155 4295 2268 4346 bus
2292 4295 2566 4347 obediret.

2212 4419 2230 4440 ε
2259 4413 2366 4474 Qui
2389 4411 2463 4462 ad
2496 4409 2875 4476 probandum,
2900 4421 3081 4474 quam
3105 4410 3254 4462 nihil
3275 4411 3566 4476 religionis
3593 4409 3747 4462 nihil~

2150 4494 2263 4546 que
2277 4482 2516 4535 rationis
2532 4483 2592 4534 in
2603 4481 2770 4534 istius
2784 4481 2980 4546 populi
2999 4486 3198 4534 mente
3211 4483 3517 4546 resideret,
3531 4494 3645 4534 non
3659 4483 3744 4528 eta-

2152 4635 2384 4703 gniﬁcet,
2409 4633 2508 4698 qui
2544 4647 2611 4684 ea:
2633 4648 2691 4684 eo
2714 4633 2858 4698 quod
2902 4633 3176 4684 destruxit
3214 4636 3480 4700 pho-num
3503 4633 3654 4694 Baal,
3685 4632 3747 4680 lu-

2152 4721 2382 4770 cumque
2395 4705 2638 4766 succidit,
2663 4710 2708 4754 et
2723 4705 2808 4753 ille
2823 4720 2874 4754 se
2887 4707 3154 4756 vindicare
3172 4723 3288 4756 non
3305 4707 3502 4772 potuit,
3527 4713 3749 4767 etcogrm-

2149 4783 2392 4827 mentum
2409 4775 2676 4827 Jerobaal
2691 4777 2910 4825 sortitus
2925 4783 3016 4842 est,
3029 4779 3185 4836 idest,
3203 4779 3593 4830 ulciscatur-se
3609 4775 3745 4834 Baal,

2149 4854 2208 4898 ut
2231 4846 2522 4912 quomodo,
2547 4851 2656 4899 etc.
2683 4848 2852 4898 Porro
2877 4861 2984 4900 nec
3007 4849 3277 4902 dubium.
3297 4849 3441 4912 quin
3463 4847 3588 4900 heic-
3609 4846 3748 4912 apud

2151 4922 2429 4972 Nostrum
2445 4919 2742 4968 vindicavit
2760 4932 2833 4972 ex
2852 4919 3746 4985 Hieronymianaversionequnm

2148 4989 2365 5046 laudat,
2379 5003 2482 5054 pro
2493 4990 2774 5054 iudicavit,
2790 4990 3108 5055 legendum
3131 4993 3226 5042 sit.
3241 4990 3622 5043 Restituenda
3635 5006 3747 5050 quo-

2149 5074 2262 5126 que
2285 5060 2552 5124 Vulgatae
2576 5060 2762 5116 lectio.
2789 5073 2920 5125 quis
2937 5062 3235 5125 judicavit,
3260 5061 3570 5114 manifesto
3583 5059 3744 5112 libra-

2151 5133 2363 5184 riorum
2387 5144 2575 5183 errore
2603 5133 2852 5197 praefert.

2211 5213 2229 5234 ο
2253 5204 2443 5254 Verba
2464 5207 2520 5250 ut
2554 5203 2840 5266 intereant,
2885 5216 3020 5265 qua)
3067 5204 3572 5258 desiderabantur.
3597 5203 3746 5254 suile-

2148 5275 2354 5324 cimus.
2374 5272 2536 5333 Quod
2553 5273 2784 5325 additur
2794 5280 2839 5322 et
2856 5274 3020 5327 ultra,
3039 5275 3100 5324 in
3111 5275 3273 5326 nullo
3286 5277 3446 5340 quod
3461 5275 3632 5326 sciam
3645 5275 3743 5323 He-

2147 5346 2324 5402 braeo,
2339 5345 2558 5402 Graeco,
2575 5349 2678 5396 aut
2695 5343 2895 5395 Latino
2909 5343 3190 5396 Psalterio
3206 5345 3519 5398 invenitur.

2208 5413 2228 5444 ⁴¹
2249 5414 2452 5466 Nullus
2469 5415 2705 5466 eratloci
2724 5415 2900 5478 hujus
2914 5428 3148 5478 sensus,
3169 5417 3200 5464 tl
3213 5431 3313 5468 um
3332 5419 3560 5466 serviente
3573 5415 3737 5478 impie-

2147 5485 2591 5549 tatislegeretur:
2605 5499 2792 5550 neque
2805 5485 3014 5538 excudi
3027 5487 3497 5545 nullus,tentatis
3510 5489 3737 5547 undequa-

2145 5569 2257 5620 que
2280 5556 2470 5608 verbis
2485 5555 2596 5608 illis
2632 5569 2733 5621 per
2757 5556 2992 5608 Criticos
3023 5558 3230 5621 potuit.
3256 5560 3378 5610 Nos
3409 5559 3622 5609 sementi
3641 5567 3734 5606 res-

2145 5627 2452 5692 cripsimus
2497 5641 2598 5692 pro
2648 5627 2888 5688 seciente,
2935 5640 3124 5692 eaque
3165 5629 3340 5682 unice
3361 5643 3498 5682 vera
3522 5627 3725 5680 lectione

2143 5697 2334 5749 locum
2359 5699 2740 5750 restituimus.

2205 5777 2224 5798 '
2248 5769 2676 5834 Prteponendus
2710 5769 2856 5822 sacri
2894 5771 3120 5822 Textus
3154 5771 3524 5833 versiculus,
3549 5767 3722 5837 qucmi‘
