3880 6222
132 313 298 369 1017

1036 317 1109 367 IN
1148 315 1392 368 OSEAM
1428 276 2015 367 COMMENTARIUS.
2049 315 2259 367 LIBER
2292 318 2613 371 TERTIUS.

3329 318 3466 373 1018

128 426 385 504 borata,
410 425 660 504 quibus:
693 426 1048 504 seducerent,
1088 426 1393 504 admovere
1414 431 1758 488 commenta,
1787 434 1847 504 Α
1868 429 1989 477 erat
2010 424 2496 504 etninformandus
2519 432 2577 480 et
2615 431 2933 504 sanandus,
2978 428 3284 504 aspiciens,
3317 441 3471 504 sem:

129 496 250 547 sed
281 497 464 559 quasi
482 497 811 560 pecudesad
824 499 1064 550 exitium
1079 500 1324 562 paratas,
1346 498 1421 546 sic
1444 513 1525 546 eos
1548 512 1762 545 vocave—

129 573 303 628 runt,
325 572 514 629 etquo
531 567 817 631 volebant,
835 570 980 621 facili
999 568 1419 632 signiﬁcatione
1446 571 1765 620 traxerunt.

130 637 344 697 [Vers.
376 637 449 701 2.]
467 639 682 688 Βςιίιιίιη
704 640 1078 699 immolabant,
1105 646 1151 689 et
1174 640 1525 688 simulaehris
1551 640 1765 701 sacri/i-

128 707 275 755 caba
287 726 321 755 η
334 714 375 772 ι,
401 709 457 761 id
469 714 578 771 est,
601 710 675 762 ad
691 711 913 764 cultum
929 712 1223 764 variorum
1244 710 1536 762 Idolorum
1549 710 1764 773 quibus

127 783 317 830 erant
339 780 592 831 diversis
614 781 819 832 ritibus
844 783 1128 845 servituri,
1157 786 1429 833 vocantes
1456 794 1519 832 se
1533 788 1663 829 tanta
1686 784 1757 828 fa-

127 849 376 900 cilitate
400 852 629 913 sequuti
647 857 805 915 sunt,
832 857 897 904 ut
911 853 1261 905 desiderium
1284 852 1569 916 ejusmodi
1593 864 1759 904 occa-

125 919 334 971 sionis
366 922 638 973 habuisse
662 924 1159 977 convincerentur.

195 991 380 1043 Vers.
410 990 460 1046 3.
486 1020 545 1028 —
569 993 636 1042 Et
668 1008 760 1056 ego
806 996 964 1058 quasi
1010 995 1274 1043 nutritius
1294 992 1535 1057 E/fraim
1574 996 1760 1057 porta-

126 1060 266 1110 bam
292 1077 389 1111 eos
413 1063 473 1111 in
507 1063 745 1113 brachiis
776 1067 923 1128 meis,
947 1070 992 1114 et
1016 1066 1317 1114 nescierunt
1343 1064 1490 1127 quod
1510 1078 1761 1112 curarem

124 1146 237 1180 eos.
288 1134 630 1197 Interpositi
673 1135 788 1186 duo
825 1150 1048 1200 versus,
1095 1135 1440 1187 narrationis
1485 1134 1761 1198 simplicis

124 1203 437 1265 abrupere
457 1209 823 1257 contextum:
842 1210 1008 1270 etper
1030 1207 1139 1259 hoc
1151 1205 1762 1257 dimcultatemintelli-

126 1275 366 1336 gentia:
386 1277 799 1337 praestiterunt.
819 1278 1098 1329 Caeterum
1117 1278 1269 1341 quod
1283 1278 1378 1341 ait,
1398 1277 1761 1335 Quasinulri-

126 1344 244 1392 tius
275 1344 527 1409 E/fraim
571 1347 857 1411 portabam
891 1364 974 1397 eos
1007 1350 1068 1397 in
1092 1348 1327 1397 brachiis
1357 1348 1504 1410 meis,
1525 1347 1605 1397 illi
1631 1360 1762 1397 sen-

128 1416 352 1467 tentiae
392 1430 524 1480 quae
560 1423 651 1469 est
688 1419 938 1482 praelata,
974 1420 1318 1483 respondet:
1344 1420 1401 1470 id
1426 1423 1531 1476 est,
1563 1420 1602 1467 0
1626 1434 1760 1480 puer

126 1486 334 1548 Israel,
351 1494 401 1535 et
416 1488 584 1536 dilexi
598 1504 722 1538 eum
754 1495 876 1538 etes:
890 1490 1124 1554 zEgyplo
1158 1491 1341 1540 vocavi
1357 1490 1534 1553 ﬁlium
1560 1506 1675 1537 meu
1685 1504 1756 1539 ιη.

132 1557 282 1608 Post
308 1557 444 1609 haec
467 1565 682 1618 autem,
708 1560 849 1623 quid
873 1562 1154 1613 scelerum
1179 1566 1563 1625 perpetrasset
1583 1561 1761 1611 inter-

129 1641 367 1689 serens,
391 1629 449 1679 in
464 1629 719 1681 ordinem
738 1633 1263 1684 commemorandis
1278 1633 1531 1683 levitatis
1551 1634 1757 1680 reverti-

132 1703 232 1749 tur
253 1714 268 1748 :
286 1712 323 1761 q
336 1700 452 1750 uod
470 1701 708 1762 quidem
730 1701 956 1753 videtur
971 1703 1043 1754 ad
1070 1703 1483 1755 contestandos
1509 1703 1767 1765 indigna-

132 1769 318 1821 tionis
337 1770 555 1822 ﬂuctus
571 1771 756 1824 valere
778 1789 791 1824 :
816 1778 1004 1825 utnon
1017 1774 1282 1826 videlicet
1294 1787 1410 1826 uno
1436 1778 1627 1825 tenore
1644 1775 1761 1825 ins~

133 1841 321 1892 titula
350 1848 545 1893 currat
569 1844 775 1905 oratio,
806 1844 905 1895 sed
930 1845 1103 1896 etiam
1126 1846 1183 1896 in
1204 1850 1459 1909 tempore
1477 1857 1757 1909 quo,qua3

134 1916 285 1962 sunt
311 1912 454 1963 olim
500 1918 683 1977 gesta,
716 1916 1064 1975 recoluntur,
1090 1917 1180 1968 vis
1207 1918 1602 1980 praesentaria
1627 1930 1765 1969 con-

132 1983 473 2045 questionis
485 1987 941 2049 erumpat,quasi
954 1988 1125 2038 etiam
1146 1988 1339 2039 brevis
1354 1987 1764 2039 dissimulatio-

131 2054 224 2103 nis
250 2053 598 2107 intolerans.
616 2059 763 2121 Ergo
781 2071 912 2108 cum
925 2058 1763 2123 instituissetinsigniaantiqua

128 2126 496 2187 contingere,
522 2130 587 2178 ut
610 2127 1013 2192 degenerantis
1026 2130 1298 2181 nimirum
1323 2130 1518 2193 populi
1532 2141 1757 2190 gravaret

130 2200 396 2257 reatum,
423 2201 481 2247 et
506 2198 659 2259 quod
673 2204 990 2263 spontanea
1007 2200 1216 2263 pietate
1237 2200 1500 2252 dilexerit
1523 2215 1674 2261 eum,
1700 2208 1757 2254 et

130 2266 295 2329 quod
322 2267 427 2318 filii
451 2268 828 2332 appellatione
847 2271 1220 2335 decoraverit,
1234 2271 1756 2324 exclamavitsubito

128 2337 294 2399 quod
319 2351 497 2389 aures
534 2351 672 2390 suas
692 2340 970 2392 ministris
988 2342 1322 2393 daemonum
1339 2343 1756 2406 limphantibus

138 2409 575 2473 permisissent,
612 2415 669 2461 et
693 2423 793 2462 eos
819 2412 900 2462 ita
926 2413 1185 2465 celeriter
1207 2418 1404 2465 essent
1420 2416 1664 2478 sequuti,
1693 2422 1757 2469 ut

137 2478 376 2529 nullum
404 2479 464 2530 in
509 2481 876 2533 assentiendo
910 2489 1164 2535 crearent
1192 2483 1463 2536 laborem.
1497 2488 1654 2547 Quod
1686 2486 1757 2539 de

77 2580 86 2591 ι
136 2548 388 2612 impetu,
412 2555 478 2601 ut
508 2551 781 2614 diximus,
801 2555 1540 2617 conquestionisincertum
1567 2558 1756 2619 sipau-

135 2621 326 2671 lulum
342 2634 609 2685 seponas,
624 2623 907 2686 liquidum
919 2624 1234 2685 habebunt,
1254 2639 1385 2690 quae
1397 2632 1751 2688 Sequunturatl

136 2692 447 2752 superiora
473 2695 804 2744 contextum
827 2709 839 2745 :
865 2696 918 2745 id
946 2700 1051 2758 est,
1073 2696 1215 2755 Quia
1234 2713 1372 2760 puer
1400 2698 1563 2747 Israel
1586 2698 1753 2748 dilexi

135 2776 281 2821 eum,
308 2768 358 2810 et
382 2779 451 2811 ea:
484 2763 716 2825 (Egi/pta
752 2767 933 2815 vocavi
968 2766 1147 2830 ﬁlium
1184 2783 1377 2821 meum.
1396 2774 1450 2831 et
1479 2785 1570 2833 ego
1595 2772 1751 2833 quasi

139 2834 412 2881 nutritius
439 2835 483 2882 Ε
483 2833 695 2898 ffruim,
720 2837 1001 2899 portabant
1016 2853 1099 2886 eos
1112 2839 1169 2886 in
1185 2838 1419 2888 brachiis
1434 2842 1561 2888 meis
1573 2848 1617 2889 et
1636 2857 1752 2891 nes-

134 2903 356 2952 cierunt
382 2906 526 2967 quod
540 2919 789 2955 curarem
811 2922 894 2956 eos
917 2920 983 2958 ac
1014 2908 1063 2959 si
1087 2908 1302 2960 diceret
1337 2927 1347 2958 :
1380 2912 1502 2962 Non
1527 2918 1617 2963 est
1644 2914 1751 2965 hu-

130 2973 151 3052 ,ᾖ
162 2987 231 3023 us
256 2975 460 3052 populi
484 2989 635 3052 nova
657 2978 985 3052 profanitas,
1003 2980 1138 3052 quia
1151 2981 1315 3044 signa
1333 2983 1543 3033 mentis
1568 2982 1745 3052 457

138 3044 396 3109 ingrata)
422 3047 569 3098 inter
590 3049 712 3113 ipsa
724 3049 864 3100 mihi
887 3050 1139 3102 ostendit
1168 3052 1419 3103 exordia.
1440 3056 1580 3105 Nam
1595 3044 1746 3107 eum

134 3115 299 3167 illum
316 3117 501 3169 lilium
512 3132 961 3183 nuncupassem,
981 3122 1272 3173 beneflciis
1301 3124 1472 3174 etiam
1498 3125 1519 3153 ι’
1553 3126 1749 3178 delini-

1866 508 1965 559 pcr
2009 495 2149 545 mihi
2184 496 2516 546 resultantis
2558 499 2815 552 animum
2871 499 3143 557 ostendit,
3174 499 3357 551 donec
3391 498 3465 549 ad

1867 579 2021 628 eum,
2046 566 2105 617 in
2130 579 2244 630 quo
2268 579 2423 618 nunc
2438 573 2545 628 est,
2572 573 2787 622 statum
2807 572 3083 636 pertinaci
3110 570 3467 635 impudentia

1866 638 2206 702 perveniret.
3444 692 3449 699 ,

1928 709 2089 759 Vers.
2109 707 2238 761 5.-7.
2263 736 2324 744 -
2355 708 2482 758 Νοη
2504 716 2791 759 revertetur
2813 714 2875 761 in
2901 718 3103 761 terram
3126 712 3461 776 zEgyptiam,

1863 781 2098 827 elAssur
2122 782 2231 842 ipse
2270 795 2369 828 rex
2405 780 2548 843 ejus;
2575 782 2840 844 quoniam
2883 782 3173 831 noluerunt
3211 786 3462 833 converti.

1866 849 2033 914 Capit
2053 849 2269 913 gladius
2282 850 2596 899 in‘civilale
2619 850 2750 913 ejus,
2779 857 2823 901 et
2854 859 3120 902 consumet
3137 853 3314 902 electos
3329 854 3462 917 ejus,

1860 926 1909 968 et
1930 921 2157 970 comedet
2183 923 2365 985 capita
2389 937 2592 973 eorum.
2619 922 2688 971 Et
2712 923 2943 987 populus
2968 938 3114 972 meus
3136 925 3207 973 ad
3229 924 3462 973 reditum

1859 1005 2041 1039 meum
2083 992 2327 1056 pendebit
2352 1009 2364 1043 :
2396 993 2599 1057 jugum
2629 999 2810 1042 autem
2837 994 3142 1058 imponetur
3185 995 3258 1043 eis
3280 994 3461 1054 simul,

1861 1063 2008 1125 quod
2030 1078 2143 1111 non
2180 1064 2475 1127 auferetur.
2517 1064 2697 1129 Supra
2722 1064 2966 1123 dixerat,
2996 1071 3316 1113 vocaverunt
3340 1080 3421 1113 eos
3448 1082 3462 1114 :

1856 1132 1931 1181 sic
1961 1132 2211 1182 abierunt
2235 1150 2270 1181 a
2292 1134 2431 1196 facie
2454 1150 2639 1183 eorum
2662 1152 2672 1183 :
2703 1150 2844 1183 nunc
2872 1150 2995 1183 vero
3020 1134 3316 1183 noluerunt
3340 1151 3466 1183 con-

1858 1204 2011 1267 verti,
2037 1204 2144 1255 ait:
2170 1204 2228 1255 id
2254 1210 2361 1269 est,
2388 1206 2484 1269 qui
2509 1218 2545 1257 a
2567 1206 2781 1270 pietate
2799 1219 2860 1257 se
2876 1206 3262 1257 avocantibus
3284 1218 3467 1269 prom-

1860 1278 1980 1325 tam
2004 1274 2389 1327 obedientiam
2415 1277 2877 1336 commodarunt,
2918 1289 3096 1337 nunc,
3122 1279 3187 1327 ut
3215 1289 3248 1325 a
3272 1278 3464 1338 pravis

1857 1346 1932 1396 ad
1958 1346 2192 1397 meliora
2227 1353 2565 1413 remearent,
2613 1360 2800 1412 neque
2834 1349 2992 1399 varia
3018 1348 3135 1398 sint
3162 1346 3464 1398 afﬂictione

1862 1415 2170 1480 compulsi.
2198 1419 2343 1469 Nam
2378 1431 2511 1469 cum
2554 1419 2787 1470 amissis
2811 1420 3040 1483 opibus.
3081 1418 3149 1468 de
3176 1418 3463 1469 servitutis

1857 1491 2018 1537 muta
2030 1487 2183 1538 tione
2207 1489 2637 1553 contenderent,
2653 1494 2720 1540 ut
2742 1489 3024 1553 Egyptiis
3048 1489 3260 1552 potius,
3288 1500 3464 1551 quam

1859 1558 2113 1622 Assyriis
2129 1559 2529 1622 subderentur,
2544 1573 2617 1609 nc
2629 1560 2738 1610 hoc
2755 1559 2990 1621 quidem
3003 1560 3260 1610 obtinere
3274 1574 3465 1607 merue-

1858 1634 2016 1691 runt,
2045 1631 2316 1693 quoniam
2340 1630 2647 1682 immobilis
2660 1634 2768 1690 est,
2785 1643 2914 1693 qua:
2933 1630 3003 1680 de
3019 1635 3216 1680 nostro
3233 1642 3462 1693 proces-

1867 1700 1940 1750 sit
1963 1712 2059 1750 ore
2084 1700 2396 1751 sententia:
2432 1700 2560 1751 illos
2587 1700 2851 1751 videlicet
2886 1699 3041 1750 haud
3064 1699 3190 1749 aliis
3212 1699 3458 1762 interim,

1786 1792 1840 1865 Β
1866 1783 2039 1865 αυθὲῗ
2056 1771 2619 1865 ἕῗῗνῖἶίῗμθῗῗῖάέἰφξ
2626 1771 2870 1865 Elii???
2878 1769 3460 1865 Ῥὶῖῗὲἒὲθηξῗῗὲξῖἷλῗ

1866 1856 2037 1893 suum
2056 1843 2472 1894 ultioinchoata
2482 1842 2793 1905 gradietur,
2809 1843 3217 1906 utperrumpat
3232 1839 3458 1904 gladius

1856 1914 2143 1975 civitates,
2189 1926 2534 1976 omnemque
2582 1913 2937 1964 nobilitatem
2997 1912 3207 1962 ferrum
3251 1910 3459 1975 pariter

1858 1986 2203 2048 ﬂammaque
2219 1983 2543 2049 populetur,
2561 1988 2882 2047 cunctaque
2895 1984 3107 2042 hostes,
3128 1994 3259 2045 qua:
3273 1982 3459 2032 solent

1857 2056 2134 2107 divitibus
2158 2068 2288 2107 cara
2313 2069 2460 2120 esse,
2493 2055 2777 2119 diripiant.
2812 2054 2901 2105 Sic
2938 2053 3185 2117 populus
3213 2053 3307 2103 hic
3323 2052 3453 2102 olim

1857 2139 2043 2190 meus,
2057 2127 2328 2177 omnibus
2345 2126 2587 2188 viribus,
2601 2126 2826 2177 cunctis
2839 2125 3014 2176 etiam
3031 2124 3258 2175 solaciis
3275 2121 3453 2189 458

1858 2197 2192 2261 destitutus,
2207 2197 2280 2248 ad
2296 2210 2492 2249 meum
2504 2197 2749 2247 reditum
2763 2196 2923 2247 tarda
2934 2195 3329 2260 expectatione
3342 2208 3457 2254 pen-

1857 2268 2032 2328 debit,
2052 2268 2196 2319 seris
2214 2268 2479 2319 videlicet
2500 2268 2785 2331 precibus,
2800 2272 2854 2318 et
2873 2263 3455 2330 gemitibusingratis,

1857 2342 1920 2391 ut
1936 2339 1989 2391 ei
2013 2339 2317 2391 auxiliator
2338 2337 2463 2390 ﬁeri
2506 2338 2726 2402 digner,
2751 2348 3094 2400 exposcens.
3124 2336 3330 2399 Jugum
3354 2348 3457 2382 au-

1857 2415 1959 2459 tem
1983 2411 2293 2471 imponetur
2307 2408 2714 2472 eissimulquod
2725 2422 2836 2458 non
2861 2407 3157 2470 auferetur.
3180 2407 3457 2453 Ineﬂicaces

1856 2481 2121 2533 videlicet
2144 2480 2324 2531 fuisse
2353 2479 2639 2543 lacrymas
2665 2492 2802 2531 suas
2826 2480 3001 2530 rebus
3022 2477 3305 2543 probabit,
3322 2476 3457 2539 quia

1854 2565 1969 2603 non
1997 2561 2014 2583 '
2030 2552 2265 2615 rcngam
2278 2551 2449 2602 istam
2465 2550 3010 2615 promulgationem,
3027 2561 3203 2613 quam
3220 2552 3453 2598 coactus

1855 2622 2051 2673 multis
2069 2624 2194 2685 ejus
2213 2621 2525 2673 sceleribus
2544 2622 2775 2673 tandem
2787 2621 2847 2672 in
2861 2633 3007 2685 opus
3025 2620 3177 2671 exire
3194 2620 3450 2671 mandavi,

1852 2695 1908 2745 et
1924 2693 2061 2756 quia
2076 2692 2297 2743 dixerat
2306 2704 2538 2743 manere
2556 2692 2870 2751 decretum,
2892 2692 3216 2755 jugumque
3232 2701 3331 2741 eos
3343 2691 3453 2739 As-

1853 2764 2023 2829 syria:
2048 2763 2394 2828 captivitatis
2416 2764 2679 2827 protinus
2706 2762 3021 2824 subituros,
3051 2761 3287 2812 schema
3302 2761 3451 2807 etiam

1851 2834 2223 2887 deliberantis
2240 2833 2505 2893 assumit,
2524 2834 2675 2897 quali
2688 2833 2955 2885 videlicet
2967 2832 3183 2885 ultione
3198 2842 3328 2882 reos
3338 2844 3451 2878 con-

1852 2908 2062 2969 sumat,
2091 2906 2469 2970 proponitque
2481 2905 2745 2968 exempla
2759 2905 3010 2963 urbium,
3024 2916 3169 2968 quas
3195 2901 3448 2955 delatum

1854 2977 2082 3028 coalitus
2115 2976 2323 3028 delevit
2343 2976 2690 3027 incendium.

1909 3051 2072 3100 Vers.
2092 3045 2223 3102 8.—9.
2265 3075 2325 3083 —
2343 3047 2357 3075 '
2383 3048 2656 3106 Quomodo
2680 3046 2817 3096 dabo
2848 3052 2892 3095 te
2926 3045 3060 3095 sicut
3084 3044 3318 3103 Adama,
3346 3058 3448 3107 ap-

1844 3134 2050 3184 ponam
2077 3125 2132 3167 ut
2154 3118 2361 3167 Seboim
2379 3122 2402 3168 P
2415 3118 2741 3167 Conversum
2754 3123 2824 3167 est
2848 3119 2908 3166 in
2924 3132 3007 3166 me
3021 3132 3112 3166 cor
3132 3129 3334 3173 meum,
3345 3128 3447 3177 pa-

138 3189 647 3269 mentasubjunxi,
679 3194 737 3242 et
759 3194 926 3255 quasi
952 3193 1175 3256 parvuli
1202 3194 1312 3245 mei
1330 3208 1525 3247 curam
1557 3197 1745 3249 int‘lul-
1768 3198 1816 3272 ί]
1844 3190 2313 3272 τ’ίιεν-οοηίανόαία
2349 3195 2420 3239 εει
2449 3189 2730 3253 Plenitudo
2754 3204 2907 3272 ηῖςαλ
2930 3185 3446 3272 Νοηὶἴαοίετζξῖαῗω

136 3270 244 3319 gen
257 3258 522 3311 tissimus
546 3262 790 3313 nutritor
812 3264 1056 3314 exercui.
1076 3264 1302 3327 Quidni,
1325 3278 1457 3316 eum
1482 3280 1614 3319 eum
1631 3283 1737 3321 nec

138 3334 327 3380 vastae
364 3330 689 3382 solitudinis
717 3332 961 3385 molesta
984 3335 1197 3386 sentire
1218 3335 1571 3398 permiserim
1601 3355 1615 3388 :
1638 3354 1738 3392 ne-

138 3412 246 3462 que
274 3401 410 3451 novi
444 3403 499 3452 et
520 3402 677 3465 longi
712 3404 930 3455 itineris
960 3406 1149 3457 labore
1184 3407 1427 3457 vexari?

202 3471 367 3521 Vers.
394 3470 446 3525 4.
465 3499 521 3508 -
540 3484 558 3506 ο
591 3473 759 3531 Quasi
796 3474 1079 3536 funiculus
1110 3477 1257 3540 ejus,
1287 3477 1343 3528 id
1367 3482 1475 3539 est,
1495 3479 1733 3537 sortitio.

139 3552 270 3611 cum
296 3542 445 3593 Adaa
463 3542 729 3594 videlicet
742 3545 908 3609 primi
926 3546 1173 3597 hominis
1194 3553 1441 3611 peccato,
1460 3563 1489 3600 e
1506 3552 1737 3600 felicitate

138 3610 466 3675 decidisset,
489 3626 523 3676 q
534 3613 586 3663 ui
612 3616 861 3677 paradisi
886 3616 1070 3668 fuerat
1086 3617 1269 3669 cultor
1281 3624 1338 3670 et
1352 3618 1640 3673 habitator
1655 3622 1735 3673 ef-

140 3681 344 3744 fectus,
361 3683 779 3736 utinlaboratis
798 3686 942 3751 [Ant
966 3688 1313 3753 inlaboratis]
1331 3692 1509 3754 copiis
1522 3709 1737 3743 vescere-

142 3757 263 3804 tur:
292 3754 370 3804 ita
395 3760 448 3806 et
471 3755 581 3807 iste
609 3756 1022 3821 imcomparata
1041 3759 1390 3823 hominibus,
1408 3767 1464 3814 et
1481 3764 1736 3817 solismi-

140 3822 347 3898 raculis
361 3828 689 3898 comparata
709 3828 917 3890 pabula
934 3828 1248 3893 poculaque
1264 3822 1537 3898 suscepit,
1563 3839 1736 3898 sit-quo

142 3893 277 3969 solis
302 3896 547 3969 caritatis
566 3897 792 3947 vinculis
816 3912 950 3950 eum
978 3900 1207 3964 alligavi
1223 3914 1289 3953 ac
1320 3893 1737 3969 praeceptorum

139 3964 401 4037 habenis.
421 3967 505 4017 Ob
527 3966 634 4018 hoc
659 3970 863 4033 solum,
891 3975 949 4021 ut
973 3972 1081 4021 tuti
1103 3964 1450 4037 incederent,
1476 3964 1575 4027 ora
1599 3994 1737 4026 coui-

140 4036 306 4095 posui
322 4035 512 4099 {Forte
527 4040 891 4102 compescui],
910 4045 992 4091 osl
1004 4042 1222 4093 endens
1236 4056 1326 4094 me
1344 4035 1469 4095 ideo
1485 4049 1544 4094 ad
1564 4062 1735 4095 eorum

141 4106 395 4178 requiem
428 4107 757 4172 deﬂexisse,
776 4114 841 4161 ut
865 4115 1388 4177 opportunarcquie
1401 4128 1467 4166 ac
1484 4120 1737 4178 Voluptate

140 4174 468 4248 fruerentur
487 4179 723 4243 :quippe
750 4181 846 4243 qui
870 4174 987 4234 non
1013 4174 1292 4236 sentirent
1300 4174 1621 4248 potentiam
1638 4188 1737 4239 dc-

141 4245 499 4323 primentem,
515 4250 615 4302 sed
633 4253 693 4302 in
714 4251 811 4303 illa
828 4256 1173 4306 necessitate
1190 4269 1288 4320 per
1300 4245 1425 4308 loca
1442 4263 1606 4309 vasti
1622 4274 1735 4308 cum

140 4316 249 4367 illis
273 4320 995 4395 gradientem,exaltatum
1024 4316 1302 4378 haberent
1324 4327 1540 4392 jugum,
1568 4329 1736 4395 idest,

138 4392 718 4464 remotum,'sicutiin
754 4395 1016 4447 curribus
1059 4397 1177 4448 ﬁeri
1201 4397 1577 4461 videmusrin
1611 4392 1740 4464 qui-'-

142 4458 250 4533 bus
261 4460 281 4522 j
294 4474 407 4525 uga
424 4474 557 4513 cum
571 4463 895 4525 solvuntur,
914 4467 1231 4531 eriguntur.
1258 4469 1353 4520 Ille
1380 4458 1572 4522 tamen
1588 4458 1744 4533 popu-

1845 3278 1958 3311 rem
1981 3263 2077 3310 iraa
2098 3276 2239 3323 mese,
2266 3266 2312 3311 et
2334 3276 2448 3311 non
2470 3266 2752 3310 convertar
2780 3266 2834 3309 ut
2851 3258 3161 3323 disperdam
3186 3255 3442 3319 Eﬂ‘raim,

1838 3333 2107 3398 quoniam
2122 3320 2262 3381 Deus
2278 3347 2389 3396 ego,
2414 3338 2459 3381 et
2480 3347 2593 3381 non
2617 3332 2776 3380 homo
2799 3348 2809 3379 :
2836 3333 2895 3379 in
2912 3320 3086 3378 medio
3105 3329 3185 3377 tui
3208 3331 3440 3379 sanctus,

1834 3409 1879 3453 et
1908 3420 2017 3453 non
2033 3403 2320 3467 ingrediar
2338 3404 2625 3454 civitatem.
2655 3404 2733 3453 Ea
2761 3414 2895 3465 quae
2912 3400 3047 3452 olim
3067 3400 3443 3457 fueruntgesta

1836 3475 2158 3537 recolendo,
2185 3474 2443 3526 ostendit
2472 3480 2529 3526 et
2571 3473 2861 3524 Israelitas
2906 3485 3020 3523 non
3044 3471 3238 3521 minus
3267 3481 3442 3531 quam

1834 3546 2180 3605 Sodomitas,
2210 3544 2304 3597 vel
2329 3543 2625 3608 posse,vel
2649 3543 2934 3594 meruisse
2958 3540 3254 3598 consumi;
3281 3552 3344 3590 se
3361 3543 3445 3589 ta-

1834 3630 1967 3668 men
1990 3618 2133 3667 bene
2146 3616 2408 3667 liciorum
2422 3627 2752 3673 memorem,
2780 3625 2914 3677 quae
2933 3612 2993 3663 in
3007 3611 3280 3663 honorem
3297 3624 3444 3658 sanc—

1832 3690 2024 3741 torum
2042 3692 2344 3752 parentum
2362 3688 2537 3739 etiam
2559 3687 2859 3739 immeritis
2885 3700 3083 3738 eorum
3102 3686 3292 3737 liberis
3309 3698 3444 3735 con-

1834 3760 2079 3822 tulisset,
2113 3772 2232 3810 non
2255 3770 2323 3810 ea
2350 3772 2535 3823 usque
2553 3758 2694 3809 adeo
2719 3758 2867 3810 velle
2890 3757 3155 3817 rescindi,
3184 3760 3248 3807 ut
3263 3769 3360 3807 eos
3376 3755 3447 3806 ef-

1837 3830 1966 3881 fusa
2000 3831 2233 3894 penitus
2262 3830 2651 3882 internecione
2669 3833 2992 3881 consumat.
3012 3828 3218 3879 Etideo
3231 3830 3445 3888 sequusi

1836 3907 2072 3964 paterno
2096 3902 2203 3952 atl‘e
2219 3906 2317 3952 ctu
2340 3906 2568 3952 motum
2587 3913 2716 3951 esse
2738 3912 3205 3963 concussumque
3229 3898 3449 3949 denun-

1835 3972 1966 4031 ciat,
1986 3973 2040 4021 et
2057 3970 2349 4034 quandam
2361 3970 2799 4037 pmnetudinem
2812 3971 3155 4033 suscepisse,
3179 3969 3333 4032 quod
3347 3970 3446 4017 So-

1835 4042 2072 4092 tloniitat
2089 4054 2189 4091 um
2212 4040 2521 4104 perniciem
2546 4039 2759 4102 lsraeli,
2786 4041 2877 4090 vel
2892 4042 3001 4091 sub
3024 4039 3446 4090 deliberationis

1837 4112 2044 4176 specie,
2078 4111 2249 4161 fuerit
2282 4111 2708 4161 comminatus:
2761 4110 3107 4172 subjicitque
3150 4110 3442 4171 continuo,

1834 4183 1959 4232 Non
1980 4182 2177 4245 faciem
2198 4180 2447 4242 furorem
2470 4181 2565 4229 irae
2584 4186 2783 4244 meae,et
2808 4196 2921 4227 non
2947 4186 3245 4241 convertar,
3272 4186 3326 4227 ut
3344 4181 3447 4227 dis-

1830 4254 2063 4318 perdam
2092 4251 2350 4315 E/fraim.
2383 4252 2447 4302 Id
2473 4255 2577 4314 est,
2613 4263 2730 4301 non
2770 4262 2837 4301 eo
2864 4262 3049 4312 usque
3079 4249 3443 4300 clementiam

1836 4336 2032 4375 meam
2058 4322 2452 4388 indignatione
2474 4322 2729 4383 mutabo,
2750 4326 2814 4372 ut
2830 4319 3053 4371 nullum
3077 4318 3148 4369 de
3172 4319 3444 4370 Israelitis

1840 4407 2149 4458 superesse
2177 4393 2523 4457 permlttam,
2555 4392 2829 4451 Quoniam
2855 4393 2995 4440 Deus
3010 4405 3119 4453 ego,
3142 4394 3187 4437 et
3208 4404 3318 4437 non
3345 4390 3444 4438 ho-

1841 4480 1956 4517 mo:
1982 4466 2154 4528 cujus
2184 4463 2640 4516 benevolentiam
2663 4463 2929 4514 videlicet
2949 4462 3114 4513 venis
3134 4464 3443 4511 undantibus

137 4524 231 4579 lus
245 4524 355 4583 nec
380 4533 803 4597 providentiam
827 4524 1038 4602 meam,
1052 4552 1159 4591 nec
1174 4524 1612 4605 indulgentiam,
1628 4524 1739 4605 q-ua

1855 4524 2196 4600 afﬂuentem,
2222 4535 2525 4587 exhaurire
2546 4547 2662 4586 non
2687 4538 2883 4599 posset
2906 4533 3144 4585 offensio
3161 4534 3198 4594 (ε
3213 4536 3443 4593 protinus

140 4699 487 4763 explicatum
517 4719 527 4750 :
564 4711 884 4754 vocaverunt
913 4720 1016 4770 eos,
1053 4707 1128 4756 sic
1161 4707 1411 4758 abierunt
1437 4725 1471 4759 a
1503 4710 1641 4772 facie
1663 4727 1741 4761 eo-

141 4785 261 4819 rum
293 4789 306 4821 :
332 4772 572 4836 Baalim,
598 4778 707 4825 etc.

142 4908 151 4918 .
201 4851 217 4918 ὲ
242 4845 433 4895 Antea
461 4845 662 4918 vitiose
688 4850 814 4898 erat
857 4847 1088 4899 duobus
1116 4851 1330 4911 verbis,
1379 4867 1431 4900 se
1462 4852 1734 4904 ducerent:

140 4915 615 4988 inter-punctionis
651 4929 879 4980 quoque
902 4920 1046 4970 ratio
1072 4922 1344 4983 peccabat
1370 4938 1381 4972 :
1408 4926 1530 4973 tum
1568 4925 1738 4988 paulo

142 4987 266 5059 post
291 4987 437 5047 quod
462 4987 721 5050 volebant,
759 5001 860 5052 pro
907 5006 1012 5053 quo
1041 4991 1301 5055 volebant,
1339 4987 1634 5059 perperam
1657 4995 1739 5048 1e-

140 5053 394 5113 gebatur.

200 5122 219 5151 ¹³
242 5128 429 5189 Atque
474 5128 601 5181 heic
643 5130 947 5187 audemus,
978 5134 1040 5182 ut
1075 5145 1286 5185 sensus
1325 5139 1567 5195 constet,
1617 5150 1737 5189 res-

139 5194 349 5270 cribere
408 5199 763 5251 delinimenla
822 5202 1103 5267 subjunaci,
1150 5218 1251 5268 pro
1301 5207 1513 5270 quibus
1549 5194 1735 5260 verbis

144 5267 410 5320 mendose
433 5271 671 5323 omnino
691 5272 902 5324 lectum
928 5278 1019 5325 est
1039 5267 1735 5327 haClenus—delineamenta

139 5334 414 5397 subjunmi.

199 5409 280 5457 ‘It
309 5411 659 5474 explicatum
698 5415 1150 5478 subsequentem
1178 5418 1530 5471 versiculum
1561 5434 1734 5483 quar-

144 5477 491 5553 tuni,_quein,
524 5488 589 5533 ut
615 5489 865 5536 mentem
882 5477 1149 5538 Auctoris
1161 5492 1505 5553 assequaris,
1531 5477 1735 5542 descri-

144 5544 265 5624 bere
280 5548 403 5624 heic
430 5558 682 5615 prastat.
711 5558 773 5604 In
805 5556 1071 5617 funiculis
1094 5560 1272 5608 Adam
1304 5544 1526 5611 lraham
1544 5578 1644 5623 eos,
1672 5564 1732 5611 in

144 5621 362 5669 uinculis
406 5625 646 5697 caritatis
682 5636 695 5678 :
740 5631 786 5675 et
830 5642 918 5675 ero
960 5630 1035 5678 eis
1069 5632 1226 5693 quasi
1264 5633 1516 5682 exultans
1531 5621 1731 5697 jug-um

139 5701 291 5748 super
335 5694 593 5743 maxillas
634 5710 838 5756 eorum,
885 5703 929 5746 et
976 5700 1241 5750 declinavi
1279 5703 1351 5751 ad
1371 5694 1733 5765 eum,ut'vcs-

138 5766 347 5812 ceretur.
366 5766 504 5829 Ejus
519 5766 680 5818 nulla
702 5772 869 5820 antea
883 5776 1001 5822 erat
1021 5772 1101 5825 rei
1125 5777 1279 5836 nota,
1305 5775 1445 5837 quin
1466 5775 1583 5827 imo
1606 5792 1731 5824 cou-

1840 4711 2003 4762 tinua
2020 4710 2295 4763 orationis
2320 4713 2380 4761 et
2404 4708 2766 4773 periodicum
2789 4707 3249 4774 praecedentibus
3266 4711 3439 4759 series.

1900 4782 2085 4833 ‘Libri
2102 4782 2199 4833 alii
2215 4782 2275 4829 in
2296 4780 2618 4843 civitatibus,
2644 4784 3031 4845 congruenter
3052 4780 3315 4832 Hebraeo.
3334 4784 3440 4829 Mox

1837 4855 2023 4918 cupita
2055 4853 2359 4917 legebatur
2393 4866 2494 4917 pro
2522 4853 2722 4915 capita,
2759 4857 2818 4904 et
2841 4852 3007 4904 tertio
3028 4853 3100 4903 ab
3120 4851 3232 4903 hoc
3265 4864 3439 4903 versu

1835 4930 2158 4974 vocaverunt
2180 4939 2316 4984 reos,
2341 4925 2476 4973 sicut
2493 4923 2742 4973 abierunt
2764 4937 2864 4988 pro
2890 4928 3209 4974 vocaverunt
3227 4937 3339 4972 eos:
3365 4923 3440 4973 sic

1835 4996 2103 5056 abierunt,
2117 4999 2222 5046 etc.

1899 5077 1916 5097 ν
1942 5067 2129 5118 Mallet
2150 5067 2303 5132 prior
2330 5066 2527 5119 Editor
2553 5067 2874 5131 refringam.

1899 5138 2230 5190 ‘Occursus
2275 5140 2585 5190 eorundem
2631 5141 2959 5201 verborum,
2991 5137 3256 5202 quomodo
3302 5137 3438 5187 dabo

1836 5214 1898 5274 te,
1942 5210 2129 5263 fraudi
2174 5210 2284 5263 fuit
2332 5210 2672 5275 antiquaria,
2727 5211 2824 5274 qui
2876 5210 3122 5274 priorem
3164 5206 3435 5258 versiculi

1834 5286 2073 5345 partem,
2116 5283 2384 5346 quomodo
2428 5281 2563 5331 dabo
2616 5286 2678 5345 te,
2722 5281 3012 5345 Ephraim:
3058 5284 3335 5344 protegam
3369 5282 3433 5341 te,

1834 5352 2015 5411 Israel,
2042 5352 2272 5405 fallente
2316 5353 2502 5415 oculo,
2551 5352 2938 5417 praetermisit.
2987 5352 3092 5401 Pro
3137 5364 3433 5415 apponam,

1835 5424 1983 5484 quod
2007 5424 2267 5487 proxime
2298 5424 2576 5488 sequitur,
2603 5422 2805 5485 reliqui
2822 5421 2948 5472 libri
2966 5436 3167 5486 ponam
3192 5422 3439 5472 tantum-

1833 5492 2007 5543 modo
2031 5494 2265 5545 babent.
2952 5540 2963 5549 .

1896 5574 1913 5600 κ
1938 5563 2285 5616 Inclusimus
2304 5566 2528 5617 uncinis
2553 5565 2730 5617 verba
2741 5577 2873 5628 quae
2899 5576 3138 5615 sensum
3162 5561 3438 5615 orationis

1834 5635 2086 5695 turbant,
2122 5639 2177 5685 et
2203 5637 2408 5699 partim
2447 5637 2713 5688 videntur
2737 5649 2811 5687 ex
2840 5639 2977 5687 nota
3021 5634 3093 5685 ad
3118 5647 3279 5685 oram
3309 5635 3439 5687 libri

1834 5706 1949 5756 huc
1972 5706 2216 5765 intrusa,
2236 5707 2446 5770 partim
2467 5709 2713 5760 aliorum
2748 5707 3086 5772 trajectione
3109 5707 3435 5769 verborum,

1835 5789 1964 5840 qua:
1999 5775 2330 5837 exciderint,
2365 5791 2616 5841 peccare.
