  <div class='ocr_page' id='page_1' title='image "/cluster/home/n/w/nwhite01/storage/ocr_20150623/20-21/uva.x000826555/1123.png"; bbox 0 0 3880 6222; ppageno 0'>
   <div class='ocr_carea' id='block_1_1' title="bbox 393 284 535 341">
    <p class='ocr_par' dir='ltr' id='par_1_1' title="bbox 393 284 535 341">
     <span class='ocr_line' id='line_1_1' title="bbox 393 284 535 341; baseline 0.007 -3"><span class='ocrx_word' id='word_1_1' title='bbox 393 284 535 341; x_wconf 85' lang='grc'><strong>1019</strong></span> 
     </span>
    </p>
   </div>
   <div class='ocr_carea' id='block_1_2' title="bbox 1456 282 2630 343">
    <p class='ocr_par' dir='ltr' id='par_1_2' title="bbox 1456 282 2630 343">
     <span class='ocr_line' id='line_1_2' title="bbox 1456 282 2630 343; baseline -0.008 0"><span class='ocrx_word' id='word_1_2' title='bbox 1456 288 1723 343; x_wconf 83' lang='lat' dir='ltr'><strong>RUFINO</strong></span> <span class='ocrx_word' id='word_1_3' title='bbox 1754 284 2219 340; x_wconf 83' lang='lat' dir='ltr'><strong>PRESBYTERO</strong></span> <span class='ocrx_word' id='word_1_4' title='bbox 2250 282 2630 337; x_wconf 81' lang='lat' dir='ltr'><strong>ASCRIPTUS</strong></span> 
     </span>
    </p>
   </div>
   <div class='ocr_carea' id='block_1_3' title="bbox 3576 274 3737 330">
    <p class='ocr_par' dir='ltr' id='par_1_3' title="bbox 3576 274 3737 330">
     <span class='ocr_line' id='line_1_3' title="bbox 3576 274 3737 330; baseline 0 -1"><span class='ocrx_word' id='word_1_5' title='bbox 3576 274 3737 330; x_wconf 60' lang='lat' dir='ltr'><strong>meo</strong></span> 
     </span>
    </p>
   </div>
   <div class='ocr_carea' id='block_1_4' title="bbox 395 391 3734 475">
    <p class='ocr_par' dir='ltr' id='par_1_4' title="bbox 395 391 3734 475">
     <span class='ocr_line' id='line_1_4' title="bbox 395 391 3734 475; baseline 0.005 -27"><span class='ocrx_word' id='word_1_6' title='bbox 395 398 688 475; x_wconf 69' lang='lat' dir='ltr'><strong>subituros</strong></span> <span class='ocrx_word' id='word_1_7' title='bbox 702 399 937 475; x_wconf 77' lang='lat' dir='ltr'><strong>schema</strong></span> <span class='ocrx_word' id='word_1_8' title='bbox 948 402 1119 475; x_wconf 83' lang='lat' dir='ltr'><strong>etiam</strong></span> <span class='ocrx_word' id='word_1_9' title='bbox 1129 404 1495 458; x_wconf 83' lang='lat' dir='ltr'><strong>deliberantis</strong></span> <span class='ocrx_word' id='word_1_10' title='bbox 1506 403 1757 466; x_wconf 80' lang='lat' dir='ltr'><strong>oﬂ‘ensio)</strong></span> <span class='ocrx_word' id='word_1_11' title='bbox 1768 401 1879 463; x_wconf 88' lang='lat' dir='ltr'><strong>,vel</strong></span> <span class='ocrx_word' id='word_1_12' title='bbox 1889 414 1981 452; x_wconf 89' lang='lat' dir='ltr'><strong>cu-</strong></span> <span class='ocrx_word' id='word_1_13' title='bbox 1999 403 2053 475; x_wconf 77' lang='grc' dir='ltr'><strong>Α</strong></span> <span class='ocrx_word' id='word_1_14' title='bbox 2076 397 2298 475; x_wconf 82' lang='lat' dir='ltr'><strong>decrevi</strong></span> <span class='ocrx_word' id='word_1_15' title='bbox 2309 400 2484 475; x_wconf 77' lang='lat' dir='ltr'><strong>atque</strong></span> <span class='ocrx_word' id='word_1_16' title='bbox 2495 393 2915 475; x_wconf 59' lang='grc' dir='ltr'><strong>ρτοφίείνίιιιοά</strong></span> <span class='ocrx_word' id='word_1_17' title='bbox 2926 396 2986 473; x_wconf 53' lang='grc' dir='ltr'><strong>ξι</strong></span> <span class='ocrx_word' id='word_1_18' title='bbox 2996 391 3046 475; x_wconf 54' lang='grc' dir='ltr'><strong>εἰ</strong></span> <span class='ocrx_word' id='word_1_19' title='bbox 3055 391 3447 475; x_wconf 60' lang='grc' dir='ltr'><strong>Οσίῗηὲίοηθῐξι</strong></span> <span class='ocrx_word' id='word_1_20' title='bbox 3459 403 3640 475; x_wconf 49' lang='grc' dir='ltr'><strong>φθιξῗ</strong></span> <span class='ocrx_word' id='word_1_21' title='bbox 3659 403 3734 475; x_wconf 47' lang='lat'><strong>9‘</strong></span> 
     </span>
    </p>
   </div>
   <div class='ocr_carea' id='block_1_5' title="bbox 389 468 1980 537">
    <p class='ocr_par' dir='ltr' id='par_1_5' title="bbox 389 468 1980 537">
     <span class='ocr_line' id='line_1_5' title="bbox 389 468 1980 537; baseline 0.001 -19"><span class='ocrx_word' id='word_1_22' title='bbox 389 469 488 532; x_wconf 90' lang='lat' dir='ltr'><strong>jus</strong></span> <span class='ocrx_word' id='word_1_23' title='bbox 500 468 957 537; x_wconf 89' lang='lat' dir='ltr'><strong>dispositionem,</strong></span> <span class='ocrx_word' id='word_1_24' title='bbox 980 474 1167 528; x_wconf 89' lang='lat' dir='ltr'><strong>dicata</strong></span> <span class='ocrx_word' id='word_1_25' title='bbox 1182 477 1357 528; x_wconf 85' lang='lat' dir='ltr'><strong>semel</strong></span> <span class='ocrx_word' id='word_1_26' title='bbox 1376 475 1643 527; x_wconf 78' lang='lat' dir='ltr'><strong>firmitate</strong></span> <span class='ocrx_word' id='word_1_27' title='bbox 1667 477 1980 535; x_wconf 75' lang='lat' dir='ltr'><strong>gaudentem,</strong></span> 
     </span>
    </p>
   </div>
   <div class='ocr_carea' id='block_1_6' title="bbox 392 539 1988 609">
    <p class='ocr_par' dir='ltr' id='par_1_6' title="bbox 392 539 1988 609">
     <span class='ocr_line' id='line_1_6' title="bbox 392 539 1988 609; baseline 0.002 -19"><span class='ocrx_word' id='word_1_28' title='bbox 392 539 747 602; x_wconf 83' lang='lat' dir='ltr'><strong>ingratorum</strong></span> <span class='ocrx_word' id='word_1_29' title='bbox 765 541 932 605; x_wconf 89' lang='lat' dir='ltr'><strong>culpa</strong></span> <span class='ocrx_word' id='word_1_30' title='bbox 945 557 1061 596; x_wconf 91' lang='lat' dir='ltr'><strong>non</strong></span> <span class='ocrx_word' id='word_1_31' title='bbox 1073 551 1271 599; x_wconf 89' lang='lat' dir='ltr'><strong>mutet.</strong></span> <span class='ocrx_word' id='word_1_32' title='bbox 1292 548 1454 609; x_wconf 89' lang='lat' dir='ltr'><strong>Quod</strong></span> <span class='ocrx_word' id='word_1_33' title='bbox 1477 551 1537 598; x_wconf 90' lang='lat' dir='ltr'><strong>et</strong></span> <span class='ocrx_word' id='word_1_34' title='bbox 1550 546 1824 609; x_wconf 78' lang='lat' dir='ltr'><strong>magister</strong></span> <span class='ocrx_word' id='word_1_35' title='bbox 1840 546 1988 594; x_wconf 85' lang='lat' dir='ltr'><strong>Gen-</strong></span> 
     </span>
    </p>
   </div>
   <div class='ocr_carea' id='block_1_7' title="bbox 395 610 1988 681">
    <p class='ocr_par' dir='ltr' id='par_1_7' title="bbox 395 610 1988 681">
     <span class='ocr_line' id='line_1_7' title="bbox 395 610 1988 681; baseline 0.001 -20"><span class='ocrx_word' id='word_1_36' title='bbox 395 610 540 661; x_wconf 90' lang='lat' dir='ltr'><strong>tium</strong></span> <span class='ocrx_word' id='word_1_37' title='bbox 553 611 1101 678; x_wconf 89' lang='lat' dir='ltr'><strong>breviterindicavit,</strong></span> <span class='ocrx_word' id='word_1_38' title='bbox 1115 618 1371 669; x_wconf 89' lang='lat' dir='ltr'><strong>dicendo:</strong></span> <span class='ocrx_word' id='word_1_39' title='bbox 1388 619 1635 681; x_wconf 77' lang='lat' dir='ltr'><strong>Sinepoen</strong></span> <span class='ocrx_word' id='word_1_40' title='bbox 1648 619 1744 665; x_wconf 80' lang='lat' dir='ltr'><strong>ilen</strong></span> <span class='ocrx_word' id='word_1_41' title='bbox 1755 617 1831 664; x_wconf 79' lang='lat' dir='ltr'><strong>tia</strong></span> <span class='ocrx_word' id='word_1_42' title='bbox 1842 615 1988 663; x_wconf 78' lang='lat' dir='ltr'><strong>enim</strong></span> 
     </span>
    </p>
   </div>
   <div class='ocr_carea' id='block_1_8' title="bbox 394 681 1987 751">
    <p class='ocr_par' dir='ltr' id='par_1_8' title="bbox 394 681 1987 751">
     <span class='ocr_line' id='line_1_8' title="bbox 394 681 1987 751; baseline 0.002 -22"><span class='ocrx_word' id='word_1_43' title='bbox 394 686 521 729; x_wconf 82' lang='lat' dir='ltr'><strong>sunt</strong></span> <span class='ocrx_word' id='word_1_44' title='bbox 546 681 702 751; x_wconf 83' lang='lat' dir='ltr'><strong>dona</strong></span> <span class='ocrx_word' id='word_1_45' title='bbox 738 687 783 729; x_wconf 87' lang='lat' dir='ltr'><strong>et</strong></span> <span class='ocrx_word' id='word_1_46' title='bbox 817 686 1019 734; x_wconf 81' lang='lat' dir='ltr'><strong>vacatio</strong></span> <span class='ocrx_word' id='word_1_47' title='bbox 1041 687 1137 736; x_wconf 82' lang='lat' dir='ltr'><strong>Dei</strong></span> <span class='ocrx_word' id='word_1_48' title='bbox 1182 691 1348 751; x_wconf 84' lang='lat' dir='ltr'><strong>(Rom.</strong></span> <span class='ocrx_word' id='word_1_49' title='bbox 1374 688 1459 742; x_wconf 87' lang='lat'><strong>11.</strong></span> <span class='ocrx_word' id='word_1_50' title='bbox 1498 687 1629 751; x_wconf 66' lang='lat'><strong>99.),</strong></span> <span class='ocrx_word' id='word_1_51' title='bbox 1660 688 1787 736; x_wconf 85' lang='lat' dir='ltr'><strong>Dico</strong></span> <span class='ocrx_word' id='word_1_52' title='bbox 1821 688 1987 746; x_wconf 80' lang='lat' dir='ltr'><strong>enim,</strong></span> 
     </span>
    </p>
   </div>
   <div class='ocr_carea' id='block_1_9' title="bbox 396 750 1986 823">
    <p class='ocr_par' dir='ltr' id='par_1_9' title="bbox 396 750 1986 823">
     <span class='ocr_line' id='line_1_9' title="bbox 396 750 1986 823; baseline 0.002 -23"><span class='ocrx_word' id='word_1_53' title='bbox 396 750 598 813; x_wconf 88' lang='lat' dir='ltr'><strong>inquit.</strong></span> <span class='ocrx_word' id='word_1_54' title='bbox 614 754 873 805; x_wconf 78' lang='lat' dir='ltr'><strong>nunquid</strong></span> <span class='ocrx_word' id='word_1_55' title='bbox 892 757 1088 819; x_wconf 86' lang='lat' dir='ltr'><strong>repulit</strong></span> <span class='ocrx_word' id='word_1_56' title='bbox 1121 760 1259 807; x_wconf 84' lang='lat' dir='ltr'><strong>Deus</strong></span> <span class='ocrx_word' id='word_1_57' title='bbox 1274 760 1468 823; x_wconf 79' lang='lat' dir='ltr'><strong>plebem</strong></span> <span class='ocrx_word' id='word_1_58' title='bbox 1492 750 1668 814; x_wconf 77' lang='lat' dir='ltr'><strong>suam,</strong></span> <span class='ocrx_word' id='word_1_59' title='bbox 1704 757 1986 818; x_wconf 71' lang='lat' dir='ltr'><strong>videlicet,</strong></span> 
     </span>
    </p>
   </div>
   <div class='ocr_carea' id='block_1_10' title="bbox 397 826 1989 902">
    <p class='ocr_par' dir='ltr' id='par_1_10' title="bbox 397 826 1989 902">
     <span class='ocr_line' id='line_1_10' title="bbox 397 826 1989 902; baseline 0.006 -34"><span class='ocrx_word' id='word_1_60' title='bbox 397 836 565 902; x_wconf 67' lang='lat' dir='ltr'><strong>quam</strong></span> <span class='ocrx_word' id='word_1_61' title='bbox 590 828 715 902; x_wconf 80' lang='lat' dir='ltr'><strong>ante</strong></span> <span class='ocrx_word' id='word_1_62' title='bbox 734 826 1163 902; x_wconf 68' lang='lat' dir='ltr'><strong>praesciuit_(lbid,</strong></span> <span class='ocrx_word' id='word_1_63' title='bbox 1183 830 1209 883; x_wconf 78' lang='grc'><strong>1</strong></span> <span class='ocrx_word' id='word_1_64' title='bbox 1236 830 1288 892; x_wconf 58' lang='grc' dir='ltr'>Η</span> <span class='ocrx_word' id='word_1_65' title='bbox 1310 840 1611 902; x_wconf 83' lang='lat' dir='ltr'><strong>nunquam</strong></span> <span class='ocrx_word' id='word_1_66' title='bbox 1630 828 1782 879; x_wconf 80' lang='lat' dir='ltr'>illam</span> <span class='ocrx_word' id='word_1_67' title='bbox 1809 827 1989 889; x_wconf 83' lang='lat' dir='ltr'><strong>patie—</strong></span> 
     </span>
    </p>
   </div>
   <div class='ocr_carea' id='block_1_11' title="bbox 397 896 1986 974">
    <p class='ocr_par' dir='ltr' id='par_1_11' title="bbox 397 896 1986 974">
     <span class='ocr_line' id='line_1_11' title="bbox 397 896 1986 974; baseline 0.003 -31"><span class='ocrx_word' id='word_1_68' title='bbox 397 896 490 943; x_wconf 91' lang='lat' dir='ltr'><strong>tur</strong></span> <span class='ocrx_word' id='word_1_69' title='bbox 514 896 1107 974; x_wconf 39' lang='lat' dir='ltr'><strong>impiarum‘gentium</strong></span> <span class='ocrx_word' id='word_1_70' title='bbox 1141 913 1298 974; x_wconf 75' lang='lat' dir='ltr'><strong>more</strong></span> <span class='ocrx_word' id='word_1_71' title='bbox 1324 900 1518 974; x_wconf 82' lang='lat' dir='ltr'><strong>deleri.</strong></span> <span class='ocrx_word' id='word_1_72' title='bbox 1550 902 1619 949; x_wconf 88' lang='lat' dir='ltr'><strong>Et</strong></span> <span class='ocrx_word' id='word_1_73' title='bbox 1654 911 1808 974; x_wconf 86' lang='lat' dir='ltr'><strong>nunc</strong></span> <span class='ocrx_word' id='word_1_74' title='bbox 1831 910 1986 974; x_wconf 76' lang='lat' dir='ltr'><strong>ergo,</strong></span> 
     </span>
    </p>
   </div>
   <div class='ocr_carea' id='block_1_12' title="bbox 396 962 1985 1032">
    <p class='ocr_par' dir='ltr' id='par_1_12' title="bbox 396 962 1985 1032">
     <span class='ocr_line' id='line_1_12' title="bbox 396 962 1985 1032; baseline 0.004 -20"><span class='ocrx_word' id='word_1_75' title='bbox 396 974 529 1012; x_wconf 91' lang='lat' dir='ltr'><strong>cum</strong></span> <span class='ocrx_word' id='word_1_76' title='bbox 546 962 767 1015; x_wconf 88' lang='lat' dir='ltr'><strong>debitas</strong></span> <span class='ocrx_word' id='word_1_77' title='bbox 784 965 981 1031; x_wconf 79' lang='lat' dir='ltr'><strong>plagas</strong></span> <span class='ocrx_word' id='word_1_78' title='bbox 996 970 1227 1032; x_wconf 76' lang='lat' dir='ltr'>pollutis</span> <span class='ocrx_word' id='word_1_79' title='bbox 1243 970 1553 1021; x_wconf 75' lang='lat' dir='ltr'><strong>denuntias</strong></span> <span class='ocrx_word' id='word_1_80' title='bbox 1574 975 1709 1032; x_wconf 81' lang='lat' dir='ltr'><strong>etag</strong></span> <span class='ocrx_word' id='word_1_81' title='bbox 1719 969 1985 1028; x_wconf 88' lang='lat' dir='ltr'><strong>minibus,</strong></span> 
     </span>
    </p>
   </div>
   <div class='ocr_carea' id='block_1_13' title="bbox 396 1032 1991 1104">
    <p class='ocr_par' dir='ltr' id='par_1_13' title="bbox 396 1032 1991 1104">
     <span class='ocr_line' id='line_1_13' title="bbox 396 1032 1991 1104; baseline 0.004 -22"><span class='ocrx_word' id='word_1_82' title='bbox 396 1032 605 1083; x_wconf 88' lang='lat' dir='ltr'><strong>habere</strong></span> <span class='ocrx_word' id='word_1_83' title='bbox 623 1046 684 1085; x_wconf 90' lang='lat' dir='ltr'><strong>se</strong></span> <span class='ocrx_word' id='word_1_84' title='bbox 697 1039 891 1088; x_wconf 89' lang='lat' dir='ltr'><strong>tamen</strong></span> <span class='ocrx_word' id='word_1_85' title='bbox 903 1042 1182 1092; x_wconf 88' lang='lat' dir='ltr'><strong>rationem</strong></span> <span class='ocrx_word' id='word_1_86' title='bbox 1199 1054 1417 1104; x_wconf 89' lang='lat' dir='ltr'><strong>eorum,</strong></span> <span class='ocrx_word' id='word_1_87' title='bbox 1436 1041 1647 1104; x_wconf 81' lang='lat' dir='ltr'>quibus</span> <span class='ocrx_word' id='word_1_88' title='bbox 1666 1041 1737 1091; x_wconf 88' lang='lat' dir='ltr'><strong>sit</strong></span> <span class='ocrx_word' id='word_1_89' title='bbox 1750 1039 1991 1104; x_wconf 88' lang='lat' dir='ltr'><strong>parcitu-</strong></span> 
     </span>
    </p>
   </div>
   <div class='ocr_carea' id='block_1_14' title="bbox 396 1105 1987 1185">
    <p class='ocr_par' dir='ltr' id='par_1_14' title="bbox 396 1105 1987 1185">
     <span class='ocr_line' id='line_1_14' title="bbox 396 1105 1987 1185; baseline 0.002 -30"><span class='ocrx_word' id='word_1_90' title='bbox 396 1105 893 1185; x_wconf 2' lang='lat' dir='ltr'><strong>rus,&#39;ostendit.gln</strong></span> <span class='ocrx_word' id='word_1_91' title='bbox 907 1111 1097 1185; x_wconf 70' lang='lat' dir='ltr'><strong>medio,</strong></span> <span class='ocrx_word' id='word_1_92' title='bbox 1125 1111 1327 1174; x_wconf 84' lang='lat' dir='ltr'><strong>inquit,</strong></span> <span class='ocrx_word' id='word_1_93' title='bbox 1348 1114 1428 1161; x_wconf 85' lang='lat' dir='ltr'><strong>lui</strong></span> <span class='ocrx_word' id='word_1_94' title='bbox 1449 1118 1681 1171; x_wconf 84' lang='lat' dir='ltr'><strong>sanctus,</strong></span> <span class='ocrx_word' id='word_1_95' title='bbox 1705 1117 1751 1159; x_wconf 87' lang='lat' dir='ltr'><strong>et</strong></span> <span class='ocrx_word' id='word_1_96' title='bbox 1768 1126 1876 1159; x_wconf 89' lang='lat' dir='ltr'><strong>non</strong></span> <span class='ocrx_word' id='word_1_97' title='bbox 1895 1111 1987 1158; x_wconf 88' lang='lat' dir='ltr'><strong>in-</strong></span> 
     </span>
    </p>
   </div>
   <div class='ocr_carea' id='block_1_15' title="bbox 395 1175 1988 1247">
    <p class='ocr_par' dir='ltr' id='par_1_15' title="bbox 395 1175 1988 1247">
     <span class='ocr_line' id='line_1_15' title="bbox 395 1175 1988 1247; baseline 0.006 -24"><span class='ocrx_word' id='word_1_98' title='bbox 395 1175 615 1247; x_wconf 79' lang='lat' dir='ltr'><strong>grediar</strong></span> <span class='ocrx_word' id='word_1_99' title='bbox 636 1177 920 1229; x_wconf 87' lang='lat' dir='ltr'><strong>civitatem.</strong></span> <span class='ocrx_word' id='word_1_100' title='bbox 947 1182 1116 1233; x_wconf 89' lang='lat' dir='ltr'><strong>Hunc</strong></span> <span class='ocrx_word' id='word_1_101' title='bbox 1141 1195 1371 1235; x_wconf 89' lang='lat' dir='ltr'><strong>versum</strong></span> <span class='ocrx_word' id='word_1_102' title='bbox 1405 1194 1422 1213; x_wconf 89' lang='grc'>·</span> <span class='ocrx_word' id='word_1_103' title='bbox 1448 1184 1832 1247; x_wconf 84' lang='lat' dir='ltr'><strong>Hieronymus</strong></span> <span class='ocrx_word' id='word_1_104' title='bbox 1856 1194 1988 1233; x_wconf 89' lang='lat' dir='ltr'><strong>cum</strong></span> 
     </span>
    </p>
   </div>
   <div class='ocr_carea' id='block_1_16' title="bbox 396 1245 1987 1318">
    <p class='ocr_par' dir='ltr' id='par_1_16' title="bbox 396 1245 1987 1318">
     <span class='ocr_line' id='line_1_16' title="bbox 396 1245 1987 1318; baseline 0.001 -18"><span class='ocrx_word' id='word_1_105' title='bbox 396 1245 569 1318; x_wconf 59' lang='lat' dir='ltr'><strong>veﬂet</strong></span> <span class='ocrx_word' id='word_1_106' title='bbox 591 1260 895 1313; x_wconf 82' lang='lat' dir='ltr'><strong>exponere,</strong></span> <span class='ocrx_word' id='word_1_107' title='bbox 936 1254 1184 1315; x_wconf 84' lang='lat' dir='ltr'><strong>perrexit</strong></span> <span class='ocrx_word' id='word_1_108' title='bbox 1212 1267 1567 1313; x_wconf 83' lang='lat' dir='ltr'><strong>enumerare,</strong></span> <span class='ocrx_word' id='word_1_109' title='bbox 1603 1245 1701 1318; x_wconf 82' lang='lat' dir='ltr'><strong>qui</strong></span> <span class='ocrx_word' id='word_1_110' title='bbox 1729 1253 1987 1305; x_wconf 74' lang='lat' dir='ltr'>civitates</span> 
     </span>
    </p>
   </div>
   <div class='ocr_carea' id='block_1_17' title="bbox 398 1313 1987 1400">
    <p class='ocr_par' dir='ltr' id='par_1_17' title="bbox 398 1313 1987 1400">
     <span class='ocr_line' id='line_1_17' title="bbox 398 1313 1987 1400; baseline 0.003 -30"><span class='ocrx_word' id='word_1_111' title='bbox 603 1313 1439 1400; x_wconf 72' lang='lat' dir='ltr'><strong>condidisselegerentur,etait</strong></span> <span class='ocrx_word' id='word_1_112' title='bbox 1462 1313 1865 1400; x_wconf 81' lang='lat' dir='ltr'><strong>primumCain</strong></span> <span class='ocrx_word' id='word_1_113' title='bbox 1888 1337 1987 1376; x_wconf 91' lang='lat' dir='ltr'><strong>ur-</strong></span> 
     </span>
    </p>
   </div>
   <div class='ocr_carea' id='block_1_18' title="bbox 399 1388 1990 1461">
    <p class='ocr_par' dir='ltr' id='par_1_18' title="bbox 399 1388 1990 1461">
     <span class='ocr_line' id='line_1_18' title="bbox 399 1388 1990 1461; baseline 0.007 -25"><span class='ocrx_word' id='word_1_114' title='bbox 399 1388 621 1461; x_wconf 87' lang='lat' dir='ltr'><strong>bis__sibi</strong></span> <span class='ocrx_word' id='word_1_115' title='bbox 659 1392 987 1461; x_wconf 67' lang='lat' dir='ltr'><strong>prazsidium</strong></span> <span class='ocrx_word' id='word_1_116' title='bbox 1026 1388 1409 1460; x_wconf 70' lang='lat' dir='ltr'><strong>comparasse,</strong></span> <span class='ocrx_word' id='word_1_117' title='bbox 1434 1388 1633 1461; x_wconf 84' lang='lat' dir='ltr'><strong>postea</strong></span> <span class='ocrx_word' id='word_1_118' title='bbox 1657 1397 1829 1448; x_wconf 88' lang='lat' dir='ltr'><strong>etiam</strong></span> <span class='ocrx_word' id='word_1_119' title='bbox 1852 1408 1990 1447; x_wconf 90' lang='lat' dir='ltr'><strong>non-</strong></span> 
     </span>
    </p>
   </div>
   <div class='ocr_carea' id='block_1_19' title="bbox 398 1458 1985 1530">
    <p class='ocr_par' dir='ltr' id='par_1_19' title="bbox 398 1458 1985 1530">
     <span class='ocr_line' id='line_1_19' title="bbox 398 1458 1985 1530; baseline 0.003 -22"><span class='ocrx_word' id='word_1_120' title='bbox 398 1458 587 1530; x_wconf 86' lang='lat' dir='ltr'><strong>nullos</strong></span> <span class='ocrx_word' id='word_1_121' title='bbox 604 1460 939 1514; x_wconf 83' lang='lat' dir='ltr'><strong>criminibus</strong></span> <span class='ocrx_word' id='word_1_122' title='bbox 961 1458 1222 1530; x_wconf 84' lang='lat' dir='ltr'><strong>insignes</strong></span> <span class='ocrx_word' id='word_1_123' title='bbox 1255 1458 1676 1519; x_wconf 49' lang='lat' dir='ltr'><strong>fuisse—urbium</strong></span> <span class='ocrx_word' id='word_1_124' title='bbox 1688 1469 1985 1519; x_wconf 76' lang='lat' dir='ltr'><strong>conditores.</strong></span> 
     </span>
    </p>
   </div>
   <div class='ocr_carea' id='block_1_20' title="bbox 400 1528 1988 1612">
    <p class='ocr_par' dir='ltr' id='par_1_20' title="bbox 400 1528 1988 1612">
     <span class='ocr_line' id='line_1_20' title="bbox 400 1528 1988 1612; baseline 0.006 -34"><span class='ocrx_word' id='word_1_125' title='bbox 400 1530 470 1579; x_wconf 90' lang='lat' dir='ltr'><strong>Et</strong></span> <span class='ocrx_word' id='word_1_126' title='bbox 486 1528 628 1612; x_wconf 73' lang='lat' dir='ltr'><strong>ideo,</strong></span> <span class='ocrx_word' id='word_1_127' title='bbox 652 1532 836 1612; x_wconf 61' lang='lat' dir='ltr'><strong>Deum</strong></span> <span class='ocrx_word' id='word_1_128' title='bbox 847 1528 1343 1612; x_wconf 79' lang='lat' dir='ltr'><strong>commendantem</strong></span> <span class='ocrx_word' id='word_1_129' title='bbox 1363 1539 1584 1612; x_wconf 86' lang='lat' dir='ltr'><strong>proprie</strong></span> <span class='ocrx_word' id='word_1_130' title='bbox 1608 1537 1988 1590; x_wconf 87' lang='lat' dir='ltr'><strong>reverentiam</strong></span> 
     </span>
    </p>
   </div>
   <div class='ocr_carea' id='block_1_21' title="bbox 399 1602 1989 1680">
    <p class='ocr_par' dir='ltr' id='par_1_21' title="bbox 399 1602 1989 1680">
     <span class='ocr_line' id='line_1_21' title="bbox 399 1602 1989 1680; baseline 0.006 -31"><span class='ocrx_word' id='word_1_131' title='bbox 399 1602 745 1680; x_wconf 77' lang='lat' dir='ltr'><strong>sanctitatis,</strong></span> <span class='ocrx_word' id='word_1_132' title='bbox 805 1605 1039 1680; x_wconf 80' lang='lat' dir='ltr'><strong>dixisse,</strong></span> <span class='ocrx_word' id='word_1_133' title='bbox 1108 1602 1381 1672; x_wconf 83' lang='lat' dir='ltr'><strong>quoniam</strong></span> <span class='ocrx_word' id='word_1_134' title='bbox 1428 1602 1718 1660; x_wconf 81' lang='lat' dir='ltr'><strong>civitatem</strong></span> <span class='ocrx_word' id='word_1_135' title='bbox 1763 1613 1989 1660; x_wconf 81' lang='lat' dir='ltr'><strong>caveret</strong></span> 
     </span>
    </p>
   </div>
   <div class='ocr_carea' id='block_1_22' title="bbox 396 1676 1985 1743">
    <p class='ocr_par' dir='ltr' id='par_1_22' title="bbox 396 1676 1985 1743">
     <span class='ocr_line' id='line_1_22' title="bbox 396 1676 1985 1743; baseline 0.008 -24"><span class='ocrx_word' id='word_1_136' title='bbox 396 1676 643 1743; x_wconf 73' lang='lat' dir='ltr'><strong>intrare:</strong></span> <span class='ocrx_word' id='word_1_137' title='bbox 680 1678 854 1737; x_wconf 91' lang='lat' dir='ltr'><strong>atque</strong></span> <span class='ocrx_word' id='word_1_138' title='bbox 896 1677 956 1729; x_wconf 90' lang='lat' dir='ltr'><strong>in</strong></span> <span class='ocrx_word' id='word_1_139' title='bbox 979 1679 1133 1729; x_wconf 89' lang='lat' dir='ltr'><strong>hunc</strong></span> <span class='ocrx_word' id='word_1_140' title='bbox 1177 1680 1417 1731; x_wconf 89' lang='lat' dir='ltr'><strong>modum</strong></span> <span class='ocrx_word' id='word_1_141' title='bbox 1444 1681 1687 1743; x_wconf 86' lang='lat' dir='ltr'><strong>perrexit</strong></span> <span class='ocrx_word' id='word_1_142' title='bbox 1733 1692 1985 1731; x_wconf 81' lang='lat' dir='ltr'><strong>asserere</strong></span> 
     </span>
    </p>
   </div>
   <div class='ocr_carea' id='block_1_23' title="bbox 401 1741 2061 1835">
    <p class='ocr_par' dir='ltr' id='par_1_23' title="bbox 401 1741 2061 1835">
     <span class='ocr_line' id='line_1_23' title="bbox 401 1741 2061 1835; baseline 0 0"><span class='ocrx_word' id='word_1_143' title='bbox 401 1741 1409 1835; x_wconf 42' lang='lat' dir='ltr'><strong>{fitentur}asseruere,</strong></span> <span class='ocrx_word' id='word_1_144' title='bbox 1431 1741 1677 1835; x_wconf 56' lang='grc' dir='ltr'><strong>έινίξίξω</strong></span> <span class='ocrx_word' id='word_1_145' title='bbox 1696 1763 1861 1835; x_wconf 57' lang='lat' dir='ltr'><strong>sese</strong></span> <span class='ocrx_word' id='word_1_146' title='bbox 1879 1752 1988 1811; x_wconf 68' lang='lat' dir='ltr'><strong>vhi-</strong></span> <span class='ocrx_word' id='word_1_147' title='bbox 2008 1762 2061 1835; x_wconf 92' lang='lat' dir='ltr'><strong>B</strong></span> 
     </span>
    </p>
   </div>
   <div class='ocr_carea' id='block_1_24' title="bbox 394 1810 1987 1894">
    <p class='ocr_par' dir='ltr' id='par_1_24' title="bbox 394 1810 1987 1894">
     <span class='ocr_line' id='line_1_24' title="bbox 394 1810 1987 1894; baseline 0.005 -33"><span class='ocrx_word' id='word_1_148' title='bbox 394 1810 816 1894; x_wconf 64' lang='lat' dir='ltr'><strong>losophiaamau</strong></span> <span class='ocrx_word' id='word_1_149' title='bbox 858 1810 1487 1894; x_wconf 47' lang='lat' dir='ltr'><strong>i;&#39;antes,celebrita_tem</strong></span> <span class='ocrx_word' id='word_1_150' title='bbox 1506 1825 1705 1871; x_wconf 83' lang='lat' dir='ltr'><strong>urbium</strong></span> <span class='ocrx_word' id='word_1_151' title='bbox 1720 1810 1987 1886; x_wconf 75' lang='lat' dir='ltr'><strong>declinare,</strong></span> 
     </span>
    </p>
   </div>
   <div class='ocr_carea' id='block_1_25' title="bbox 398 1886 1988 1964">
    <p class='ocr_par' dir='ltr' id='par_1_25' title="bbox 398 1886 1988 1964">
     <span class='ocr_line' id='line_1_25' title="bbox 398 1886 1988 1964; baseline 0.007 -32"><span class='ocrx_word' id='word_1_152' title='bbox 398 1886 455 1964; x_wconf 72' lang='lat' dir='ltr'><strong>et</strong></span> <span class='ocrx_word' id='word_1_153' title='bbox 477 1886 762 1964; x_wconf 80' lang='lat' dir='ltr'><strong>montium</strong></span> <span class='ocrx_word' id='word_1_154' title='bbox 780 1896 996 1964; x_wconf 80' lang='lat' dir='ltr'><strong>secreta</strong></span> <span class='ocrx_word' id='word_1_155' title='bbox 1013 1890 1265 1964; x_wconf 83' lang='lat' dir='ltr'><strong>diligere.</strong></span> <span class='ocrx_word' id='word_1_156' title='bbox 1284 1892 1481 1964; x_wconf 88' lang='lat' dir='ltr'><strong>Talem</strong></span> <span class='ocrx_word' id='word_1_157' title='bbox 1503 1897 1697 1944; x_wconf 90' lang='lat' dir='ltr'><strong>autem</strong></span> <span class='ocrx_word' id='word_1_158' title='bbox 1715 1893 1988 1955; x_wconf 86' lang='lat' dir='ltr'><strong>explana-</strong></span> 
     </span>
    </p>
   </div>
   <div class='ocr_carea' id='block_1_26' title="bbox 396 1954 1986 2036">
    <p class='ocr_par' dir='ltr' id='par_1_26' title="bbox 396 1954 1986 2036">
     <span class='ocr_line' id='line_1_26' title="bbox 396 1954 1986 2036; baseline 0.006 -34"><span class='ocrx_word' id='word_1_159' title='bbox 396 1954 569 2036; x_wconf 74' lang='lat' dir='ltr'><strong>tionis</strong></span> <span class='ocrx_word' id='word_1_160' title='bbox 582 1954 845 2036; x_wconf 65' lang='lat' dir='ltr'><strong>colorem,</strong></span> <span class='ocrx_word' id='word_1_161' title='bbox 865 1960 1001 2036; x_wconf 76' lang='lat' dir='ltr'><strong>quis</strong></span> <span class='ocrx_word' id='word_1_162' title='bbox 1020 1954 1157 2036; x_wconf 70' lang='lat' dir='ltr'><strong>sine</strong></span> <span class='ocrx_word' id='word_1_163' title='bbox 1175 1962 1434 2036; x_wconf 82' lang='lat' dir='ltr'><strong>irrisione</strong></span> <span class='ocrx_word' id='word_1_164' title='bbox 1447 1954 1806 2036; x_wconf 74' lang='lat' dir='ltr'><strong>consideret?</strong></span> <span class='ocrx_word' id='word_1_165' title='bbox 1822 1967 1986 2024; x_wconf 83' lang='lat' dir='ltr'><strong>Neque</strong></span> 
     </span>
    </p>
   </div>
   <div class='ocr_carea' id='block_1_27' title="bbox 397 2024 1986 2105">
    <p class='ocr_par' dir='ltr' id='par_1_27' title="bbox 397 2024 1986 2105">
     <span class='ocr_line' id='line_1_27' title="bbox 397 2024 1986 2105; baseline 0.006 -32"><span class='ocrx_word' id='word_1_166' title='bbox 397 2024 547 2105; x_wconf 81' lang='lat' dir='ltr'><strong>enim</strong></span> <span class='ocrx_word' id='word_1_167' title='bbox 578 2025 673 2105; x_wconf 79' lang='lat' dir='ltr'><strong>hic</strong></span> <span class='ocrx_word' id='word_1_168' title='bbox 698 2029 851 2105; x_wconf 82' lang='lat' dir='ltr'><strong>Deus</strong></span> <span class='ocrx_word' id='word_1_169' title='bbox 869 2031 1345 2105; x_wconf 86' lang='lat' dir='ltr'><strong>Noster,dicendo</strong></span> <span class='ocrx_word' id='word_1_170' title='bbox 1370 2048 1431 2085; x_wconf 91' lang='lat' dir='ltr'><strong>se</strong></span> <span class='ocrx_word' id='word_1_171' title='bbox 1454 2047 1573 2085; x_wconf 92' lang='lat' dir='ltr'><strong>non</strong></span> <span class='ocrx_word' id='word_1_172' title='bbox 1591 2034 1986 2105; x_wconf 83' lang='lat' dir='ltr'><strong>ingressurum</strong></span> 
     </span>
    </p>
   </div>
   <div class='ocr_carea' id='block_1_28' title="bbox 398 2093 1988 2176">
    <p class='ocr_par' dir='ltr' id='par_1_28' title="bbox 398 2093 1988 2176">
     <span class='ocr_line' id='line_1_28' title="bbox 398 2093 1988 2176; baseline 0.007 -34"><span class='ocrx_word' id='word_1_173' title='bbox 398 2093 707 2176; x_wconf 73' lang='lat' dir='ltr'><strong>civitatem,</strong></span> <span class='ocrx_word' id='word_1_174' title='bbox 728 2100 898 2176; x_wconf 79' lang='lat' dir='ltr'><strong>urbes</strong></span> <span class='ocrx_word' id='word_1_175' title='bbox 909 2093 1988 2176; x_wconf 75' lang='lat' dir='ltr'><strong>generaliterpronunciavithorrere,de</strong></span> 
     </span>
    </p>
   </div>
   <div class='ocr_carea' id='block_1_29' title="bbox 400 2166 1987 2239">
    <p class='ocr_par' dir='ltr' id='par_1_29' title="bbox 400 2166 1987 2239">
     <span class='ocr_line' id='line_1_29' title="bbox 400 2166 1987 2239; baseline 0.004 -24"><span class='ocrx_word' id='word_1_176' title='bbox 400 2176 513 2227; x_wconf 90' lang='lat' dir='ltr'><strong>quo</strong></span> <span class='ocrx_word' id='word_1_177' title='bbox 543 2166 762 2219; x_wconf 90' lang='lat' dir='ltr'><strong>dictum</strong></span> <span class='ocrx_word' id='word_1_178' title='bbox 793 2168 1036 2234; x_wconf 84' lang='lat' dir='ltr'><strong>legimus</strong></span> <span class='ocrx_word' id='word_1_179' title='bbox 1063 2188 1075 2224; x_wconf 89' lang='lat'><strong>:</strong></span> <span class='ocrx_word' id='word_1_180' title='bbox 1112 2166 1300 2237; x_wconf 73' lang='lat' dir='ltr'><strong>Diligit</strong></span> <span class='ocrx_word' id='word_1_181' title='bbox 1338 2176 1604 2224; x_wconf 75' lang='lat' dir='ltr'><strong>Dominus</strong></span> <span class='ocrx_word' id='word_1_182' title='bbox 1644 2182 1829 2239; x_wconf 80' lang='lat' dir='ltr'><strong>portas</strong></span> <span class='ocrx_word' id='word_1_183' title='bbox 1855 2174 1987 2225; x_wconf 88' lang='lat' dir='ltr'><strong>Sion</strong></span> 
     </span>
    </p>
   </div>
   <div class='ocr_carea' id='block_1_30' title="bbox 403 2240 1990 2308">
    <p class='ocr_par' dir='ltr' id='par_1_30' title="bbox 403 2240 1990 2308">
     <span class='ocr_line' id='line_1_30' title="bbox 403 2240 1990 2308; baseline 0.006 -25"><span class='ocrx_word' id='word_1_184' title='bbox 403 2249 565 2299; x_wconf 84' lang='lat' dir='ltr'><strong>super</strong></span> <span class='ocrx_word' id='word_1_185' title='bbox 581 2241 767 2288; x_wconf 88' lang='lat' dir='ltr'><strong>omnia</strong></span> <span class='ocrx_word' id='word_1_186' title='bbox 782 2240 1130 2293; x_wconf 79' lang='lat' dir='ltr'><strong>tabernacula</strong></span> <span class='ocrx_word' id='word_1_187' title='bbox 1144 2246 1319 2301; x_wconf 83' lang='lat' dir='ltr'><strong>Jacob,</strong></span> <span class='ocrx_word' id='word_1_188' title='bbox 1340 2249 1407 2292; x_wconf 86' lang='lat' dir='ltr'><strong>Et.</strong></span> <span class='ocrx_word' id='word_1_189' title='bbox 1428 2247 1567 2294; x_wconf 90' lang='lat' dir='ltr'><strong>Deus</strong></span> <span class='ocrx_word' id='word_1_190' title='bbox 1592 2246 1651 2293; x_wconf 83' lang='lat' dir='ltr'><strong>in</strong></span> <span class='ocrx_word' id='word_1_191' title='bbox 1680 2246 1851 2295; x_wconf 84' lang='lat' dir='ltr'><strong>medio</strong></span> <span class='ocrx_word' id='word_1_192' title='bbox 1878 2246 1990 2308; x_wconf 82' lang='lat' dir='ltr'><strong>ejus</strong></span> 
     </span>
    </p>
   </div>
   <div class='ocr_carea' id='block_1_31' title="bbox 408 2311 1990 2377">
    <p class='ocr_par' dir='ltr' id='par_1_31' title="bbox 408 2311 1990 2377">
     <span class='ocr_line' id='line_1_31' title="bbox 408 2311 1990 2377; baseline 0.007 -24"><span class='ocrx_word' id='word_1_193' title='bbox 408 2320 515 2377; x_wconf 83' lang='lat' dir='ltr'><strong>non</strong></span> <span class='ocrx_word' id='word_1_194' title='bbox 557 2311 1012 2377; x_wconf 72' lang='lat' dir='ltr'><strong>commovebitur:</strong></span> <span class='ocrx_word' id='word_1_195' title='bbox 1051 2315 1341 2377; x_wconf 81' lang='lat' dir='ltr'><strong>Adjuvabit</strong></span> <span class='ocrx_word' id='word_1_196' title='bbox 1370 2332 1489 2364; x_wconf 87' lang='lat' dir='ltr'><strong>eam</strong></span> <span class='ocrx_word' id='word_1_197' title='bbox 1527 2317 1667 2365; x_wconf 82' lang='lat' dir='ltr'><strong>Deus</strong></span> <span class='ocrx_word' id='word_1_198' title='bbox 1701 2317 1848 2365; x_wconf 87' lang='lat' dir='ltr'><strong>vultu</strong></span> <span class='ocrx_word' id='word_1_199' title='bbox 1893 2331 1990 2364; x_wconf 85' lang='lat' dir='ltr'><strong>suo</strong></span> 
     </span>
    </p>
   </div>
   <div class='ocr_carea' id='block_1_32' title="bbox 405 2376 1995 2443">
    <p class='ocr_par' dir='ltr' id='par_1_32' title="bbox 405 2376 1995 2443">
     <span class='ocr_line' id='line_1_32' title="bbox 405 2376 1995 2443; baseline -0.003 -6"><span class='ocrx_word' id='word_1_200' title='bbox 405 2376 564 2437; x_wconf 73' lang='grc' dir='ltr'><strong>(Ρεαιο</strong></span> <span class='ocrx_word' id='word_1_201' title='bbox 579 2376 705 2443; x_wconf 85' lang='lat'><strong>86.).</strong></span> <span class='ocrx_word' id='word_1_202' title='bbox 722 2381 828 2432; x_wconf 80' lang='lat' dir='ltr'><strong>Sed</strong></span> <span class='ocrx_word' id='word_1_203' title='bbox 848 2387 1087 2443; x_wconf 85' lang='lat' dir='ltr'><strong>quoniam</strong></span> <span class='ocrx_word' id='word_1_204' title='bbox 1100 2376 1616 2435; x_wconf 85' lang='lat' dir='ltr'><strong>commemorationem</strong></span> <span class='ocrx_word' id='word_1_205' title='bbox 1634 2390 1897 2435; x_wconf 79' lang='lat' dir='ltr'><strong>induxerat</strong></span> <span class='ocrx_word' id='word_1_206' title='bbox 1910 2391 1995 2434; x_wconf 89' lang='lat' dir='ltr'><strong>So-</strong></span> 
     </span>
    </p>
   </div>
   <div class='ocr_carea' id='block_1_33' title="bbox 398 2444 1991 2520">
    <p class='ocr_par' dir='ltr' id='par_1_33' title="bbox 398 2444 1991 2520">
     <span class='ocr_line' id='line_1_33' title="bbox 398 2444 1991 2520; baseline 0.008 -25"><span class='ocrx_word' id='word_1_207' title='bbox 398 2444 719 2520; x_wconf 77' lang='lat' dir='ltr'><strong>domorum,</strong></span> <span class='ocrx_word' id='word_1_208' title='bbox 733 2452 1161 2518; x_wconf 86' lang='lat' dir='ltr'><strong>vicinarumque</strong></span> <span class='ocrx_word' id='word_1_209' title='bbox 1177 2457 1423 2519; x_wconf 89' lang='lat' dir='ltr'><strong>urbium,</strong></span> <span class='ocrx_word' id='word_1_210' title='bbox 1440 2470 1585 2520; x_wconf 90' lang='lat' dir='ltr'><strong>quas</strong></span> <span class='ocrx_word' id='word_1_211' title='bbox 1602 2457 1755 2508; x_wconf 87' lang='lat' dir='ltr'><strong>sicut</strong></span> <span class='ocrx_word' id='word_1_212' title='bbox 1768 2457 1827 2507; x_wconf 89' lang='lat' dir='ltr'><strong>in</strong></span> <span class='ocrx_word' id='word_1_213' title='bbox 1850 2457 1991 2508; x_wconf 89' lang='lat' dir='ltr'><strong>libro</strong></span> 
     </span>
    </p>
   </div>
   <div class='ocr_carea' id='block_1_34' title="bbox 401 2515 1989 2598">
    <p class='ocr_par' dir='ltr' id='par_1_34' title="bbox 401 2515 1989 2598">
     <span class='ocr_line' id='line_1_34' title="bbox 401 2515 1989 2598; baseline 0.004 -31"><span class='ocrx_word' id='word_1_214' title='bbox 401 2515 688 2598; x_wconf 52' lang='lat' dir='ltr'><strong>(feneseos</strong></span> <span class='ocrx_word' id='word_1_215' title='bbox 704 2521 954 2598; x_wconf 72' lang='lat' dir='ltr'><strong>legimus</strong></span> <span class='ocrx_word' id='word_1_216' title='bbox 968 2515 1115 2598; x_wconf 67' lang='lat' dir='ltr'><strong>(Gen.</strong></span> <span class='ocrx_word' id='word_1_217' title='bbox 1127 2526 1252 2589; x_wconf 89' lang='lat'><strong>19.),</strong></span> <span class='ocrx_word' id='word_1_218' title='bbox 1272 2515 1576 2589; x_wconf 31' lang='lat' dir='ltr'><strong>atde-lerat,</strong></span> <span class='ocrx_word' id='word_1_219' title='bbox 1590 2528 1888 2592; x_wconf 88' lang='lat' dir='ltr'><strong>ingressus</strong></span> <span class='ocrx_word' id='word_1_220' title='bbox 1900 2534 1989 2590; x_wconf 87' lang='lat' dir='ltr'><strong>est,</strong></span> 
     </span>
    </p>
   </div>
   <div class='ocr_carea' id='block_1_35' title="bbox 403 2587 1994 2663">
    <p class='ocr_par' dir='ltr' id='par_1_35' title="bbox 403 2587 1994 2663">
     <span class='ocr_line' id='line_1_35' title="bbox 403 2587 1994 2663; baseline 0.006 -26"><span class='ocrx_word' id='word_1_221' title='bbox 403 2587 739 2663; x_wconf 80' lang='lat' dir='ltr'><strong>dixeratque</strong></span> <span class='ocrx_word' id='word_1_222' title='bbox 758 2610 768 2641; x_wconf 90' lang='lat'>:</span> <span class='ocrx_word' id='word_1_223' title='bbox 790 2594 953 2652; x_wconf 85' lang='lat' dir='ltr'><strong>Quom</strong></span> <span class='ocrx_word' id='word_1_224' title='bbox 964 2587 1064 2645; x_wconf 78' lang='grc' dir='ltr'><strong>ὀάο</strong></span> <span class='ocrx_word' id='word_1_225' title='bbox 1085 2587 1221 2646; x_wconf 87' lang='lat' dir='ltr'><strong>dabo</strong></span> <span class='ocrx_word' id='word_1_226' title='bbox 1238 2587 1300 2661; x_wconf 80' lang='lat' dir='ltr'><strong>te,</strong></span> <span class='ocrx_word' id='word_1_227' title='bbox 1316 2587 1591 2662; x_wconf 71' lang='lat' dir='ltr'><strong>Effraim?</strong></span> <span class='ocrx_word' id='word_1_228' title='bbox 1616 2587 1880 2663; x_wconf 67' lang='lat' dir='ltr'><strong>quomodo</strong></span> <span class='ocrx_word' id='word_1_229' title='bbox 1904 2587 1994 2646; x_wconf 49' lang='lat' dir='ltr'><strong>ex?</strong></span> 
     </span>
    </p>
   </div>
   <div class='ocr_carea' id='block_1_36' title="bbox 403 2660 1990 2732">
    <p class='ocr_par' dir='ltr' id='par_1_36' title="bbox 403 2660 1990 2732">
     <span class='ocr_line' id='line_1_36' title="bbox 403 2660 1990 2732; baseline 0.01 -26"><span class='ocrx_word' id='word_1_230' title='bbox 403 2660 656 2722; x_wconf 86' lang='lat' dir='ltr'><strong>pugnabo</strong></span> <span class='ocrx_word' id='word_1_231' title='bbox 673 2665 903 2723; x_wconf 82' lang='lat' dir='ltr'><strong>te,lsrael</strong></span> <span class='ocrx_word' id='word_1_232' title='bbox 924 2668 949 2714; x_wconf 66' lang='grc' dir='ltr'><strong>β</strong></span> <span class='ocrx_word' id='word_1_233' title='bbox 990 2668 1261 2725; x_wconf 85' lang='lat' dir='ltr'><strong>Quomodo</strong></span> <span class='ocrx_word' id='word_1_234' title='bbox 1288 2660 1424 2718; x_wconf 82' lang='lat' dir='ltr'><strong>dabo</strong></span> <span class='ocrx_word' id='word_1_235' title='bbox 1461 2676 1504 2718; x_wconf 89' lang='lat' dir='ltr'><strong>le</strong></span> <span class='ocrx_word' id='word_1_236' title='bbox 1540 2674 1596 2719; x_wconf 88' lang='lat' dir='ltr'><strong>ut</strong></span> <span class='ocrx_word' id='word_1_237' title='bbox 1624 2660 1868 2731; x_wconf 52' lang='lat' dir='ltr'><strong>Mdama,</strong></span> <span class='ocrx_word' id='word_1_238' title='bbox 1892 2683 1990 2732; x_wconf 83' lang='lat' dir='ltr'><strong>p0-</strong></span> 
     </span>
    </p>
   </div>
   <div class='ocr_carea' id='block_1_37' title="bbox 402 2734 1993 2810">
    <p class='ocr_par' dir='ltr' id='par_1_37' title="bbox 402 2734 1993 2810">
     <span class='ocr_line' id='line_1_37' title="bbox 402 2734 1993 2810; baseline 0.008 -34"><span class='ocrx_word' id='word_1_239' title='bbox 402 2743 536 2810; x_wconf 75' lang='lat' dir='ltr'><strong>nam</strong></span> <span class='ocrx_word' id='word_1_240' title='bbox 553 2734 599 2810; x_wconf 74' lang='lat' dir='ltr'><strong>te</strong></span> <span class='ocrx_word' id='word_1_241' title='bbox 622 2737 680 2781; x_wconf 87' lang='lat' dir='ltr'><strong>ut</strong></span> <span class='ocrx_word' id='word_1_242' title='bbox 704 2734 947 2810; x_wconf 77' lang='lat' dir='ltr'><strong>Sebaim;</strong></span> <span class='ocrx_word' id='word_1_243' title='bbox 970 2737 1355 2803; x_wconf 80' lang='lat' dir='ltr'><strong>intuleratque</strong></span> <span class='ocrx_word' id='word_1_244' title='bbox 1380 2743 1619 2799; x_wconf 85' lang='lat' dir='ltr'><strong>continuo</strong></span> <span class='ocrx_word' id='word_1_245' title='bbox 1647 2758 1657 2789; x_wconf 87' lang='lat'><strong>:</strong></span> <span class='ocrx_word' id='word_1_246' title='bbox 1683 2746 1741 2789; x_wconf 83' lang='lat' dir='ltr'><strong>ut</strong></span> <span class='ocrx_word' id='word_1_247' title='bbox 1766 2755 1877 2789; x_wconf 88' lang='lat' dir='ltr'><strong>non</strong></span> <span class='ocrx_word' id='word_1_248' title='bbox 1900 2739 1993 2801; x_wconf 77' lang='lat' dir='ltr'><strong>fa-</strong></span> 
     </span>
    </p>
   </div>
   <div class='ocr_carea' id='block_1_38' title="bbox 400 2802 1992 2876">
    <p class='ocr_par' dir='ltr' id='par_1_38' title="bbox 400 2802 1992 2876">
     <span class='ocr_line' id='line_1_38' title="bbox 400 2802 1992 2876; baseline 0.006 -27"><span class='ocrx_word' id='word_1_249' title='bbox 400 2802 543 2876; x_wconf 43' lang='grc' dir='ltr'><strong>«ῥέξω</strong></span> <span class='ocrx_word' id='word_1_250' title='bbox 562 2802 805 2876; x_wconf 67' lang='lat' dir='ltr'><strong>furorem</strong></span> <span class='ocrx_word' id='word_1_251' title='bbox 817 2806 911 2857; x_wconf 76' lang='lat' dir='ltr'><strong>irae</strong></span> <span class='ocrx_word' id='word_1_252' title='bbox 930 2823 1070 2873; x_wconf 75' lang='lat' dir='ltr'><strong>meae,</strong></span> <span class='ocrx_word' id='word_1_253' title='bbox 1096 2817 1141 2858; x_wconf 82' lang='lat' dir='ltr'><strong>et</strong></span> <span class='ocrx_word' id='word_1_254' title='bbox 1156 2802 1275 2858; x_wconf 80' lang='lat' dir='ltr'><strong>non</strong></span> <span class='ocrx_word' id='word_1_255' title='bbox 1293 2817 1589 2876; x_wconf 85' lang='lat' dir='ltr'><strong>convertar,</strong></span> <span class='ocrx_word' id='word_1_256' title='bbox 1603 2816 1663 2859; x_wconf 86' lang='lat' dir='ltr'><strong>ut</strong></span> <span class='ocrx_word' id='word_1_257' title='bbox 1684 2811 1992 2874; x_wconf 80' lang='lat' dir='ltr'><strong>disperdam</strong></span> 
     </span>
    </p>
   </div>
   <div class='ocr_carea' id='block_1_39' title="bbox 402 2870 1991 2942">
    <p class='ocr_par' dir='ltr' id='par_1_39' title="bbox 402 2870 1991 2942">
     <span class='ocr_line' id='line_1_39' title="bbox 402 2870 1991 2942; baseline 0.013 -24"><span class='ocrx_word' id='word_1_258' title='bbox 402 2870 659 2936; x_wconf 75' lang='lat' dir='ltr'><strong>E/fraim,</strong></span> <span class='ocrx_word' id='word_1_259' title='bbox 698 2870 1117 2941; x_wconf 84' lang='lat' dir='ltr'><strong>consequenter</strong></span> <span class='ocrx_word' id='word_1_260' title='bbox 1138 2880 1379 2942; x_wconf 86' lang='lat' dir='ltr'><strong>adjecit:</strong></span> <span class='ocrx_word' id='word_1_261' title='bbox 1418 2870 1690 2939; x_wconf 80' lang='lat' dir='ltr'><strong>Quoniam</strong></span> <span class='ocrx_word' id='word_1_262' title='bbox 1716 2870 1854 2929; x_wconf 70' lang='lat' dir='ltr'><strong>Deus</strong></span> <span class='ocrx_word' id='word_1_263' title='bbox 1881 2895 1991 2942; x_wconf 71' lang='lat' dir='ltr'><strong>ego,</strong></span> 
     </span>
    </p>
   </div>
   <div class='ocr_carea' id='block_1_40' title="bbox 406 2944 1995 3023">
    <p class='ocr_par' dir='ltr' id='par_1_40' title="bbox 406 2944 1995 3023">
     <span class='ocr_line' id='line_1_40' title="bbox 406 2944 1995 3023; baseline 0.004 -32"><span class='ocrx_word' id='word_1_264' title='bbox 406 2948 450 3022; x_wconf 72' lang='lat' dir='ltr'><strong>et</strong></span> <span class='ocrx_word' id='word_1_265' title='bbox 611 2944 799 3023; x_wconf 76' lang='lat' dir='ltr'><strong>homo:</strong></span> <span class='ocrx_word' id='word_1_266' title='bbox 833 2948 893 2996; x_wconf 86' lang='lat' dir='ltr'><strong>in</strong></span> <span class='ocrx_word' id='word_1_267' title='bbox 918 2949 1092 3023; x_wconf 74' lang='lat' dir='ltr'><strong>medio</strong></span> <span class='ocrx_word' id='word_1_268' title='bbox 1123 2951 1204 2998; x_wconf 87' lang='lat' dir='ltr'><strong>tui</strong></span> <span class='ocrx_word' id='word_1_269' title='bbox 1236 2955 1467 3009; x_wconf 83' lang='lat' dir='ltr'><strong>sanctus,</strong></span> <span class='ocrx_word' id='word_1_270' title='bbox 1504 2956 1550 2999; x_wconf 88' lang='lat' dir='ltr'><strong>et</strong></span> <span class='ocrx_word' id='word_1_271' title='bbox 1574 2966 1685 2999; x_wconf 85' lang='lat' dir='ltr'><strong>non</strong></span> <span class='ocrx_word' id='word_1_272' title='bbox 1711 2951 1995 3013; x_wconf 84' lang='lat' dir='ltr'><strong>ingrediar</strong></span> 
     </span>
    </p>
   </div>
   <div class='ocr_carea' id='block_1_41' title="bbox 402 3017 1996 3085">
    <p class='ocr_par' dir='ltr' id='par_1_41' title="bbox 402 3017 1996 3085">
     <span class='ocr_line' id='line_1_41' title="bbox 402 3017 1996 3085; baseline 0.01 -26"><span class='ocrx_word' id='word_1_273' title='bbox 402 3017 693 3085; x_wconf 78' lang='lat' dir='ltr'><strong>ciuitatem:</strong></span> <span class='ocrx_word' id='word_1_274' title='bbox 719 3017 777 3067; x_wconf 90' lang='lat' dir='ltr'><strong>id</strong></span> <span class='ocrx_word' id='word_1_275' title='bbox 805 3023 911 3081; x_wconf 84' lang='lat' dir='ltr'><strong>est,</strong></span> <span class='ocrx_word' id='word_1_276' title='bbox 939 3018 1010 3071; x_wconf 90' lang='lat' dir='ltr'><strong>de</strong></span> <span class='ocrx_word' id='word_1_277' title='bbox 1033 3020 1300 3070; x_wconf 91' lang='lat' dir='ltr'><strong>omnibus</strong></span> <span class='ocrx_word' id='word_1_278' title='bbox 1324 3021 1547 3084; x_wconf 88' lang='lat' dir='ltr'><strong>populis</strong></span> <span class='ocrx_word' id='word_1_279' title='bbox 1570 3033 1673 3071; x_wconf 87' lang='lat' dir='ltr'><strong>vos</strong></span> <span class='ocrx_word' id='word_1_280' title='bbox 1697 3021 1860 3085; x_wconf 83' lang='lat' dir='ltr'><strong>elegi,</strong></span> <span class='ocrx_word' id='word_1_281' title='bbox 1876 3023 1996 3081; x_wconf 75' lang='lat' dir='ltr'><strong>qni-</strong></span> 
     </span>
    </p>
   </div>
   <div class='ocr_carea' id='block_1_42' title="bbox 405 3083 1993 3154">
    <p class='ocr_par' dir='ltr' id='par_1_42' title="bbox 405 3083 1993 3154">
     <span class='ocr_line' id='line_1_42' title="bbox 405 3083 1993 3154; baseline 0.004 -21"><span class='ocrx_word' id='word_1_282' title='bbox 405 3083 515 3134; x_wconf 89' lang='lat' dir='ltr'><strong>bus</strong></span> <span class='ocrx_word' id='word_1_283' title='bbox 536 3086 807 3149; x_wconf 87' lang='lat' dir='ltr'><strong>peculiari</strong></span> <span class='ocrx_word' id='word_1_284' title='bbox 824 3090 1059 3140; x_wconf 88' lang='lat' dir='ltr'><strong>numine</strong></span> <span class='ocrx_word' id='word_1_285' title='bbox 1074 3083 1457 3153; x_wconf 70' lang='lat' dir='ltr'><strong>praasiderem,</strong></span> <span class='ocrx_word' id='word_1_286' title='bbox 1483 3091 1655 3154; x_wconf 87' lang='lat' dir='ltr'><strong>idque</strong></span> <span class='ocrx_word' id='word_1_287' title='bbox 1678 3091 1738 3142; x_wconf 90' lang='lat' dir='ltr'><strong>in</strong></span> <span class='ocrx_word' id='word_1_288' title='bbox 1755 3083 1993 3141; x_wconf 80' lang='lat' dir='ltr'><strong>honorem</strong></span> 
     </span>
    </p>
   </div>
   <div class='ocr_carea' id='block_1_43' title="bbox 403 3160 2069 3241">
    <p class='ocr_par' dir='ltr' id='par_1_43' title="bbox 403 3160 2069 3241">
     <span class='ocr_line' id='line_1_43' title="bbox 403 3160 2069 3241; baseline 0.003 -37"><span class='ocrx_word' id='word_1_289' title='bbox 403 3160 707 3216; x_wconf 88' lang='lat' dir='ltr'><strong>parentum</strong></span> <span class='ocrx_word' id='word_1_290' title='bbox 724 3164 1067 3224; x_wconf 89' lang='lat' dir='ltr'><strong>vestrorum,</strong></span> <span class='ocrx_word' id='word_1_291' title='bbox 1085 3160 1187 3223; x_wconf 87' lang='lat' dir='ltr'><strong>qui</strong></span> <span class='ocrx_word' id='word_1_292' title='bbox 1199 3160 1729 3225; x_wconf 87' lang='lat' dir='ltr'><strong>mihiacceptissimi</strong></span> <span class='ocrx_word' id='word_1_293' title='bbox 1747 3167 1995 3225; x_wconf 79' lang='lat' dir='ltr'><strong>vixerant,</strong></span> <span class='ocrx_word' id='word_1_294' title='bbox 2020 3172 2069 3241; x_wconf 81' lang='lat' dir='ltr'><strong>C</strong></span> 
     </span>
    </p>
   </div>
   <div class='ocr_carea' id='block_1_44' title="bbox 471 3376 2003 3446">
    <p class='ocr_par' dir='ltr' id='par_1_44' title="bbox 471 3376 2003 3446">
     <span class='ocr_line' id='line_1_44' title="bbox 471 3376 2003 3446; baseline 0.003 -19"><span class='ocrx_word' id='word_1_295' title='bbox 471 3385 488 3404; x_wconf 91' lang='grc'><strong>·</strong></span> <span class='ocrx_word' id='word_1_296' title='bbox 510 3376 667 3428; x_wconf 83' lang='lat' dir='ltr'><strong>Prior</strong></span> <span class='ocrx_word' id='word_1_297' title='bbox 682 3377 877 3430; x_wconf 86' lang='lat' dir='ltr'><strong>Editor</strong></span> <span class='ocrx_word' id='word_1_298' title='bbox 903 3378 963 3430; x_wconf 92' lang='lat' dir='ltr'><strong>in</strong></span> <span class='ocrx_word' id='word_1_299' title='bbox 996 3378 1151 3431; x_wconf 89' lang='lat' dir='ltr'><strong>hunc</strong></span> <span class='ocrx_word' id='word_1_300' title='bbox 1183 3380 1392 3441; x_wconf 84' lang='lat' dir='ltr'><strong>locum,</strong></span> <span class='ocrx_word' id='word_1_301' title='bbox 1428 3381 1615 3445; x_wconf 83' lang='lat' dir='ltr'><strong>Miror,</strong></span> <span class='ocrx_word' id='word_1_302' title='bbox 1654 3379 1750 3444; x_wconf 87' lang='lat' dir='ltr'><strong>ait,</strong></span> <span class='ocrx_word' id='word_1_303' title='bbox 1791 3381 1890 3446; x_wconf 88' lang='lat' dir='ltr'><strong>qui</strong></span> <span class='ocrx_word' id='word_1_304' title='bbox 1914 3395 2003 3433; x_wconf 89' lang='lat' dir='ltr'><strong>ve-</strong></span> 
     </span>
    </p>
   </div>
   <div class='ocr_carea' id='block_1_45' title="bbox 406 3446 1999 3514">
    <p class='ocr_par' dir='ltr' id='par_1_45' title="bbox 406 3446 1999 3514">
     <span class='ocr_line' id='line_1_45' title="bbox 406 3446 1999 3514; baseline 0.002 -18"><span class='ocrx_word' id='word_1_305' title='bbox 406 3446 552 3497; x_wconf 90' lang='lat' dir='ltr'><strong>nerit</strong></span> <span class='ocrx_word' id='word_1_306' title='bbox 573 3447 632 3497; x_wconf 91' lang='lat' dir='ltr'><strong>in</strong></span> <span class='ocrx_word' id='word_1_307' title='bbox 654 3451 908 3500; x_wconf 89' lang='lat' dir='ltr'><strong>mentem</strong></span> <span class='ocrx_word' id='word_1_308' title='bbox 932 3450 1057 3501; x_wconf 90' lang='lat' dir='ltr'><strong>viro</strong></span> <span class='ocrx_word' id='word_1_309' title='bbox 1081 3456 1299 3513; x_wconf 88' lang='lat' dir='ltr'><strong>sancto,</strong></span> <span class='ocrx_word' id='word_1_310' title='bbox 1333 3456 1390 3502; x_wconf 92' lang='lat' dir='ltr'><strong>et</strong></span> <span class='ocrx_word' id='word_1_311' title='bbox 1406 3451 1502 3514; x_wconf 91' lang='lat' dir='ltr'><strong>qui</strong></span> <span class='ocrx_word' id='word_1_312' title='bbox 1525 3450 1610 3501; x_wconf 90' lang='lat' dir='ltr'><strong>nil</strong></span> <span class='ocrx_word' id='word_1_313' title='bbox 1642 3453 1835 3503; x_wconf 84' lang='lat' dir='ltr'><strong>minus</strong></span> <span class='ocrx_word' id='word_1_314' title='bbox 1850 3467 1999 3512; x_wconf 84' lang='lat' dir='ltr'><strong>quam</strong></span> 
     </span>
    </p>
   </div>
   <div class='ocr_carea' id='block_1_46' title="bbox 406 3516 1998 3583">
    <p class='ocr_par' dir='ltr' id='par_1_46' title="bbox 406 3516 1998 3583">
     <span class='ocr_line' id='line_1_46' title="bbox 406 3516 1998 3583; baseline 0.004 -16"><span class='ocrx_word' id='word_1_315' title='bbox 406 3516 785 3569; x_wconf 89' lang='lat' dir='ltr'><strong>calumniator</strong></span> <span class='ocrx_word' id='word_1_316' title='bbox 806 3520 1005 3581; x_wconf 90' lang='lat' dir='ltr'><strong>audiit,</strong></span> <span class='ocrx_word' id='word_1_317' title='bbox 1042 3520 1169 3571; x_wconf 79' lang='lat' dir='ltr'><strong>haec</strong></span> <span class='ocrx_word' id='word_1_318' title='bbox 1194 3522 1258 3571; x_wconf 94' lang='lat' dir='ltr'><strong>D.</strong></span> <span class='ocrx_word' id='word_1_319' title='bbox 1290 3522 1635 3583; x_wconf 86' lang='lat' dir='ltr'><strong>Hieronymo</strong></span> <span class='ocrx_word' id='word_1_320' title='bbox 1659 3523 1998 3581; x_wconf 90' lang='lat' dir='ltr'><strong>adscribere,</strong></span> 
     </span>
    </p>
   </div>
   <div class='ocr_carea' id='block_1_47' title="bbox 408 3586 1998 3656">
    <p class='ocr_par' dir='ltr' id='par_1_47' title="bbox 408 3586 1998 3656">
     <span class='ocr_line' id='line_1_47' title="bbox 408 3586 1998 3656; baseline 0.004 -19"><span class='ocrx_word' id='word_1_321' title='bbox 408 3599 542 3637; x_wconf 91' lang='lat' dir='ltr'><strong>cum</strong></span> <span class='ocrx_word' id='word_1_322' title='bbox 565 3586 737 3650; x_wconf 89' lang='lat' dir='ltr'><strong>longo</strong></span> <span class='ocrx_word' id='word_1_323' title='bbox 752 3589 916 3640; x_wconf 83' lang='lat' dir='ltr'><strong>aliter</strong></span> <span class='ocrx_word' id='word_1_324' title='bbox 935 3589 1087 3641; x_wconf 88' lang='lat' dir='ltr'><strong>dicat</strong></span> <span class='ocrx_word' id='word_1_325' title='bbox 1107 3590 1166 3640; x_wconf 92' lang='lat' dir='ltr'><strong>in</strong></span> <span class='ocrx_word' id='word_1_326' title='bbox 1190 3591 1366 3653; x_wconf 87' lang='lat' dir='ltr'><strong>hujus</strong></span> <span class='ocrx_word' id='word_1_327' title='bbox 1388 3591 1498 3642; x_wconf 91' lang='lat' dir='ltr'><strong>loci</strong></span> <span class='ocrx_word' id='word_1_328' title='bbox 1513 3592 1998 3656; x_wconf 87' lang='lat' dir='ltr'><strong>interpretatione,</strong></span> 
     </span>
    </p>
   </div>
   <div class='ocr_carea' id='block_1_48' title="bbox 407 3657 2004 3725">
    <p class='ocr_par' dir='ltr' id='par_1_48' title="bbox 407 3657 2004 3725">
     <span class='ocr_line' id='line_1_48' title="bbox 407 3657 2004 3725; baseline 0.004 -20"><span class='ocrx_word' id='word_1_329' title='bbox 407 3668 580 3718; x_wconf 88' lang='lat' dir='ltr'><strong>quam</strong></span> <span class='ocrx_word' id='word_1_330' title='bbox 606 3657 698 3707; x_wconf 91' lang='lat' dir='ltr'><strong>hic</strong></span> <span class='ocrx_word' id='word_1_331' title='bbox 727 3658 971 3710; x_wconf 87' lang='lat' dir='ltr'><strong>habetur</strong></span> <span class='ocrx_word' id='word_1_332' title='bbox 988 3676 1000 3709; x_wconf 89' lang='lat'>:</span> <span class='ocrx_word' id='word_1_333' title='bbox 1019 3660 1131 3710; x_wconf 90' lang='lat' dir='ltr'><strong>nisi</strong></span> <span class='ocrx_word' id='word_1_334' title='bbox 1147 3660 1286 3712; x_wconf 86' lang='lat' dir='ltr'><strong>forte</strong></span> <span class='ocrx_word' id='word_1_335' title='bbox 1304 3664 1364 3712; x_wconf 90' lang='lat' dir='ltr'><strong>in</strong></span> <span class='ocrx_word' id='word_1_336' title='bbox 1379 3660 1506 3721; x_wconf 87' lang='lat' dir='ltr'><strong>alia,</strong></span> <span class='ocrx_word' id='word_1_337' title='bbox 1533 3674 1707 3725; x_wconf 90' lang='lat' dir='ltr'><strong>quam</strong></span> <span class='ocrx_word' id='word_1_338' title='bbox 1730 3676 1839 3715; x_wconf 90' lang='lat' dir='ltr'><strong>nos</strong></span> <span class='ocrx_word' id='word_1_339' title='bbox 1856 3667 2004 3714; x_wconf 87' lang='lat' dir='ltr'><strong>Com-</strong></span> 
     </span>
    </p>
   </div>
   <div class='ocr_carea' id='block_1_49' title="bbox 408 3727 2004 3794">
    <p class='ocr_par' dir='ltr' id='par_1_49' title="bbox 408 3727 2004 3794">
     <span class='ocr_line' id='line_1_49' title="bbox 408 3727 2004 3794; baseline 0.004 -18"><span class='ocrx_word' id='word_1_340' title='bbox 408 3727 779 3778; x_wconf 88' lang='lat' dir='ltr'><strong>mentationis</strong></span> <span class='ocrx_word' id='word_1_341' title='bbox 790 3729 969 3792; x_wconf 86' lang='lat' dir='ltr'><strong>hujus</strong></span> <span class='ocrx_word' id='word_1_342' title='bbox 983 3732 1330 3794; x_wconf 83' lang='lat' dir='ltr'><strong>exemplaria</strong></span> <span class='ocrx_word' id='word_1_343' title='bbox 1343 3732 1622 3785; x_wconf 88' lang='lat' dir='ltr'><strong>inciderat</strong></span> <span class='ocrx_word' id='word_1_344' title='bbox 1636 3733 1896 3785; x_wconf 83' lang='lat' dir='ltr'><strong>Ruﬁnus.</strong></span> <span class='ocrx_word' id='word_1_345' title='bbox 1915 3738 2004 3783; x_wconf 86' lang='lat' dir='ltr'><strong>No-</strong></span> 
     </span>
    </p>
   </div>
   <div class='ocr_carea' id='block_1_50' title="bbox 406 3796 2003 3866">
    <p class='ocr_par' dir='ltr' id='par_1_50' title="bbox 406 3796 2003 3866">
     <span class='ocr_line' id='line_1_50' title="bbox 406 3796 2003 3866; baseline 0.004 -20"><span class='ocrx_word' id='word_1_346' title='bbox 406 3796 494 3847; x_wconf 89' lang='lat' dir='ltr'><strong>bis</strong></span> <span class='ocrx_word' id='word_1_347' title='bbox 512 3797 761 3861; x_wconf 89' lang='lat' dir='ltr'><strong>idipsum</strong></span> <span class='ocrx_word' id='word_1_348' title='bbox 780 3800 1182 3854; x_wconf 87' lang='lat' dir='ltr'><strong>subestmirari</strong></span> <span class='ocrx_word' id='word_1_349' title='bbox 1203 3804 1408 3866; x_wconf 90' lang='lat' dir='ltr'><strong>magis,</strong></span> <span class='ocrx_word' id='word_1_350' title='bbox 1426 3804 1579 3866; x_wconf 90' lang='lat' dir='ltr'><strong>quod</strong></span> <span class='ocrx_word' id='word_1_351' title='bbox 1593 3804 1684 3855; x_wconf 90' lang='lat' dir='ltr'><strong>hic</strong></span> <span class='ocrx_word' id='word_1_352' title='bbox 1696 3806 1889 3857; x_wconf 86' lang='lat' dir='ltr'><strong>Editor</strong></span> <span class='ocrx_word' id='word_1_353' title='bbox 1900 3820 2003 3854; x_wconf 72' lang='lat' dir='ltr'><strong>cae-</strong></span> 
     </span>
    </p>
   </div>
   <div class='ocr_carea' id='block_1_51' title="bbox 408 3869 2006 3938">
    <p class='ocr_par' dir='ltr' id='par_1_51' title="bbox 408 3869 2006 3938">
     <span class='ocr_line' id='line_1_51' title="bbox 408 3869 2006 3938; baseline 0.006 -20"><span class='ocrx_word' id='word_1_354' title='bbox 408 3872 528 3938; x_wconf 88' lang='lat' dir='ltr'><strong>tera</strong></span> <span class='ocrx_word' id='word_1_355' title='bbox 550 3881 665 3919; x_wconf 92' lang='lat' dir='ltr'><strong>non</strong></span> <span class='ocrx_word' id='word_1_356' title='bbox 687 3869 951 3921; x_wconf 89' lang='lat' dir='ltr'><strong>indoctus</strong></span> <span class='ocrx_word' id='word_1_357' title='bbox 973 3872 1209 3924; x_wconf 87' lang='lat' dir='ltr'><strong>adnotat</strong></span> <span class='ocrx_word' id='word_1_358' title='bbox 1233 3889 1244 3923; x_wconf 89' lang='lat'><strong>:</strong></span> <span class='ocrx_word' id='word_1_359' title='bbox 1283 3879 1341 3925; x_wconf 88' lang='lat' dir='ltr'><strong>et</strong></span> <span class='ocrx_word' id='word_1_360' title='bbox 1365 3874 1614 3937; x_wconf 89' lang='lat' dir='ltr'><strong>primum</strong></span> <span class='ocrx_word' id='word_1_361' title='bbox 1646 3875 1783 3938; x_wconf 90' lang='lat' dir='ltr'><strong>quid</strong></span> <span class='ocrx_word' id='word_1_362' title='bbox 1808 3876 1915 3927; x_wconf 89' lang='lat' dir='ltr'><strong>sibi</strong></span> <span class='ocrx_word' id='word_1_363' title='bbox 1939 3875 2006 3927; x_wconf 88' lang='lat' dir='ltr'><strong>il-</strong></span> 
     </span>
    </p>
   </div>
   <div class='ocr_carea' id='block_1_52' title="bbox 404 3936 2004 4011">
    <p class='ocr_par' dir='ltr' id='par_1_52' title="bbox 404 3936 2004 4011">
     <span class='ocr_line' id='line_1_52' title="bbox 404 3936 2004 4011; baseline 0.006 -22"><span class='ocrx_word' id='word_1_364' title='bbox 404 3936 505 3990; x_wconf 92' lang='lat' dir='ltr'><strong>lud</strong></span> <span class='ocrx_word' id='word_1_365' title='bbox 540 3939 828 4011; x_wconf 14' lang='lat' dir='ltr'><strong>Avelitfviro</strong></span> <span class='ocrx_word' id='word_1_366' title='bbox 864 3948 1066 4005; x_wconf 86' lang='lat' dir='ltr'><strong>sancto,</strong></span> <span class='ocrx_word' id='word_1_367' title='bbox 1099 3942 1264 4007; x_wconf 89' lang='lat' dir='ltr'><strong>plane</strong></span> <span class='ocrx_word' id='word_1_368' title='bbox 1297 3936 1413 3995; x_wconf 88' lang='lat' dir='ltr'><strong>non</strong></span> <span class='ocrx_word' id='word_1_369' title='bbox 1449 3936 1841 4011; x_wconf 81' lang='lat' dir='ltr'><strong>intelligimus,</strong></span> <span class='ocrx_word' id='word_1_370' title='bbox 1881 3949 2004 3997; x_wconf 90' lang='lat' dir='ltr'><strong>tum</strong></span> 
     </span>
    </p>
   </div>
   <div class='ocr_carea' id='block_1_53' title="bbox 406 4009 2004 4079">
    <p class='ocr_par' dir='ltr' id='par_1_53' title="bbox 406 4009 2004 4079">
     <span class='ocr_line' id='line_1_53' title="bbox 406 4009 2004 4079; baseline 0.004 -19"><span class='ocrx_word' id='word_1_371' title='bbox 406 4009 560 4074; x_wconf 92' lang='lat' dir='ltr'><strong>quod</strong></span> <span class='ocrx_word' id='word_1_372' title='bbox 588 4012 668 4061; x_wconf 89' lang='lat' dir='ltr'><strong>ait</strong></span> <span class='ocrx_word' id='word_1_373' title='bbox 689 4010 857 4075; x_wconf 85' lang='lat' dir='ltr'><strong>longe</strong></span> <span class='ocrx_word' id='word_1_374' title='bbox 880 4012 1042 4065; x_wconf 86' lang='lat' dir='ltr'><strong>aliter</strong></span> <span class='ocrx_word' id='word_1_375' title='bbox 1062 4013 1123 4065; x_wconf 89' lang='lat' dir='ltr'><strong>in</strong></span> <span class='ocrx_word' id='word_1_376' title='bbox 1166 4014 1343 4079; x_wconf 88' lang='lat' dir='ltr'><strong>hujus</strong></span> <span class='ocrx_word' id='word_1_377' title='bbox 1387 4015 1497 4067; x_wconf 88' lang='lat' dir='ltr'><strong>loci</strong></span> <span class='ocrx_word' id='word_1_378' title='bbox 1539 4009 2004 4079; x_wconf 78' lang='lat' dir='ltr'><strong>interpretatione</strong></span> 
     </span>
    </p>
   </div>
   <div class='ocr_carea' id='block_1_54' title="bbox 409 4080 2005 4149">
    <p class='ocr_par' dir='ltr' id='par_1_54' title="bbox 409 4080 2005 4149">
     <span class='ocr_line' id='line_1_54' title="bbox 409 4080 2005 4149; baseline 0.004 -17"><span class='ocrx_word' id='word_1_379' title='bbox 409 4080 680 4132; x_wconf 88' lang='lat' dir='ltr'><strong>traditum</strong></span> <span class='ocrx_word' id='word_1_380' title='bbox 705 4083 810 4133; x_wconf 90' lang='lat' dir='ltr'><strong>abs</strong></span> <span class='ocrx_word' id='word_1_381' title='bbox 826 4084 1195 4147; x_wconf 89' lang='lat' dir='ltr'><strong>Hieronymo,</strong></span> <span class='ocrx_word' id='word_1_382' title='bbox 1223 4097 1479 4149; x_wconf 81' lang='lat' dir='ltr'><strong>pugnare</strong></span> <span class='ocrx_word' id='word_1_383' title='bbox 1505 4099 1639 4137; x_wconf 90' lang='lat' dir='ltr'><strong>cum</strong></span> <span class='ocrx_word' id='word_1_384' title='bbox 1665 4089 1903 4138; x_wconf 75' lang='lat' dir='ltr'><strong>veritrite</strong></span> <span class='ocrx_word' id='word_1_385' title='bbox 1920 4088 2005 4138; x_wconf 91' lang='lat' dir='ltr'><strong>vi-</strong></span> 
     </span>
    </p>
   </div>
   <div class='ocr_carea' id='block_1_55' title="bbox 405 4152 2003 4219">
    <p class='ocr_par' dir='ltr' id='par_1_55' title="bbox 405 4152 2003 4219">
     <span class='ocr_line' id='line_1_55' title="bbox 405 4152 2003 4219; baseline 0.004 -16"><span class='ocrx_word' id='word_1_386' title='bbox 405 4152 584 4203; x_wconf 85' lang='lat' dir='ltr'><strong>detur.</strong></span> <span class='ocrx_word' id='word_1_387' title='bbox 615 4153 827 4217; x_wconf 84' lang='lat' dir='ltr'><strong>Accipe</strong></span> <span class='ocrx_word' id='word_1_388' title='bbox 860 4167 995 4217; x_wconf 84' lang='lat' dir='ltr'><strong>ergo</strong></span> <span class='ocrx_word' id='word_1_389' title='bbox 1026 4156 1320 4217; x_wconf 89' lang='lat' dir='ltr'><strong>brevibus,</strong></span> <span class='ocrx_word' id='word_1_390' title='bbox 1345 4157 1484 4219; x_wconf 89' lang='lat' dir='ltr'><strong>quid</strong></span> <span class='ocrx_word' id='word_1_391' title='bbox 1512 4170 1618 4208; x_wconf 92' lang='lat' dir='ltr'><strong>nos</strong></span> <span class='ocrx_word' id='word_1_392' title='bbox 1651 4158 1760 4208; x_wconf 92' lang='lat' dir='ltr'><strong>hoc</strong></span> <span class='ocrx_word' id='word_1_393' title='bbox 1786 4158 1857 4209; x_wconf 90' lang='lat' dir='ltr'><strong>de</strong></span> <span class='ocrx_word' id='word_1_394' title='bbox 1879 4158 2003 4209; x_wconf 92' lang='lat' dir='ltr'><strong>loco</strong></span> 
     </span>
    </p>
   </div>
   <div class='ocr_carea' id='block_1_56' title="bbox 407 4223 2006 4287">
    <p class='ocr_par' dir='ltr' id='par_1_56' title="bbox 407 4223 2006 4287">
     <span class='ocr_line' id='line_1_56' title="bbox 407 4223 2006 4287; baseline 0.001 -13"><span class='ocrx_word' id='word_1_395' title='bbox 407 4223 711 4279; x_wconf 87' lang='lat' dir='ltr'><strong>sentimus.</strong></span> <span class='ocrx_word' id='word_1_396' title='bbox 727 4223 887 4287; x_wconf 90' lang='lat' dir='ltr'><strong>plura</strong></span> <span class='ocrx_word' id='word_1_397' title='bbox 902 4225 1055 4275; x_wconf 90' lang='lat' dir='ltr'><strong>enim</strong></span> <span class='ocrx_word' id='word_1_398' title='bbox 1067 4225 1127 4275; x_wconf 93' lang='lat' dir='ltr'><strong>in</strong></span> <span class='ocrx_word' id='word_1_399' title='bbox 1139 4226 1475 4278; x_wconf 66' lang='lat' dir='ltr'><strong>Praefatione</strong></span> <span class='ocrx_word' id='word_1_400' title='bbox 1488 4226 1730 4278; x_wconf 83' lang='lat' dir='ltr'><strong>dicenda</strong></span> <span class='ocrx_word' id='word_1_401' title='bbox 1742 4232 1897 4278; x_wconf 89' lang='lat' dir='ltr'><strong>sunt.</strong></span> <span class='ocrx_word' id='word_1_402' title='bbox 1913 4230 2006 4275; x_wconf 88' lang='lat' dir='ltr'><strong>Mi-</strong></span> 
     </span>
    </p>
   </div>
   <div class='ocr_carea' id='block_1_57' title="bbox 404 4293 2002 4357">
    <p class='ocr_par' dir='ltr' id='par_1_57' title="bbox 404 4293 2002 4357">
     <span class='ocr_line' id='line_1_57' title="bbox 404 4293 2002 4357; baseline 0 -13"><span class='ocrx_word' id='word_1_403' title='bbox 404 4293 560 4344; x_wconf 88' lang='lat' dir='ltr'><strong>nime</strong></span> <span class='ocrx_word' id='word_1_404' title='bbox 579 4294 813 4357; x_wconf 91' lang='lat' dir='ltr'><strong>quidem</strong></span> <span class='ocrx_word' id='word_1_405' title='bbox 832 4296 883 4346; x_wconf 93' lang='lat' dir='ltr'><strong>S.</strong></span> <span class='ocrx_word' id='word_1_406' title='bbox 902 4296 1067 4347; x_wconf 88' lang='lat' dir='ltr'><strong>Pater</strong></span> <span class='ocrx_word' id='word_1_407' title='bbox 1081 4298 1567 4349; x_wconf 89' lang='lat' dir='ltr'><strong>enumerationem</strong></span> <span class='ocrx_word' id='word_1_408' title='bbox 1579 4312 1748 4346; x_wconf 86' lang='lat' dir='ltr'><strong>eorum</strong></span> <span class='ocrx_word' id='word_1_409' title='bbox 1769 4299 2002 4355; x_wconf 83' lang='lat' dir='ltr'><strong>instituit,</strong></span> 
     </span>
    </p>
   </div>
   <div class='ocr_carea' id='block_1_58' title="bbox 408 4365 2002 4432">
    <p class='ocr_par' dir='ltr' id='par_1_58' title="bbox 408 4365 2002 4432">
     <span class='ocr_line' id='line_1_58' title="bbox 408 4365 2002 4432; baseline 0.001 -17"><span class='ocrx_word' id='word_1_410' title='bbox 408 4365 508 4429; x_wconf 89' lang='lat' dir='ltr'><strong>qui</strong></span> <span class='ocrx_word' id='word_1_411' title='bbox 521 4366 784 4417; x_wconf 84' lang='lat' dir='ltr'><strong>civitates</strong></span> <span class='ocrx_word' id='word_1_412' title='bbox 808 4367 1220 4425; x_wconf 89' lang='lat' dir='ltr'><strong>condidissent,</strong></span> <span class='ocrx_word' id='word_1_413' title='bbox 1249 4369 1350 4419; x_wconf 89' lang='lat' dir='ltr'><strong>sed</strong></span> <span class='ocrx_word' id='word_1_414' title='bbox 1372 4368 1572 4432; x_wconf 89' lang='lat' dir='ltr'><strong>utique</strong></span> <span class='ocrx_word' id='word_1_415' title='bbox 1602 4369 1739 4420; x_wconf 73' lang='lat' dir='ltr'><strong>Cain</strong></span> <span class='ocrx_word' id='word_1_416' title='bbox 1765 4375 2002 4417; x_wconf 82' lang='lat' dir='ltr'><strong>memorat</strong></span> 
     </span>
    </p>
   </div>
   <div class='ocr_carea' id='block_1_59' title="bbox 409 4437 1997 4504">
    <p class='ocr_par' dir='ltr' id='par_1_59' title="bbox 409 4437 1997 4504">
     <span class='ocr_line' id='line_1_59' title="bbox 409 4437 1997 4504; baseline -0.001 -17"><span class='ocrx_word' id='word_1_417' title='bbox 409 4437 703 4501; x_wconf 87' lang='lat' dir='ltr'><strong>conceptis</strong></span> <span class='ocrx_word' id='word_1_418' title='bbox 719 4438 907 4489; x_wconf 90' lang='lat' dir='ltr'><strong>verbis</strong></span> <span class='ocrx_word' id='word_1_419' title='bbox 931 4438 989 4489; x_wconf 91' lang='lat' dir='ltr'><strong>in</strong></span> <span class='ocrx_word' id='word_1_420' title='bbox 1016 4451 1142 4491; x_wconf 89' lang='lat' dir='ltr'><strong>eam</strong></span> <span class='ocrx_word' id='word_1_421' title='bbox 1169 4452 1310 4504; x_wconf 89' lang='lat' dir='ltr'><strong>rem,</strong></span> <span class='ocrx_word' id='word_1_422' title='bbox 1338 4440 1490 4503; x_wconf 89' lang='lat' dir='ltr'><strong>quod</strong></span> <span class='ocrx_word' id='word_1_423' title='bbox 1515 4440 1736 4504; x_wconf 90' lang='lat' dir='ltr'><strong>primus</strong></span> <span class='ocrx_word' id='word_1_424' title='bbox 1753 4441 1997 4487; x_wconf 82' lang='lat' dir='ltr'><strong>civitatem</strong></span> 
     </span>
    </p>
   </div>
   <div class='ocr_carea' id='block_1_60' title="bbox 404 4508 1999 4573">
    <p class='ocr_par' dir='ltr' id='par_1_60' title="bbox 404 4508 1999 4573">
     <span class='ocr_line' id='line_1_60' title="bbox 404 4508 1999 4573; baseline 0 -16"><span class='ocrx_word' id='word_1_425' title='bbox 404 4508 729 4559; x_wconf 83' lang='lat' dir='ltr'><strong>exslruerit.</strong></span> <span class='ocrx_word' id='word_1_426' title='bbox 746 4508 1056 4569; x_wconf 85' lang='lat' dir='ltr'><strong>Possumus,</strong></span> <span class='ocrx_word' id='word_1_427' title='bbox 1082 4512 1268 4571; x_wconf 88' lang='lat' dir='ltr'><strong>inquit,</strong></span> <span class='ocrx_word' id='word_1_428' title='bbox 1285 4516 1328 4559; x_wconf 92' lang='lat' dir='ltr'><strong>et</strong></span> <span class='ocrx_word' id='word_1_429' title='bbox 1348 4510 1505 4559; x_wconf 84' lang='lat' dir='ltr'><strong>aliter</strong></span> <span class='ocrx_word' id='word_1_430' title='bbox 1521 4511 1709 4572; x_wconf 78' lang='lat' dir='ltr'><strong>dicere,</strong></span> <span class='ocrx_word' id='word_1_431' title='bbox 1729 4510 1859 4573; x_wconf 80' lang='lat' dir='ltr'><strong>quia</strong></span> <span class='ocrx_word' id='word_1_432' title='bbox 1876 4509 1999 4573; x_wconf 81' lang='lat' dir='ltr'><strong>pri-</strong></span> 
     </span>
    </p>
   </div>
   <div class='ocr_carea' id='block_1_61' title="bbox 403 4578 1999 4643">
    <p class='ocr_par' dir='ltr' id='par_1_61' title="bbox 403 4578 1999 4643">
     <span class='ocr_line' id='line_1_61' title="bbox 403 4578 1999 4643; baseline 0 -17"><span class='ocrx_word' id='word_1_433' title='bbox 403 4591 524 4626; x_wconf 84' lang='lat' dir='ltr'><strong>mus</strong></span> <span class='ocrx_word' id='word_1_434' title='bbox 540 4578 680 4627; x_wconf 86' lang='lat' dir='ltr'><strong>Cain</strong></span> <span class='ocrx_word' id='word_1_435' title='bbox 706 4579 994 4643; x_wconf 70' lang='lat' dir='ltr'><strong>parricida</strong></span> <span class='ocrx_word' id='word_1_436' title='bbox 1018 4581 1287 4630; x_wconf 70' lang='lat' dir='ltr'><strong>exstruxit</strong></span> <span class='ocrx_word' id='word_1_437' title='bbox 1310 4581 1576 4630; x_wconf 82' lang='lat' dir='ltr'><strong>civitatem</strong></span> <span class='ocrx_word' id='word_1_438' title='bbox 1590 4581 1649 4629; x_wconf 88' lang='lat' dir='ltr'><strong>in</strong></span> <span class='ocrx_word' id='word_1_439' title='bbox 1670 4579 1999 4641; x_wconf 79' lang='lat' dir='ltr'><strong>nomine/itii</strong></span> 
     </span>
    </p>
   </div>
   <div class='ocr_carea' id='block_1_62' title="bbox 2086 462 3729 532">
    <p class='ocr_par' dir='ltr' id='par_1_62' title="bbox 2086 462 3729 532">
     <span class='ocr_line' id='line_1_62' title="bbox 2086 462 3729 532; baseline -0.009 -13"><span class='ocrx_word' id='word_1_440' title='bbox 2086 482 2198 521; x_wconf 75' lang='lat' dir='ltr'><strong>erae</strong></span> <span class='ocrx_word' id='word_1_441' title='bbox 2217 468 2357 532; x_wconf 83' lang='lat' dir='ltr'><strong>legis</strong></span> <span class='ocrx_word' id='word_1_442' title='bbox 2374 467 2743 519; x_wconf 86' lang='lat' dir='ltr'><strong>temeratione</strong></span> <span class='ocrx_word' id='word_1_443' title='bbox 2759 465 3102 522; x_wconf 62' lang='lat' dir='ltr'><strong>meruisses;</strong></span> <span class='ocrx_word' id='word_1_444' title='bbox 3120 464 3391 509; x_wconf 83' lang='lat' dir='ltr'><strong>visitarem</strong></span> <span class='ocrx_word' id='word_1_445' title='bbox 3418 462 3729 519; x_wconf 63' lang='lat' dir='ltr'><strong>iniquitate</strong></span> 
     </span>
    </p>
   </div>
   <div class='ocr_carea' id='block_1_63' title="bbox 2087 532 3732 597">
    <p class='ocr_par' dir='ltr' id='par_1_63' title="bbox 2087 532 3732 597">
     <span class='ocr_line' id='line_1_63' title="bbox 2087 532 3732 597; baseline -0.008 -7"><span class='ocrx_word' id='word_1_446' title='bbox 2087 545 2234 597; x_wconf 89' lang='lat' dir='ltr'><strong>tuas,</strong></span> <span class='ocrx_word' id='word_1_447' title='bbox 2248 537 2697 589; x_wconf 89' lang='lat' dir='ltr'><strong>misericordiam</strong></span> <span class='ocrx_word' id='word_1_448' title='bbox 2717 540 2915 587; x_wconf 87' lang='lat' dir='ltr'><strong>autem</strong></span> <span class='ocrx_word' id='word_1_449' title='bbox 2932 545 3122 584; x_wconf 85' lang='lat' dir='ltr'><strong>meam</strong></span> <span class='ocrx_word' id='word_1_450' title='bbox 3139 544 3265 583; x_wconf 91' lang='lat' dir='ltr'><strong>non</strong></span> <span class='ocrx_word' id='word_1_451' title='bbox 3280 534 3527 595; x_wconf 83' lang='lat' dir='ltr'><strong>penitus</strong></span> <span class='ocrx_word' id='word_1_452' title='bbox 3540 532 3732 578; x_wconf 75' lang='lat' dir='ltr'><strong>aufer-</strong></span> 
     </span>
    </p>
   </div>
   <div class='ocr_carea' id='block_1_64' title="bbox 2088 602 3729 672">
    <p class='ocr_par' dir='ltr' id='par_1_64' title="bbox 2088 602 3729 672">
     <span class='ocr_line' id='line_1_64' title="bbox 2088 602 3729 672; baseline -0.004 -11"><span class='ocrx_word' id='word_1_453' title='bbox 2088 623 2226 672; x_wconf 90' lang='lat' dir='ltr'><strong>rem,</strong></span> <span class='ocrx_word' id='word_1_454' title='bbox 2244 614 2376 660; x_wconf 90' lang='lat' dir='ltr'><strong>utte</strong></span> <span class='ocrx_word' id='word_1_455' title='bbox 2399 610 2669 660; x_wconf 90' lang='lat' dir='ltr'><strong>nimirum</strong></span> <span class='ocrx_word' id='word_1_456' title='bbox 2697 607 2953 657; x_wconf 88' lang='lat' dir='ltr'><strong>sinerem</strong></span> <span class='ocrx_word' id='word_1_457' title='bbox 2990 603 3398 655; x_wconf 87' lang='lat' dir='ltr'><strong>internecione</strong></span> <span class='ocrx_word' id='word_1_458' title='bbox 3422 602 3729 655; x_wconf 76' lang='lat' dir='ltr'><strong>consumi.</strong></span> 
     </span>
    </p>
   </div>
   <div class='ocr_carea' id='block_1_65' title="bbox 2085 673 3730 743">
    <p class='ocr_par' dir='ltr' id='par_1_65' title="bbox 2085 673 3730 743">
     <span class='ocr_line' id='line_1_65' title="bbox 2085 673 3730 743; baseline -0.007 -11"><span class='ocrx_word' id='word_1_459' title='bbox 2085 682 2534 743; x_wconf 88' lang='lat' dir='ltr'><strong>memoriamque</strong></span> <span class='ocrx_word' id='word_1_460' title='bbox 2559 680 2638 731; x_wconf 89' lang='lat' dir='ltr'><strong>tui</strong></span> <span class='ocrx_word' id='word_1_461' title='bbox 2658 677 2919 729; x_wconf 89' lang='lat' dir='ltr'><strong>nominis</strong></span> <span class='ocrx_word' id='word_1_462' title='bbox 2955 687 3194 739; x_wconf 87' lang='lat' dir='ltr'><strong>prorsus</strong></span> <span class='ocrx_word' id='word_1_463' title='bbox 3211 673 3462 724; x_wconf 88' lang='lat' dir='ltr'><strong>aboleri.</strong></span> <span class='ocrx_word' id='word_1_464' title='bbox 3490 674 3559 724; x_wconf 88' lang='lat' dir='ltr'><strong>Et</strong></span> <span class='ocrx_word' id='word_1_465' title='bbox 3585 688 3730 736; x_wconf 71' lang='lat' dir='ltr'><strong>quo-</strong></span> 
     </span>
    </p>
   </div>
   <div class='ocr_carea' id='block_1_66' title="bbox 2086 744 3725 814">
    <p class='ocr_par' dir='ltr' id='par_1_66' title="bbox 2086 744 3725 814">
     <span class='ocr_line' id='line_1_66' title="bbox 2086 744 3725 814; baseline -0.004 -14"><span class='ocrx_word' id='word_1_466' title='bbox 2086 753 2241 800; x_wconf 82' lang='lat' dir='ltr'><strong>niam</strong></span> <span class='ocrx_word' id='word_1_467' title='bbox 2271 753 2409 800; x_wconf 83' lang='lat' dir='ltr'><strong>Deus</strong></span> <span class='ocrx_word' id='word_1_468' title='bbox 2430 755 2722 814; x_wconf 82' lang='lat' dir='ltr'><strong>ego,ctnon</strong></span> <span class='ocrx_word' id='word_1_469' title='bbox 2738 749 2902 796; x_wconf 85' lang='lat' dir='ltr'><strong>homo</strong></span> <span class='ocrx_word' id='word_1_470' title='bbox 2925 763 2934 794; x_wconf 93' lang='lat'>:</span> <span class='ocrx_word' id='word_1_471' title='bbox 2957 746 3128 807; x_wconf 87' lang='lat' dir='ltr'><strong>cujus</strong></span> <span class='ocrx_word' id='word_1_472' title='bbox 3150 744 3387 795; x_wconf 85' lang='lat' dir='ltr'><strong>scilicet</strong></span> <span class='ocrx_word' id='word_1_473' title='bbox 3416 744 3725 794; x_wconf 79' lang='lat' dir='ltr'><strong>decretum</strong></span> 
     </span>
    </p>
   </div>
   <div class='ocr_carea' id='block_1_67' title="bbox 2087 816 3729 875">
    <p class='ocr_par' dir='ltr' id='par_1_67' title="bbox 2087 816 3729 875">
     <span class='ocr_line' id='line_1_67' title="bbox 2087 816 3729 875; baseline -0.006 0"><span class='ocrx_word' id='word_1_474' title='bbox 2087 824 2324 875; x_wconf 88' lang='lat' dir='ltr'><strong>variatio</strong></span> <span class='ocrx_word' id='word_1_475' title='bbox 2362 822 2520 873; x_wconf 86' lang='lat' dir='ltr'><strong>nulla</strong></span> <span class='ocrx_word' id='word_1_476' title='bbox 2561 820 2833 871; x_wconf 88' lang='lat' dir='ltr'><strong>convellit</strong></span> <span class='ocrx_word' id='word_1_477' title='bbox 2869 832 2882 868; x_wconf 90' lang='lat'><strong>:</strong></span> <span class='ocrx_word' id='word_1_478' title='bbox 2917 817 3049 868; x_wconf 90' lang='lat' dir='ltr'><strong>ideo</strong></span> <span class='ocrx_word' id='word_1_479' title='bbox 3082 817 3140 867; x_wconf 86' lang='lat' dir='ltr'><strong>in</strong></span> <span class='ocrx_word' id='word_1_480' title='bbox 3172 816 3380 866; x_wconf 89' lang='lat' dir='ltr'><strong>medio</strong></span> <span class='ocrx_word' id='word_1_481' title='bbox 3414 816 3497 866; x_wconf 85' lang='lat' dir='ltr'><strong>tui</strong></span> <span class='ocrx_word' id='word_1_482' title='bbox 3520 827 3729 866; x_wconf 74' lang='lat' dir='ltr'><strong>versor</strong></span> 
     </span>
    </p>
   </div>
   <div class='ocr_carea' id='block_1_68' title="bbox 2087 885 3721 957">
    <p class='ocr_par' dir='ltr' id='par_1_68' title="bbox 2087 885 3721 957">
     <span class='ocr_line' id='line_1_68' title="bbox 2087 885 3721 957; baseline -0.006 -13"><span class='ocrx_word' id='word_1_483' title='bbox 2087 894 2319 957; x_wconf 89' lang='lat' dir='ltr'><strong>quidem</strong></span> <span class='ocrx_word' id='word_1_484' title='bbox 2347 898 2564 945; x_wconf 67' lang='lat' dir='ltr'><strong>interna</strong></span> <span class='ocrx_word' id='word_1_485' title='bbox 2588 890 2893 941; x_wconf 79' lang='lat' dir='ltr'><strong>sanctitate</strong></span> <span class='ocrx_word' id='word_1_486' title='bbox 2926 887 3306 951; x_wconf 87' lang='lat' dir='ltr'><strong>conspicuus,</strong></span> <span class='ocrx_word' id='word_1_487' title='bbox 3336 898 3445 949; x_wconf 88' lang='lat' dir='ltr'><strong>per</strong></span> <span class='ocrx_word' id='word_1_488' title='bbox 3467 885 3631 948; x_wconf 82' lang='lat' dir='ltr'><strong>quod</strong></span> <span class='ocrx_word' id='word_1_489' title='bbox 3662 887 3721 935; x_wconf 87' lang='lat' dir='ltr'><strong>in</strong></span> 
     </span>
    </p>
   </div>
   <div class='ocr_carea' id='block_1_69' title="bbox 2088 957 3716 1027">
    <p class='ocr_par' dir='ltr' id='par_1_69' title="bbox 2088 957 3716 1027">
     <span class='ocr_line' id='line_1_69' title="bbox 2088 957 3716 1027; baseline -0.005 -13"><span class='ocrx_word' id='word_1_490' title='bbox 2088 966 2318 1027; x_wconf 81' lang='lat' dir='ltr'><strong>peccata</strong></span> <span class='ocrx_word' id='word_1_491' title='bbox 2346 966 2447 1013; x_wconf 88' lang='lat' dir='ltr'><strong>tua</strong></span> <span class='ocrx_word' id='word_1_492' title='bbox 2469 961 2780 1023; x_wconf 85' lang='lat' dir='ltr'><strong>castigator</strong></span> <span class='ocrx_word' id='word_1_493' title='bbox 2797 960 3058 1022; x_wconf 88' lang='lat' dir='ltr'><strong>insurgo,</strong></span> <span class='ocrx_word' id='word_1_494' title='bbox 3074 964 3134 1009; x_wconf 89' lang='lat' dir='ltr'><strong>et</strong></span> <span class='ocrx_word' id='word_1_495' title='bbox 3157 957 3391 1009; x_wconf 72' lang='lat' dir='ltr'><strong>{cedere</strong></span> <span class='ocrx_word' id='word_1_496' title='bbox 3416 969 3555 1020; x_wconf 73' lang='lat' dir='ltr'><strong>quas</strong></span> <span class='ocrx_word' id='word_1_497' title='bbox 3577 969 3716 1006; x_wconf 82' lang='lat' dir='ltr'><strong>cum</strong></span> 
     </span>
    </p>
   </div>
   <div class='ocr_carea' id='block_1_70' title="bbox 2088 1028 3722 1099">
    <p class='ocr_par' dir='ltr' id='par_1_70' title="bbox 2088 1028 3722 1099">
     <span class='ocr_line' id='line_1_70' title="bbox 2088 1028 3722 1099; baseline -0.006 -13"><span class='ocrx_word' id='word_1_498' title='bbox 2088 1036 2345 1099; x_wconf 88' lang='lat' dir='ltr'><strong>patribus</strong></span> <span class='ocrx_word' id='word_1_499' title='bbox 2382 1033 2496 1085; x_wconf 88' lang='lat' dir='ltr'><strong>tuis</strong></span> <span class='ocrx_word' id='word_1_500' title='bbox 2518 1038 2651 1082; x_wconf 88' lang='lat' dir='ltr'><strong>sunt</strong></span> <span class='ocrx_word' id='word_1_501' title='bbox 2675 1042 2966 1095; x_wconf 87' lang='lat' dir='ltr'><strong>percussa,</strong></span> <span class='ocrx_word' id='word_1_502' title='bbox 2988 1040 3105 1080; x_wconf 92' lang='lat' dir='ltr'><strong>non</strong></span> <span class='ocrx_word' id='word_1_503' title='bbox 3130 1034 3363 1079; x_wconf 85' lang='lat' dir='ltr'><strong>temero</strong></span> <span class='ocrx_word' id='word_1_504' title='bbox 3390 1028 3600 1078; x_wconf 86' lang='lat' dir='ltr'><strong>:urbes</strong></span> <span class='ocrx_word' id='word_1_505' title='bbox 3629 1032 3722 1077; x_wconf 80' lang='lat' dir='ltr'><strong>ta-</strong></span> 
     </span>
    </p>
   </div>
   <div class='ocr_carea' id='block_1_71' title="bbox 2086 1099 3723 1167">
    <p class='ocr_par' dir='ltr' id='par_1_71' title="bbox 2086 1099 3723 1167">
     <span class='ocr_line' id='line_1_71' title="bbox 2086 1099 3723 1167; baseline -0.005 -11"><span class='ocrx_word' id='word_1_506' title='bbox 2086 1118 2220 1156; x_wconf 89' lang='lat' dir='ltr'><strong>men</strong></span> <span class='ocrx_word' id='word_1_507' title='bbox 2246 1109 2393 1167; x_wconf 87' lang='lat' dir='ltr'><strong>tuas,</strong></span> <span class='ocrx_word' id='word_1_508' title='bbox 2418 1112 2782 1165; x_wconf 85' lang='lat' dir='ltr'><strong>nequaquam</strong></span> <span class='ocrx_word' id='word_1_509' title='bbox 2795 1099 3197 1163; x_wconf 85' lang='lat' dir='ltr'><strong>ilaingrediar,</strong></span> <span class='ocrx_word' id='word_1_510' title='bbox 3218 1104 3288 1151; x_wconf 90' lang='lat' dir='ltr'><strong>ut</strong></span> <span class='ocrx_word' id='word_1_511' title='bbox 3302 1099 3582 1150; x_wconf 65' lang='lat' dir='ltr'><strong>Sodomae</strong></span> <span class='ocrx_word' id='word_1_512' title='bbox 3594 1113 3723 1158; x_wconf 71' lang='lat' dir='ltr'><strong>por-</strong></span> 
     </span>
    </p>
   </div>
   <div class='ocr_carea' id='block_1_72' title="bbox 2088 1167 3717 1237">
    <p class='ocr_par' dir='ltr' id='par_1_72' title="bbox 2088 1167 3717 1237">
     <span class='ocr_line' id='line_1_72' title="bbox 2088 1167 3717 1237; baseline -0.006 -9"><span class='ocrx_word' id='word_1_513' title='bbox 2088 1181 2195 1237; x_wconf 86' lang='lat' dir='ltr'><strong>tas,</strong></span> <span class='ocrx_word' id='word_1_514' title='bbox 2210 1189 2343 1227; x_wconf 90' lang='lat' dir='ltr'><strong>cum</strong></span> <span class='ocrx_word' id='word_1_515' title='bbox 2369 1173 2612 1226; x_wconf 88' lang='lat' dir='ltr'><strong>delenda</strong></span> <span class='ocrx_word' id='word_1_516' title='bbox 2634 1176 2806 1231; x_wconf 86' lang='lat' dir='ltr'><strong>esset,</strong></span> <span class='ocrx_word' id='word_1_517' title='bbox 2842 1170 3072 1222; x_wconf 90' lang='lat' dir='ltr'><strong>intravi.</strong></span> <span class='ocrx_word' id='word_1_518' title='bbox 3101 1172 3173 1220; x_wconf 87' lang='lat' dir='ltr'><strong>Et</strong></span> <span class='ocrx_word' id='word_1_519' title='bbox 3186 1170 3481 1233; x_wconf 86' lang='lat' dir='ltr'><strong>quoniam</strong></span> <span class='ocrx_word' id='word_1_520' title='bbox 3498 1167 3717 1219; x_wconf 81' lang='lat' dir='ltr'><strong>intule—</strong></span> 
     </span>
    </p>
   </div>
   <div class='ocr_carea' id='block_1_73' title="bbox 2087 1240 3720 1310">
    <p class='ocr_par' dir='ltr' id='par_1_73' title="bbox 2087 1240 3720 1310">
     <span class='ocr_line' id='line_1_73' title="bbox 2087 1240 3720 1310; baseline -0.006 -12"><span class='ocrx_word' id='word_1_521' title='bbox 2087 1250 2174 1298; x_wconf 88' lang='lat' dir='ltr'><strong>rat</strong></span> <span class='ocrx_word' id='word_1_522' title='bbox 2196 1248 2266 1297; x_wconf 90' lang='lat' dir='ltr'><strong>de</strong></span> <span class='ocrx_word' id='word_1_523' title='bbox 2288 1256 2688 1310; x_wconf 89' lang='lat' dir='ltr'><strong>prosperorum</strong></span> <span class='ocrx_word' id='word_1_524' title='bbox 2724 1246 2888 1304; x_wconf 89' lang='lat' dir='ltr'><strong>parte</strong></span> <span class='ocrx_word' id='word_1_525' title='bbox 2921 1252 3274 1299; x_wconf 85' lang='lat' dir='ltr'><strong>sarmonem,</strong></span> <span class='ocrx_word' id='word_1_526' title='bbox 3297 1253 3427 1291; x_wconf 91' lang='lat' dir='ltr'><strong>non</strong></span> <span class='ocrx_word' id='word_1_527' title='bbox 3452 1240 3565 1310; x_wconf 64' lang='lat' dir='ltr'><strong>fuit</strong></span> <span class='ocrx_word' id='word_1_528' title='bbox 3583 1252 3720 1290; x_wconf 75' lang='lat' dir='ltr'><strong>con~</strong></span> 
     </span>
    </p>
   </div>
   <div class='ocr_carea' id='block_1_74' title="bbox 2090 1308 3719 1378">
    <p class='ocr_par' dir='ltr' id='par_1_74' title="bbox 2090 1308 3719 1378">
     <span class='ocr_line' id='line_1_74' title="bbox 2090 1308 3719 1378; baseline -0.009 -9"><span class='ocrx_word' id='word_1_529' title='bbox 2090 1308 2536 1376; x_wconf 50' lang='lat' dir='ltr'><strong>tentus&#39;dixisse,</strong></span> <span class='ocrx_word' id='word_1_530' title='bbox 2552 1314 2686 1378; x_wconf 88' lang='lat' dir='ltr'><strong>quia</strong></span> <span class='ocrx_word' id='word_1_531' title='bbox 2695 1324 3067 1376; x_wconf 86' lang='lat' dir='ltr'><strong>nequaquam</strong></span> <span class='ocrx_word' id='word_1_532' title='bbox 3084 1314 3337 1360; x_wconf 60' lang='lat' dir='ltr'><strong>Israelita</strong></span> <span class='ocrx_word' id='word_1_533' title='bbox 3364 1308 3719 1378; x_wconf 64' lang='lat' dir='ltr'><strong>46mm:</strong></span> 
     </span>
    </p>
   </div>
   <div class='ocr_carea' id='block_1_75' title="bbox 2087 1380 3717 1451">
    <p class='ocr_par' dir='ltr' id='par_1_75' title="bbox 2087 1380 3717 1451">
     <span class='ocr_line' id='line_1_75' title="bbox 2087 1380 3717 1451; baseline -0.006 -12"><span class='ocrx_word' id='word_1_534' title='bbox 2087 1388 2325 1439; x_wconf 90' lang='lat' dir='ltr'><strong>aliarum</strong></span> <span class='ocrx_word' id='word_1_535' title='bbox 2339 1387 2602 1451; x_wconf 89' lang='lat' dir='ltr'><strong>gentium</strong></span> <span class='ocrx_word' id='word_1_536' title='bbox 2619 1384 2981 1446; x_wconf 86' lang='lat' dir='ltr'><strong>disperirent,</strong></span> <span class='ocrx_word' id='word_1_537' title='bbox 2996 1383 3099 1434; x_wconf 88' lang='lat' dir='ltr'><strong>sed</strong></span> <span class='ocrx_word' id='word_1_538' title='bbox 3120 1383 3266 1446; x_wconf 89' lang='lat' dir='ltr'><strong>quid</strong></span> <span class='ocrx_word' id='word_1_539' title='bbox 3279 1383 3469 1433; x_wconf 86' lang='lat' dir='ltr'><strong>etiam</strong></span> <span class='ocrx_word' id='word_1_540' title='bbox 3482 1380 3645 1433; x_wconf 85' lang='lat' dir='ltr'><strong>aliud</strong></span> <span class='ocrx_word' id='word_1_541' title='bbox 3656 1384 3717 1429; x_wconf 68' lang='lat' dir='ltr'><strong>de</strong></span> 
     </span>
    </p>
   </div>
   <div class='ocr_carea' id='block_1_76' title="bbox 2088 1452 3717 1517">
    <p class='ocr_par' dir='ltr' id='par_1_76' title="bbox 2088 1452 3717 1517">
     <span class='ocr_line' id='line_1_76' title="bbox 2088 1452 3717 1517; baseline -0.006 -6"><span class='ocrx_word' id='word_1_542' title='bbox 2088 1459 2169 1511; x_wconf 88' lang='lat' dir='ltr'><strong>eis</strong></span> <span class='ocrx_word' id='word_1_543' title='bbox 2192 1458 2557 1517; x_wconf 86' lang='lat' dir='ltr'><strong>ordinaverit,</strong></span> <span class='ocrx_word' id='word_1_544' title='bbox 2604 1455 2932 1506; x_wconf 88' lang='lat' dir='ltr'><strong>misericors</strong></span> <span class='ocrx_word' id='word_1_545' title='bbox 2975 1453 3279 1517; x_wconf 87' lang='lat' dir='ltr'><strong>percurrit,</strong></span> <span class='ocrx_word' id='word_1_546' title='bbox 3328 1458 3518 1516; x_wconf 85' lang='lat' dir='ltr'><strong>atque</strong></span> <span class='ocrx_word' id='word_1_547' title='bbox 3557 1452 3717 1503; x_wconf 76' lang='lat' dir='ltr'><strong>illius</strong></span> 
     </span>
    </p>
   </div>
   <div class='ocr_carea' id='block_1_77' title="bbox 2091 1523 3713 1593">
    <p class='ocr_par' dir='ltr' id='par_1_77' title="bbox 2091 1523 3713 1593">
     <span class='ocr_line' id='line_1_77' title="bbox 2091 1523 3713 1593; baseline -0.005 -12"><span class='ocrx_word' id='word_1_548' title='bbox 2091 1529 2383 1593; x_wconf 89' lang='lat' dir='ltr'><strong>temporis,</strong></span> <span class='ocrx_word' id='word_1_549' title='bbox 2404 1541 2519 1592; x_wconf 88' lang='lat' dir='ltr'><strong>quo</strong></span> <span class='ocrx_word' id='word_1_550' title='bbox 2551 1526 2741 1578; x_wconf 88' lang='lat' dir='ltr'><strong>soluta</strong></span> <span class='ocrx_word' id='word_1_551' title='bbox 2763 1524 3096 1587; x_wconf 78' lang='lat' dir='ltr'><strong>captivitate</strong></span> <span class='ocrx_word' id='word_1_552' title='bbox 3127 1524 3204 1574; x_wconf 90' lang='lat' dir='ltr'><strong>ad</strong></span> <span class='ocrx_word' id='word_1_553' title='bbox 3230 1523 3433 1575; x_wconf 89' lang='lat' dir='ltr'><strong>solum</strong></span> <span class='ocrx_word' id='word_1_554' title='bbox 3458 1524 3713 1588; x_wconf 81' lang='lat' dir='ltr'><strong>patrium</strong></span> 
     </span>
    </p>
   </div>
   <div class='ocr_carea' id='block_1_78' title="bbox 2089 1594 3264 1655">
    <p class='ocr_par' dir='ltr' id='par_1_78' title="bbox 2089 1594 3264 1655">
     <span class='ocr_line' id='line_1_78' title="bbox 2089 1594 3264 1655; baseline -0.006 -4"><span class='ocrx_word' id='word_1_555' title='bbox 2089 1599 2397 1653; x_wconf 89' lang='lat' dir='ltr'><strong>reducendi</strong></span> <span class='ocrx_word' id='word_1_556' title='bbox 2420 1602 2631 1655; x_wconf 88' lang='lat' dir='ltr'><strong>essent,</strong></span> <span class='ocrx_word' id='word_1_557' title='bbox 2658 1596 2854 1647; x_wconf 90' lang='lat' dir='ltr'><strong>intulit</strong></span> <span class='ocrx_word' id='word_1_558' title='bbox 2880 1594 3264 1646; x_wconf 89' lang='lat' dir='ltr'><strong>mentionem.</strong></span> 
     </span>
    </p>
   </div>
   <div class='ocr_carea' id='block_1_79' title="bbox 2147 1664 3711 1727">
    <p class='ocr_par' dir='ltr' id='par_1_79' title="bbox 2147 1664 3711 1727">
     <span class='ocr_line' id='line_1_79' title="bbox 2147 1664 3711 1727; baseline -0.007 -5"><span class='ocrx_word' id='word_1_559' title='bbox 2147 1673 2308 1722; x_wconf 87' lang='lat' dir='ltr'><strong>Vers.</strong></span> <span class='ocrx_word' id='word_1_560' title='bbox 2338 1670 2420 1724; x_wconf 85' lang='lat'><strong>10.</strong></span> <span class='ocrx_word' id='word_1_561' title='bbox 2446 1669 2530 1722; x_wconf 87' lang='lat'><strong>11.</strong></span> <span class='ocrx_word' id='word_1_562' title='bbox 2557 1697 2616 1705; x_wconf 94' lang='lat'><strong><em>—</em></strong></span> <span class='ocrx_word' id='word_1_563' title='bbox 2640 1668 2762 1716; x_wconf 88' lang='lat' dir='ltr'><strong>Post</strong></span> <span class='ocrx_word' id='word_1_564' title='bbox 2790 1666 3093 1715; x_wconf 85' lang='lat' dir='ltr'><strong>Dominum</strong></span> <span class='ocrx_word' id='word_1_565' title='bbox 3121 1664 3525 1713; x_wconf 80' lang='lat' dir='ltr'><strong>ambulabunt:</strong></span> <span class='ocrx_word' id='word_1_566' title='bbox 3552 1668 3711 1727; x_wconf 67' lang='lat' dir='ltr'><strong>quasi</strong></span> 
     </span>
    </p>
   </div>
   <div class='ocr_carea' id='block_1_80' title="bbox 2086 1734 3705 1804">
    <p class='ocr_par' dir='ltr' id='par_1_80' title="bbox 2086 1734 3705 1804">
     <span class='ocr_line' id='line_1_80' title="bbox 2086 1734 3705 1804; baseline -0.006 -13"><span class='ocrx_word' id='word_1_567' title='bbox 2086 1742 2161 1791; x_wconf 83' lang='lat' dir='ltr'><strong>leo</strong></span> <span class='ocrx_word' id='word_1_568' title='bbox 2189 1741 2522 1804; x_wconf 81' lang='lat' dir='ltr'><strong>rugiet,quia</strong></span> <span class='ocrx_word' id='word_1_569' title='bbox 2540 1740 2654 1803; x_wconf 88' lang='lat' dir='ltr'><strong>ipse</strong></span> <span class='ocrx_word' id='word_1_570' title='bbox 2676 1738 2874 1801; x_wconf 84' lang='lat' dir='ltr'><strong>rugiet,</strong></span> <span class='ocrx_word' id='word_1_571' title='bbox 2897 1741 2945 1784; x_wconf 84' lang='lat' dir='ltr'><strong>et</strong></span> <span class='ocrx_word' id='word_1_572' title='bbox 2967 1735 3359 1798; x_wconf 80' lang='lat' dir='ltr'><strong>formidabunt</strong></span> <span class='ocrx_word' id='word_1_573' title='bbox 3382 1734 3494 1795; x_wconf 76' lang='lat' dir='ltr'><strong>ﬁlii</strong></span> <span class='ocrx_word' id='word_1_574' title='bbox 3516 1737 3705 1783; x_wconf 65' lang='lat' dir='ltr'><strong>maris.</strong></span> 
     </span>
    </p>
   </div>
   <div class='ocr_carea' id='block_1_81' title="bbox 2086 1804 3707 1872">
    <p class='ocr_par' dir='ltr' id='par_1_81' title="bbox 2086 1804 3707 1872">
     <span class='ocr_line' id='line_1_81' title="bbox 2086 1804 3707 1872; baseline -0.007 -10"><span class='ocrx_word' id='word_1_575' title='bbox 2086 1812 2153 1862; x_wconf 83' lang='lat' dir='ltr'><strong>Et</strong></span> <span class='ocrx_word' id='word_1_576' title='bbox 2178 1812 2432 1861; x_wconf 83' lang='lat' dir='ltr'><strong>volabunt</strong></span> <span class='ocrx_word' id='word_1_577' title='bbox 2449 1810 2609 1872; x_wconf 84' lang='lat' dir='ltr'><strong>quasi</strong></span> <span class='ocrx_word' id='word_1_578' title='bbox 2634 1809 2829 1857; x_wconf 75' lang='lat' dir='ltr'><strong>aviseac</strong></span> <span class='ocrx_word' id='word_1_579' title='bbox 2852 1806 3109 1870; x_wconf 63' lang='lat' dir='ltr'><strong>Egyplo,</strong></span> <span class='ocrx_word' id='word_1_580' title='bbox 3122 1811 3171 1854; x_wconf 90' lang='lat' dir='ltr'><strong>et</strong></span> <span class='ocrx_word' id='word_1_581' title='bbox 3186 1805 3355 1869; x_wconf 84' lang='lat' dir='ltr'><strong>quasi</strong></span> <span class='ocrx_word' id='word_1_582' title='bbox 3382 1804 3629 1853; x_wconf 77' lang='lat' dir='ltr'><strong>columba</strong></span> <span class='ocrx_word' id='word_1_583' title='bbox 3650 1806 3707 1851; x_wconf 75' lang='lat' dir='ltr'><strong>de</strong></span> 
     </span>
    </p>
   </div>
   <div class='ocr_carea' id='block_1_82' title="bbox 2087 1876 3707 1947">
    <p class='ocr_par' dir='ltr' id='par_1_82' title="bbox 2087 1876 3707 1947">
     <span class='ocr_line' id='line_1_82' title="bbox 2087 1876 3707 1947; baseline -0.008 -12"><span class='ocrx_word' id='word_1_584' title='bbox 2087 1891 2231 1935; x_wconf 79' lang='lat' dir='ltr'><strong>terra</strong></span> <span class='ocrx_word' id='word_1_585' title='bbox 2255 1882 2634 1947; x_wconf 76' lang='lat' dir='ltr'><strong>Assyriorum:</strong></span> <span class='ocrx_word' id='word_1_586' title='bbox 2681 1885 2726 1927; x_wconf 87' lang='lat' dir='ltr'><strong>et</strong></span> <span class='ocrx_word' id='word_1_587' title='bbox 2748 1877 3011 1927; x_wconf 81' lang='lat' dir='ltr'><strong>collocabo</strong></span> <span class='ocrx_word' id='word_1_588' title='bbox 3054 1891 3140 1925; x_wconf 86' lang='lat' dir='ltr'><strong>eos</strong></span> <span class='ocrx_word' id='word_1_589' title='bbox 3185 1877 3251 1924; x_wconf 82' lang='lat' dir='ltr'><strong>in</strong></span> <span class='ocrx_word' id='word_1_590' title='bbox 3279 1876 3541 1947; x_wconf 75' lang='lat' dir='ltr'><strong>domibus</strong></span> <span class='ocrx_word' id='word_1_591' title='bbox 3579 1877 3707 1931; x_wconf 62' lang='lat' dir='ltr'><strong>suis,</strong></span> 
     </span>
    </p>
   </div>
   <div class='ocr_carea' id='block_1_83' title="bbox 2088 1946 3703 2013">
    <p class='ocr_par' dir='ltr' id='par_1_83' title="bbox 2088 1946 3703 2013">
     <span class='ocr_line' id='line_1_83' title="bbox 2088 1946 3703 2013; baseline -0.004 -10"><span class='ocrx_word' id='word_1_592' title='bbox 2088 1955 2217 2003; x_wconf 82' lang='lat' dir='ltr'><strong>dicit</strong></span> <span class='ocrx_word' id='word_1_593' title='bbox 2240 1954 2522 2003; x_wconf 77' lang='lat' dir='ltr'><strong>Dominus.</strong></span> <span class='ocrx_word' id='word_1_594' title='bbox 2548 1950 2697 2013; x_wconf 87' lang='lat' dir='ltr'><strong>Quid</strong></span> <span class='ocrx_word' id='word_1_595' title='bbox 2727 1950 2952 2011; x_wconf 89' lang='lat' dir='ltr'><strong>utique,</strong></span> <span class='ocrx_word' id='word_1_596' title='bbox 2978 1948 3070 2009; x_wconf 87' lang='lat' dir='ltr'><strong>ait,</strong></span> <span class='ocrx_word' id='word_1_597' title='bbox 3103 1948 3324 1998; x_wconf 89' lang='lat' dir='ltr'><strong>mirum</strong></span> <span class='ocrx_word' id='word_1_598' title='bbox 3349 1948 3401 1996; x_wconf 85' lang='lat' dir='ltr'><strong>si</strong></span> <span class='ocrx_word' id='word_1_599' title='bbox 3428 1946 3703 1998; x_wconf 86' lang='lat' dir='ltr'><strong>ultionem</strong></span> 
     </span>
    </p>
   </div>
   <div class='ocr_carea' id='block_1_84' title="bbox 2088 2017 3705 2083">
    <p class='ocr_par' dir='ltr' id='par_1_84' title="bbox 2088 2017 3705 2083">
     <span class='ocr_line' id='line_1_84' title="bbox 2088 2017 3705 2083; baseline -0.008 -6"><span class='ocrx_word' id='word_1_600' title='bbox 2088 2030 2211 2077; x_wconf 89' lang='lat' dir='ltr'><strong>tum</strong></span> <span class='ocrx_word' id='word_1_601' title='bbox 2228 2024 2478 2075; x_wconf 81' lang='lat' dir='ltr'><strong>maxime</strong></span> <span class='ocrx_word' id='word_1_602' title='bbox 2489 2020 2769 2073; x_wconf 88' lang='lat' dir='ltr'><strong>calentem</strong></span> <span class='ocrx_word' id='word_1_603' title='bbox 2793 2020 2977 2083; x_wconf 89' lang='lat' dir='ltr'><strong>pietas</strong></span> <span class='ocrx_word' id='word_1_604' title='bbox 3000 2023 3203 2069; x_wconf 88' lang='lat' dir='ltr'><strong>nostra</strong></span> <span class='ocrx_word' id='word_1_605' title='bbox 3213 2017 3579 2075; x_wconf 80' lang='lat' dir='ltr'><strong>moderetur,</strong></span> <span class='ocrx_word' id='word_1_606' title='bbox 3594 2031 3705 2064; x_wconf 72' lang='lat' dir='ltr'><strong>cum</strong></span> 
     </span>
    </p>
   </div>
   <div class='ocr_carea' id='block_1_85' title="bbox 2086 2087 3709 2158">
    <p class='ocr_par' dir='ltr' id='par_1_85' title="bbox 2086 2087 3709 2158">
     <span class='ocr_line' id='line_1_85' title="bbox 2086 2087 3709 2158; baseline -0.006 -11"><span class='ocrx_word' id='word_1_607' title='bbox 2086 2097 2145 2147; x_wconf 91' lang='lat' dir='ltr'><strong>in</strong></span> <span class='ocrx_word' id='word_1_608' title='bbox 2169 2096 2278 2146; x_wconf 89' lang='lat' dir='ltr'><strong>hoc</strong></span> <span class='ocrx_word' id='word_1_609' title='bbox 2294 2096 2417 2158; x_wconf 88' lang='lat' dir='ltr'><strong>ipso</strong></span> <span class='ocrx_word' id='word_1_610' title='bbox 2442 2095 2561 2156; x_wconf 87' lang='lat' dir='ltr'><strong>jam</strong></span> <span class='ocrx_word' id='word_1_611' title='bbox 2584 2097 2841 2154; x_wconf 88' lang='lat' dir='ltr'><strong>tempore</strong></span> <span class='ocrx_word' id='word_1_612' title='bbox 2864 2088 3079 2152; x_wconf 87' lang='lat' dir='ltr'><strong>gaudia</strong></span> <span class='ocrx_word' id='word_1_613' title='bbox 3101 2087 3486 2139; x_wconf 58' lang='lat' dir='ltr'><strong>conferendae</strong></span> <span class='ocrx_word' id='word_1_614' title='bbox 3518 2087 3709 2138; x_wconf 74' lang='lat' dir='ltr'><strong>libera-</strong></span> 
     </span>
    </p>
   </div>
   <div class='ocr_carea' id='block_1_86' title="bbox 2090 2159 3706 2225">
    <p class='ocr_par' dir='ltr' id='par_1_86' title="bbox 2090 2159 3706 2225">
     <span class='ocr_line' id='line_1_86' title="bbox 2090 2159 3706 2225; baseline -0.006 -8"><span class='ocrx_word' id='word_1_615' title='bbox 2090 2166 2589 2225; x_wconf 81' lang='lat' dir='ltr'><strong>tionisinformem,</strong></span> <span class='ocrx_word' id='word_1_616' title='bbox 2607 2175 2711 2212; x_wconf 84' lang='lat' dir='ltr'><strong>nec</strong></span> <span class='ocrx_word' id='word_1_617' title='bbox 2729 2160 2981 2211; x_wconf 89' lang='lat' dir='ltr'><strong>celatum</strong></span> <span class='ocrx_word' id='word_1_618' title='bbox 2999 2172 3131 2210; x_wconf 89' lang='lat' dir='ltr'><strong>esse</strong></span> <span class='ocrx_word' id='word_1_619' title='bbox 3150 2159 3347 2224; x_wconf 85' lang='lat' dir='ltr'><strong>velim,</strong></span> <span class='ocrx_word' id='word_1_620' title='bbox 3372 2164 3596 2222; x_wconf 86' lang='lat' dir='ltr'><strong>quanta</strong></span> <span class='ocrx_word' id='word_1_621' title='bbox 3610 2171 3706 2208; x_wconf 79' lang='lat' dir='ltr'><strong>eos</strong></span> 
     </span>
    </p>
   </div>
   <div class='ocr_carea' id='block_1_87' title="bbox 2088 2228 3706 2300">
    <p class='ocr_par' dir='ltr' id='par_1_87' title="bbox 2088 2228 3706 2300">
     <span class='ocr_line' id='line_1_87' title="bbox 2088 2228 3706 2300; baseline -0.006 -12"><span class='ocrx_word' id='word_1_622' title='bbox 2088 2237 2405 2300; x_wconf 80' lang='lat' dir='ltr'><strong>majestate,</strong></span> <span class='ocrx_word' id='word_1_623' title='bbox 2423 2238 2480 2285; x_wconf 92' lang='lat' dir='ltr'><strong>et</strong></span> <span class='ocrx_word' id='word_1_624' title='bbox 2503 2234 2575 2283; x_wconf 90' lang='lat' dir='ltr'><strong>de</strong></span> <span class='ocrx_word' id='word_1_625' title='bbox 2605 2231 2882 2282; x_wconf 87' lang='lat' dir='ltr'><strong>servitute</strong></span> <span class='ocrx_word' id='word_1_626' title='bbox 2904 2230 3153 2280; x_wconf 86' lang='lat' dir='ltr'><strong>barbara</strong></span> <span class='ocrx_word' id='word_1_627' title='bbox 3170 2229 3507 2288; x_wconf 86' lang='lat' dir='ltr'><strong>liberare,et</strong></span> <span class='ocrx_word' id='word_1_628' title='bbox 3530 2228 3602 2278; x_wconf 89' lang='lat' dir='ltr'><strong>ad</strong></span> <span class='ocrx_word' id='word_1_629' title='bbox 3620 2242 3706 2278; x_wconf 74' lang='lat' dir='ltr'><strong>re-</strong></span> 
     </span>
    </p>
   </div>
   <div class='ocr_carea' id='block_1_88' title="bbox 2089 2300 3707 2371">
    <p class='ocr_par' dir='ltr' id='par_1_88' title="bbox 2089 2300 3707 2371">
     <span class='ocr_line' id='line_1_88' title="bbox 2089 2300 3707 2371; baseline -0.009 -13"><span class='ocrx_word' id='word_1_630' title='bbox 2089 2309 2315 2371; x_wconf 90' lang='lat' dir='ltr'><strong>gionem</strong></span> <span class='ocrx_word' id='word_1_631' title='bbox 2330 2306 2573 2369; x_wconf 88' lang='lat' dir='ltr'><strong>patriam</strong></span> <span class='ocrx_word' id='word_1_632' title='bbox 2586 2313 2852 2354; x_wconf 89' lang='lat' dir='ltr'><strong>revocare</strong></span> <span class='ocrx_word' id='word_1_633' title='bbox 2866 2300 2958 2351; x_wconf 89' lang='lat' dir='ltr'><strong>dis</strong></span> <span class='ocrx_word' id='word_1_634' title='bbox 2966 2312 3174 2363; x_wconf 88' lang='lat' dir='ltr'><strong>ponam</strong></span> <span class='ocrx_word' id='word_1_635' title='bbox 3188 2304 3211 2348; x_wconf 74' lang='lat' dir='ltr'><strong><em>P</em></strong></span> <span class='ocrx_word' id='word_1_636' title='bbox 3224 2300 3463 2363; x_wconf 79' lang='lat' dir='ltr'><strong>Veniet,</strong></span> <span class='ocrx_word' id='word_1_637' title='bbox 3481 2302 3707 2371; x_wconf 63' lang='lat' dir='ltr'><strong>inquam,</strong></span> 
     </span>
    </p>
   </div>
   <div class='ocr_carea' id='block_1_89' title="bbox 2092 2370 3705 2441">
    <p class='ocr_par' dir='ltr' id='par_1_89' title="bbox 2092 2370 3705 2441">
     <span class='ocr_line' id='line_1_89' title="bbox 2092 2370 3705 2441; baseline -0.006 -13"><span class='ocrx_word' id='word_1_638' title='bbox 2092 2370 2319 2441; x_wconf 88' lang='lat' dir='ltr'><strong>tempus</strong></span> <span class='ocrx_word' id='word_1_639' title='bbox 2355 2379 2437 2436; x_wconf 91' lang='lat' dir='ltr'><strong>ut,</strong></span> <span class='ocrx_word' id='word_1_640' title='bbox 2472 2386 2565 2424; x_wconf 90' lang='lat' dir='ltr'><strong>me</strong></span> <span class='ocrx_word' id='word_1_641' title='bbox 2605 2371 2875 2424; x_wconf 64' lang='lat' dir='ltr'><strong>vindicta:</strong></span> <span class='ocrx_word' id='word_1_642' title='bbox 2921 2382 3153 2434; x_wconf 88' lang='lat' dir='ltr'><strong>operam</strong></span> <span class='ocrx_word' id='word_1_643' title='bbox 3201 2372 3579 2433; x_wconf 86' lang='lat' dir='ltr'><strong>capessente,</strong></span> <span class='ocrx_word' id='word_1_644' title='bbox 3610 2370 3705 2441; x_wconf 80' lang='lat' dir='ltr'><strong>ﬁlii</strong></span> 
     </span>
    </p>
   </div>
   <div class='ocr_carea' id='block_1_90' title="bbox 2089 2439 3705 2509">
    <p class='ocr_par' dir='ltr' id='par_1_90' title="bbox 2089 2439 3705 2509">
     <span class='ocr_line' id='line_1_90' title="bbox 2089 2439 3705 2509; baseline -0.006 -10"><span class='ocrx_word' id='word_1_645' title='bbox 2089 2439 2283 2509; x_wconf 85' lang='lat' dir='ltr'><strong>maris,</strong></span> <span class='ocrx_word' id='word_1_646' title='bbox 2311 2445 2609 2497; x_wconf 89' lang='lat' dir='ltr'><strong>hostilium</strong></span> <span class='ocrx_word' id='word_1_647' title='bbox 2642 2442 2908 2494; x_wconf 91' lang='lat' dir='ltr'><strong>videlicet</strong></span> <span class='ocrx_word' id='word_1_648' title='bbox 2953 2443 3123 2492; x_wconf 89' lang='lat' dir='ltr'><strong>turba</strong></span> <span class='ocrx_word' id='word_1_649' title='bbox 3167 2440 3510 2503; x_wconf 87' lang='lat' dir='ltr'><strong>nationum,</strong></span> <span class='ocrx_word' id='word_1_650' title='bbox 3558 2439 3705 2491; x_wconf 86' lang='lat' dir='ltr'><strong>haud</strong></span> 
     </span>
    </p>
   </div>
   <div class='ocr_carea' id='block_1_91' title="bbox 2087 2513 3708 2576">
    <p class='ocr_par' dir='ltr' id='par_1_91' title="bbox 2087 2513 3708 2576">
     <span class='ocr_line' id='line_1_91' title="bbox 2087 2513 3708 2576; baseline -0.008 -5"><span class='ocrx_word' id='word_1_651' title='bbox 2087 2519 2277 2571; x_wconf 90' lang='lat' dir='ltr'><strong>levius</strong></span> <span class='ocrx_word' id='word_1_652' title='bbox 2290 2520 2609 2567; x_wconf 88' lang='lat' dir='ltr'><strong>terreantur</strong></span> <span class='ocrx_word' id='word_1_653' title='bbox 2618 2519 2792 2576; x_wconf 90' lang='lat' dir='ltr'><strong>atque</strong></span> <span class='ocrx_word' id='word_1_654' title='bbox 2806 2513 3327 2576; x_wconf 68' lang='lat' dir='ltr'><strong>diiiugiant,quam</strong></span> <span class='ocrx_word' id='word_1_655' title='bbox 3343 2513 3609 2575; x_wconf 80' lang='lat' dir='ltr'><strong>gurgites</strong></span> <span class='ocrx_word' id='word_1_656' title='bbox 3620 2515 3708 2559; x_wconf 76' lang='lat' dir='ltr'><strong>Bn-</strong></span> 
     </span>
    </p>
   </div>
   <div class='ocr_carea' id='block_1_92' title="bbox 2088 2582 3700 2648">
    <p class='ocr_par' dir='ltr' id='par_1_92' title="bbox 2088 2582 3700 2648">
     <span class='ocr_line' id='line_1_92' title="bbox 2088 2582 3700 2648; baseline -0.005 -7"><span class='ocrx_word' id='word_1_657' title='bbox 2088 2592 2173 2641; x_wconf 88' lang='lat' dir='ltr'><strong>bri</strong></span> <span class='ocrx_word' id='word_1_658' title='bbox 2198 2589 2390 2648; x_wconf 84' lang='lat' dir='ltr'><strong>maris,</strong></span> <span class='ocrx_word' id='word_1_659' title='bbox 2417 2585 2591 2637; x_wconf 90' lang='lat' dir='ltr'><strong>Israel</strong></span> <span class='ocrx_word' id='word_1_660' title='bbox 2614 2587 2968 2645; x_wconf 85' lang='lat' dir='ltr'><strong>transeunte,</strong></span> <span class='ocrx_word' id='word_1_661' title='bbox 2997 2587 3136 2634; x_wconf 89' lang='lat' dir='ltr'><strong>sunt</strong></span> <span class='ocrx_word' id='word_1_662' title='bbox 3164 2583 3478 2633; x_wconf 57' lang='lat' dir='ltr'><strong>discissiz‘</strong></span> <span class='ocrx_word' id='word_1_663' title='bbox 3506 2582 3700 2633; x_wconf 83' lang='lat' dir='ltr'><strong>eadem</strong></span> 
     </span>
    </p>
   </div>
   <div class='ocr_carea' id='block_1_93' title="bbox 2084 2654 3699 2725">
    <p class='ocr_par' dir='ltr' id='par_1_93' title="bbox 2084 2654 3699 2725">
     <span class='ocr_line' id='line_1_93' title="bbox 2084 2654 3699 2725; baseline -0.002 -14"><span class='ocrx_word' id='word_1_664' title='bbox 2084 2659 2363 2725; x_wconf 86' lang='lat' dir='ltr'><strong>jussienis</strong></span> <span class='ocrx_word' id='word_1_665' title='bbox 2386 2656 2641 2721; x_wconf 84' lang='lat' dir='ltr'><strong>potentia</strong></span> <span class='ocrx_word' id='word_1_666' title='bbox 2659 2656 2720 2706; x_wconf 91' lang='lat' dir='ltr'><strong>in</strong></span> <span class='ocrx_word' id='word_1_667' title='bbox 2742 2655 3065 2725; x_wconf 85' lang='lat' dir='ltr'><strong>principem</strong></span> <span class='ocrx_word' id='word_1_668' title='bbox 3087 2654 3503 2725; x_wconf 72' lang='lat' dir='ltr'><strong>Egyptiorum</strong></span> <span class='ocrx_word' id='word_1_669' title='bbox 3527 2654 3699 2725; x_wconf 67' lang='lat' dir='ltr'><strong>reﬂui.</strong></span> 
     </span>
    </p>
   </div>
   <div class='ocr_carea' id='block_1_94' title="bbox 2091 2722 3697 2794">
    <p class='ocr_par' dir='ltr' id='par_1_94' title="bbox 2091 2722 3697 2794">
     <span class='ocr_line' id='line_1_94' title="bbox 2091 2722 3697 2794; baseline -0.007 -13"><span class='ocrx_word' id='word_1_670' title='bbox 2091 2722 2203 2794; x_wconf 84' lang='lat' dir='ltr'><strong>qua</strong></span> <span class='ocrx_word' id='word_1_671' title='bbox 2225 2730 2285 2780; x_wconf 91' lang='lat' dir='ltr'><strong>in</strong></span> <span class='ocrx_word' id='word_1_672' title='bbox 2309 2728 2557 2789; x_wconf 84' lang='lat' dir='ltr'><strong>salutem</strong></span> <span class='ocrx_word' id='word_1_673' title='bbox 2574 2726 2797 2789; x_wconf 90' lang='lat' dir='ltr'><strong>piorum</strong></span> <span class='ocrx_word' id='word_1_674' title='bbox 2812 2723 3049 2775; x_wconf 87' lang='lat' dir='ltr'><strong>fuerant</strong></span> <span class='ocrx_word' id='word_1_675' title='bbox 3067 2724 3241 2787; x_wconf 87' lang='lat' dir='ltr'><strong>paulo</strong></span> <span class='ocrx_word' id='word_1_676' title='bbox 3253 2729 3398 2775; x_wconf 87' lang='lat' dir='ltr'><strong>ante</strong></span> <span class='ocrx_word' id='word_1_677' title='bbox 3416 2722 3697 2787; x_wconf 83' lang='lat' dir='ltr'><strong>suspensi.</strong></span> 
     </span>
    </p>
   </div>
   <div class='ocr_carea' id='block_1_95' title="bbox 2091 2794 3702 2861">
    <p class='ocr_par' dir='ltr' id='par_1_95' title="bbox 2091 2794 3702 2861">
     <span class='ocr_line' id='line_1_95' title="bbox 2091 2794 3702 2861; baseline -0.006 -8"><span class='ocrx_word' id='word_1_678' title='bbox 2091 2803 2231 2853; x_wconf 90' lang='lat' dir='ltr'><strong>Tam</strong></span> <span class='ocrx_word' id='word_1_679' title='bbox 2247 2799 2423 2861; x_wconf 81' lang='lat' dir='ltr'><strong>igitur</strong></span> <span class='ocrx_word' id='word_1_680' title='bbox 2433 2811 2506 2849; x_wconf 86' lang='lat' dir='ltr'><strong>ex</strong></span> <span class='ocrx_word' id='word_1_681' title='bbox 2521 2799 2662 2860; x_wconf 72' lang='lat' dir='ltr'><strong>Egy</strong></span> <span class='ocrx_word' id='word_1_682' title='bbox 2672 2800 2786 2859; x_wconf 89' lang='lat' dir='ltr'><strong>pto,</strong></span> <span class='ocrx_word' id='word_1_683' title='bbox 2811 2807 2928 2858; x_wconf 91' lang='lat' dir='ltr'><strong>quo</strong></span> <span class='ocrx_word' id='word_1_684' title='bbox 2947 2800 3080 2858; x_wconf 89' lang='lat' dir='ltr'><strong>post</strong></span> <span class='ocrx_word' id='word_1_685' title='bbox 3097 2794 3499 2858; x_wconf 82' lang='lat' dir='ltr'><strong>Babylonium</strong></span> <span class='ocrx_word' id='word_1_686' title='bbox 3511 2795 3702 2845; x_wconf 85' lang='lat' dir='ltr'><strong>trium-</strong></span> 
     </span>
    </p>
   </div>
   <div class='ocr_carea' id='block_1_96' title="bbox 2089 2865 3700 2937">
    <p class='ocr_par' dir='ltr' id='par_1_96' title="bbox 2089 2865 3700 2937">
     <span class='ocr_line' id='line_1_96' title="bbox 2089 2865 3700 2937; baseline -0.007 -14"><span class='ocrx_word' id='word_1_687' title='bbox 2089 2872 2265 2937; x_wconf 89' lang='lat' dir='ltr'><strong>phum</strong></span> <span class='ocrx_word' id='word_1_688' title='bbox 2285 2868 2557 2921; x_wconf 72' lang='lat' dir='ltr'><strong>lsraelitte</strong></span> <span class='ocrx_word' id='word_1_689' title='bbox 2581 2865 2983 2928; x_wconf 84' lang='lat' dir='ltr'><strong>confugerant,</strong></span> <span class='ocrx_word' id='word_1_690' title='bbox 3007 2878 3187 2937; x_wconf 86' lang='lat' dir='ltr'><strong>quam</strong></span> <span class='ocrx_word' id='word_1_691' title='bbox 3203 2865 3278 2917; x_wconf 87' lang='lat' dir='ltr'><strong>de</strong></span> <span class='ocrx_word' id='word_1_692' title='bbox 3291 2868 3619 2937; x_wconf 66' lang='lat' dir='ltr'><strong>Assyriorum</strong></span> <span class='ocrx_word' id='word_1_693' title='bbox 3633 2880 3700 2912; x_wconf 82' lang='lat' dir='ltr'><strong>re-</strong></span> 
     </span>
    </p>
   </div>
   <div class='ocr_carea' id='block_1_97' title="bbox 2091 2936 3698 3007">
    <p class='ocr_par' dir='ltr' id='par_1_97' title="bbox 2091 2936 3698 3007">
     <span class='ocr_line' id='line_1_97' title="bbox 2091 2936 3698 3007; baseline -0.005 -15"><span class='ocrx_word' id='word_1_694' title='bbox 2091 2936 2280 3007; x_wconf 76' lang='lat' dir='ltr'><strong>gione,</strong></span> <span class='ocrx_word' id='word_1_695' title='bbox 2297 2951 2413 3003; x_wconf 91' lang='lat' dir='ltr'><strong>quo</strong></span> <span class='ocrx_word' id='word_1_696' title='bbox 2431 2950 2532 2990; x_wconf 90' lang='lat' dir='ltr'><strong>eos</strong></span> <span class='ocrx_word' id='word_1_697' title='bbox 2547 2937 2933 2991; x_wconf 88' lang='lat' dir='ltr'><strong>Sennacberib</strong></span> <span class='ocrx_word' id='word_1_698' title='bbox 2959 2936 3309 3007; x_wconf 81' lang='lat' dir='ltr'><strong>adduxerat,</strong></span> <span class='ocrx_word' id='word_1_699' title='bbox 3328 2936 3505 3007; x_wconf 85' lang='lat' dir='ltr'><strong>quasi</strong></span> <span class='ocrx_word' id='word_1_700' title='bbox 3520 2938 3698 3007; x_wconf 52' lang='lat' dir='ltr'><strong>colum.</strong></span> 
     </span>
    </p>
   </div>
   <div class='ocr_carea' id='block_1_98' title="bbox 2096 3005 3699 3074">
    <p class='ocr_par' dir='ltr' id='par_1_98' title="bbox 2096 3005 3699 3074">
     <span class='ocr_line' id='line_1_98' title="bbox 2096 3005 3699 3074; baseline -0.005 -10"><span class='ocrx_word' id='word_1_701' title='bbox 2096 3005 2300 3064; x_wconf 82' lang='lat' dir='ltr'><strong>barum</strong></span> <span class='ocrx_word' id='word_1_702' title='bbox 2321 3009 2550 3074; x_wconf 85' lang='lat' dir='ltr'><strong>agmina</strong></span> <span class='ocrx_word' id='word_1_703' title='bbox 2573 3009 2947 3067; x_wconf 83' lang='lat' dir='ltr'><strong>revertentes,</strong></span> <span class='ocrx_word' id='word_1_704' title='bbox 2981 3006 3155 3057; x_wconf 89' lang='lat' dir='ltr'><strong>nidos</strong></span> <span class='ocrx_word' id='word_1_705' title='bbox 3191 3006 3505 3070; x_wconf 86' lang='lat' dir='ltr'><strong>pristinos,</strong></span> <span class='ocrx_word' id='word_1_706' title='bbox 3527 3005 3699 3057; x_wconf 84' lang='lat' dir='ltr'><strong>avitas</strong></span> 
     </span>
    </p>
   </div>
   <div class='ocr_carea' id='block_1_99' title="bbox 2093 3077 3697 3144">
    <p class='ocr_par' dir='ltr' id='par_1_99' title="bbox 2093 3077 3697 3144">
     <span class='ocr_line' id='line_1_99' title="bbox 2093 3077 3697 3144; baseline -0.007 -8"><span class='ocrx_word' id='word_1_707' title='bbox 2093 3083 2356 3136; x_wconf 86' lang='lat' dir='ltr'><strong>videlicet</strong></span> <span class='ocrx_word' id='word_1_708' title='bbox 2382 3080 2663 3144; x_wconf 84' lang='lat' dir='ltr'><strong>regiones,</strong></span> <span class='ocrx_word' id='word_1_709' title='bbox 2701 3077 2893 3129; x_wconf 88' lang='lat' dir='ltr'><strong>stabili</strong></span> <span class='ocrx_word' id='word_1_710' title='bbox 2922 3078 3289 3129; x_wconf 87' lang='lat' dir='ltr'><strong>habitatione</strong></span> <span class='ocrx_word' id='word_1_711' title='bbox 3314 3077 3697 3140; x_wconf 81' lang='lat' dir='ltr'><strong>complebunt.</strong></span> 
     </span>
    </p>
   </div>
   <div class='ocr_carea' id='block_1_100' title="bbox 2159 3145 3700 3211">
    <p class='ocr_par' dir='ltr' id='par_1_100' title="bbox 2159 3145 3700 3211">
     <span class='ocr_line' id='line_1_100' title="bbox 2159 3145 3700 3211; baseline -0.005 -8"><span class='ocrx_word' id='word_1_712' title='bbox 2159 3155 2322 3206; x_wconf 87' lang='lat' dir='ltr'><strong>Vers.</strong></span> <span class='ocrx_word' id='word_1_713' title='bbox 2365 3149 2450 3205; x_wconf 79' lang='lat'><strong>1‘2.</strong></span> <span class='ocrx_word' id='word_1_714' title='bbox 2480 3178 2537 3187; x_wconf 92' lang='lat'><strong>—</strong></span> <span class='ocrx_word' id='word_1_715' title='bbox 2573 3148 2938 3200; x_wconf 82' lang='lat' dir='ltr'><strong>Circumdedit</strong></span> <span class='ocrx_word' id='word_1_716' title='bbox 2974 3162 3061 3196; x_wconf 87' lang='lat' dir='ltr'><strong>me</strong></span> <span class='ocrx_word' id='word_1_717' title='bbox 3086 3148 3182 3197; x_wconf 70' lang='lat' dir='ltr'><strong>in&#39;</strong></span> <span class='ocrx_word' id='word_1_718' title='bbox 3222 3148 3605 3211; x_wconf 80' lang='lat' dir='ltr'><strong>negociatione</strong></span> <span class='ocrx_word' id='word_1_719' title='bbox 3619 3145 3700 3208; x_wconf 79' lang='lat' dir='ltr'><strong>Ef-</strong></span> 
     </span>
    </p>
   </div>
   <div class='ocr_carea' id='block_1_101' title="bbox 2100 3376 3700 3445">
    <p class='ocr_par' dir='ltr' id='par_1_101' title="bbox 2100 3376 3700 3445">
     <span class='ocr_line' id='line_1_101' title="bbox 2100 3376 3700 3445; baseline -0.004 -10"><span class='ocrx_word' id='word_1_720' title='bbox 2100 3380 2595 3445; x_wconf 73' lang='lat' dir='ltr'><strong>Quaestionibusin</strong></span> <span class='ocrx_word' id='word_1_721' title='bbox 2609 3377 2859 3431; x_wconf 85' lang='lat' dir='ltr'><strong>Genesin</strong></span> <span class='ocrx_word' id='word_1_722' title='bbox 2880 3389 3003 3442; x_wconf 87' lang='lat' dir='ltr'><strong>cap.</strong></span> <span class='ocrx_word' id='word_1_723' title='bbox 3032 3376 3119 3433; x_wconf 92' lang='lat'><strong>10.</strong></span> <span class='ocrx_word' id='word_1_724' title='bbox 3146 3379 3340 3442; x_wconf 90' lang='lat' dir='ltr'><strong>potuit</strong></span> <span class='ocrx_word' id='word_1_725' title='bbox 3362 3379 3700 3442; x_wconf 85' lang='lat' dir='ltr'><strong>quicumque</strong></span> 
     </span>
    </p>
   </div>
   <div class='ocr_carea' id='block_1_102' title="bbox 2098 3450 3699 3513">
    <p class='ocr_par' dir='ltr' id='par_1_102' title="bbox 2098 3450 3699 3513">
     <span class='ocr_line' id='line_1_102' title="bbox 2098 3450 3699 3513; baseline -0.004 -8"><span class='ocrx_word' id='word_1_726' title='bbox 2098 3455 2191 3505; x_wconf 91' lang='lat' dir='ltr'><strong>ille</strong></span> <span class='ocrx_word' id='word_1_727' title='bbox 2206 3453 2313 3504; x_wconf 80' lang='lat' dir='ltr'><strong>fuit</strong></span> <span class='ocrx_word' id='word_1_728' title='bbox 2333 3457 2501 3504; x_wconf 87' lang='lat' dir='ltr'><strong>vetus</strong></span> <span class='ocrx_word' id='word_1_729' title='bbox 2525 3450 2955 3501; x_wconf 89' lang='lat' dir='ltr'><strong>consarcinator</strong></span> <span class='ocrx_word' id='word_1_730' title='bbox 2978 3462 3209 3513; x_wconf 89' lang='lat' dir='ltr'><strong>pannos</strong></span> <span class='ocrx_word' id='word_1_731' title='bbox 3225 3452 3513 3501; x_wconf 87' lang='lat' dir='ltr'><strong>mutuari.</strong></span> <span class='ocrx_word' id='word_1_732' title='bbox 3530 3451 3633 3502; x_wconf 84' lang='lat' dir='ltr'><strong>Sed</strong></span> <span class='ocrx_word' id='word_1_733' title='bbox 3647 3455 3699 3499; x_wconf 88' lang='lat' dir='ltr'><strong>ut</strong></span> 
     </span>
    </p>
   </div>
   <div class='ocr_carea' id='block_1_103' title="bbox 2100 3520 3697 3584">
    <p class='ocr_par' dir='ltr' id='par_1_103' title="bbox 2100 3520 3697 3584">
     <span class='ocr_line' id='line_1_103' title="bbox 2100 3520 3697 3584; baseline -0.004 -8"><span class='ocrx_word' id='word_1_734' title='bbox 2100 3528 2165 3576; x_wconf 91' lang='lat' dir='ltr'><strong>ut</strong></span> <span class='ocrx_word' id='word_1_735' title='bbox 2192 3524 2534 3575; x_wconf 88' lang='lat' dir='ltr'><strong>habueritse</strong></span> <span class='ocrx_word' id='word_1_736' title='bbox 2545 3534 2655 3584; x_wconf 87' lang='lat' dir='ltr'><strong>res,</strong></span> <span class='ocrx_word' id='word_1_737' title='bbox 2673 3520 2813 3572; x_wconf 90' lang='lat' dir='ltr'><strong>illud</strong></span> <span class='ocrx_word' id='word_1_738' title='bbox 2835 3525 3037 3571; x_wconf 90' lang='lat' dir='ltr'><strong>movet</strong></span> <span class='ocrx_word' id='word_1_739' title='bbox 3054 3533 3149 3571; x_wconf 89' lang='lat' dir='ltr'><strong>me</strong></span> <span class='ocrx_word' id='word_1_740' title='bbox 3173 3522 3388 3584; x_wconf 85' lang='lat' dir='ltr'><strong>magis,</strong></span> <span class='ocrx_word' id='word_1_741' title='bbox 3403 3522 3561 3584; x_wconf 90' lang='lat' dir='ltr'><strong>quod</strong></span> <span class='ocrx_word' id='word_1_742' title='bbox 3583 3522 3697 3572; x_wconf 88' lang='lat' dir='ltr'><strong>sub-</strong></span> 
     </span>
    </p>
   </div>
   <div class='ocr_carea' id='block_1_104' title="bbox 2100 3590 3698 3655">
    <p class='ocr_par' dir='ltr' id='par_1_104' title="bbox 2100 3590 3698 3655">
     <span class='ocr_line' id='line_1_104' title="bbox 2100 3590 3698 3655; baseline -0.005 -9"><span class='ocrx_word' id='word_1_743' title='bbox 2100 3595 2185 3646; x_wconf 86' lang='lat' dir='ltr'><strong>dit</strong></span> <span class='ocrx_word' id='word_1_744' title='bbox 2208 3596 2432 3652; x_wconf 85' lang='lat' dir='ltr'><strong>Noster,</strong></span> <span class='ocrx_word' id='word_1_745' title='bbox 2458 3604 2589 3643; x_wconf 87' lang='lat' dir='ltr'><strong>eum</strong></span> <span class='ocrx_word' id='word_1_746' title='bbox 2613 3590 3021 3655; x_wconf 62' lang='lat' dir='ltr'><strong>explanationis</strong></span> <span class='ocrx_word' id='word_1_747' title='bbox 3048 3590 3282 3639; x_wconf 83' lang='lat' dir='ltr'><strong>colorem</strong></span> <span class='ocrx_word' id='word_1_748' title='bbox 3304 3606 3435 3639; x_wconf 82' lang='lat' dir='ltr'><strong>cum</strong></span> <span class='ocrx_word' id='word_1_749' title='bbox 3460 3592 3698 3639; x_wconf 73' lang='lat' dir='ltr'><strong>irrisione</strong></span> 
     </span>
    </p>
   </div>
   <div class='ocr_carea' id='block_1_105' title="bbox 2100 3660 3699 3729">
    <p class='ocr_par' dir='ltr' id='par_1_105' title="bbox 2100 3660 3699 3729">
     <span class='ocr_line' id='line_1_105' title="bbox 2100 3660 3699 3729; baseline -0.003 -13"><span class='ocrx_word' id='word_1_750' title='bbox 2100 3664 2523 3729; x_wconf 89' lang='lat' dir='ltr'><strong>excipiendum.</strong></span> <span class='ocrx_word' id='word_1_751' title='bbox 2550 3663 2680 3715; x_wconf 88' lang='lat' dir='ltr'><strong>Sive</strong></span> <span class='ocrx_word' id='word_1_752' title='bbox 2703 3661 2853 3712; x_wconf 91' lang='lat' dir='ltr'><strong>enim</strong></span> <span class='ocrx_word' id='word_1_753' title='bbox 2878 3660 3056 3712; x_wconf 84' lang='lat' dir='ltr'><strong>fuerit</strong></span> <span class='ocrx_word' id='word_1_754' title='bbox 3077 3674 3281 3713; x_wconf 87' lang='lat' dir='ltr'><strong>revera</strong></span> <span class='ocrx_word' id='word_1_755' title='bbox 3310 3662 3411 3712; x_wconf 89' lang='lat' dir='ltr'><strong>illa</strong></span> <span class='ocrx_word' id='word_1_756' title='bbox 3435 3662 3699 3724; x_wconf 82' lang='lat' dir='ltr'><strong>Hierony-</strong></span> 
     </span>
    </p>
   </div>
   <div class='ocr_carea' id='block_1_106' title="bbox 2101 3731 3698 3798">
    <p class='ocr_par' dir='ltr' id='par_1_106' title="bbox 2101 3731 3698 3798">
     <span class='ocr_line' id='line_1_106' title="bbox 2101 3731 3698 3798; baseline -0.004 -10"><span class='ocrx_word' id='word_1_757' title='bbox 2101 3737 2277 3788; x_wconf 91' lang='lat' dir='ltr'><strong>miani</strong></span> <span class='ocrx_word' id='word_1_758' title='bbox 2299 3734 2640 3798; x_wconf 84' lang='lat' dir='ltr'><strong>exemplaris</strong></span> <span class='ocrx_word' id='word_1_759' title='bbox 2668 3731 3048 3795; x_wconf 87' lang='lat' dir='ltr'><strong>interpolatio,</strong></span> <span class='ocrx_word' id='word_1_760' title='bbox 3081 3733 3209 3783; x_wconf 88' lang='lat' dir='ltr'><strong>sive</strong></span> <span class='ocrx_word' id='word_1_761' title='bbox 3224 3744 3345 3783; x_wconf 90' lang='lat' dir='ltr'><strong>non</strong></span> <span class='ocrx_word' id='word_1_762' title='bbox 3370 3740 3566 3783; x_wconf 86' lang='lat' dir='ltr'><strong>certus</strong></span> <span class='ocrx_word' id='word_1_763' title='bbox 3584 3734 3698 3796; x_wconf 86' lang='lat' dir='ltr'><strong>ejus</strong></span> 
     </span>
    </p>
   </div>
   <div class='ocr_carea' id='block_1_107' title="bbox 2100 3803 3701 3867">
    <p class='ocr_par' dir='ltr' id='par_1_107' title="bbox 2100 3803 3701 3867">
     <span class='ocr_line' id='line_1_107' title="bbox 2100 3803 3701 3867; baseline -0.002 -8"><span class='ocrx_word' id='word_1_764' title='bbox 2100 3807 2350 3859; x_wconf 89' lang='lat' dir='ltr'><strong>nominis</strong></span> <span class='ocrx_word' id='word_1_765' title='bbox 2379 3808 2705 3857; x_wconf 89' lang='lat' dir='ltr'><strong>contemtus</strong></span> <span class='ocrx_word' id='word_1_766' title='bbox 2721 3807 2825 3862; x_wconf 88' lang='lat' dir='ltr'><strong>est,</strong></span> <span class='ocrx_word' id='word_1_767' title='bbox 2852 3807 3028 3865; x_wconf 90' lang='lat' dir='ltr'><strong>atque</strong></span> <span class='ocrx_word' id='word_1_768' title='bbox 3051 3803 3282 3867; x_wconf 88' lang='lat' dir='ltr'><strong>injuria,</strong></span> <span class='ocrx_word' id='word_1_769' title='bbox 3302 3816 3483 3866; x_wconf 90' lang='lat' dir='ltr'><strong>quam</strong></span> <span class='ocrx_word' id='word_1_770' title='bbox 3510 3804 3701 3855; x_wconf 78' lang='lat' dir='ltr'><strong>inferre</strong></span> 
     </span>
    </p>
   </div>
   <div class='ocr_carea' id='block_1_108' title="bbox 2101 3873 3699 3936">
    <p class='ocr_par' dir='ltr' id='par_1_108' title="bbox 2101 3873 3699 3936">
     <span class='ocr_line' id='line_1_108' title="bbox 2101 3873 3699 3936; baseline -0.005 -7"><span class='ocrx_word' id='word_1_771' title='bbox 2101 3879 2183 3929; x_wconf 90' lang='lat' dir='ltr'><strong>illi</strong></span> <span class='ocrx_word' id='word_1_772' title='bbox 2207 3890 2321 3928; x_wconf 92' lang='lat' dir='ltr'><strong>non</strong></span> <span class='ocrx_word' id='word_1_773' title='bbox 2332 3877 2444 3927; x_wconf 91' lang='lat' dir='ltr'><strong>nisi</strong></span> <span class='ocrx_word' id='word_1_774' title='bbox 2462 3875 2731 3926; x_wconf 88' lang='lat' dir='ltr'><strong>inimicus</strong></span> <span class='ocrx_word' id='word_1_775' title='bbox 2744 3873 2973 3925; x_wconf 88' lang='lat' dir='ltr'><strong>videtur</strong></span> <span class='ocrx_word' id='word_1_776' title='bbox 2988 3875 3273 3936; x_wconf 88' lang='lat' dir='ltr'><strong>potuisse.</strong></span> <span class='ocrx_word' id='word_1_777' title='bbox 3296 3876 3498 3926; x_wconf 83' lang='lat' dir='ltr'><strong>Fuerit</strong></span> <span class='ocrx_word' id='word_1_778' title='bbox 3509 3891 3640 3934; x_wconf 76' lang='lat' dir='ltr'><strong>ergo,</strong></span> <span class='ocrx_word' id='word_1_779' title='bbox 3655 3882 3699 3921; x_wconf 85' lang='lat' dir='ltr'><strong>ut</strong></span> 
     </span>
    </p>
   </div>
   <div class='ocr_carea' id='block_1_109' title="bbox 2103 3945 3697 4011">
    <p class='ocr_par' dir='ltr' id='par_1_109' title="bbox 2103 3945 3697 4011">
     <span class='ocr_line' id='line_1_109' title="bbox 2103 3945 3697 4011; baseline -0.004 -12"><span class='ocrx_word' id='word_1_780' title='bbox 2103 3947 2275 4011; x_wconf 88' lang='lat' dir='ltr'><strong>vulgo</strong></span> <span class='ocrx_word' id='word_1_781' title='bbox 2292 3947 2555 4007; x_wconf 83' lang='lat' dir='ltr'><strong>creditur,</strong></span> <span class='ocrx_word' id='word_1_782' title='bbox 2574 3946 2751 4008; x_wconf 89' lang='lat' dir='ltr'><strong>hujus</strong></span> <span class='ocrx_word' id='word_1_783' title='bbox 2776 3945 3186 3995; x_wconf 85' lang='lat' dir='ltr'><strong>Commentarii</strong></span> <span class='ocrx_word' id='word_1_784' title='bbox 3217 3946 3697 3997; x_wconf 80' lang='lat' dir='ltr'><strong>AuctorRul‘mus.</strong></span> 
     </span>
    </p>
   </div>
   <div class='ocr_carea' id='block_1_110' title="bbox 2103 4014 3578 4082">
    <p class='ocr_par' dir='ltr' id='par_1_110' title="bbox 2103 4014 3578 4082">
     <span class='ocr_line' id='line_1_110' title="bbox 2103 4014 3578 4082; baseline -0.003 -12"><span class='ocrx_word' id='word_1_785' title='bbox 2103 4019 2203 4082; x_wconf 92' lang='lat' dir='ltr'><strong>qui</strong></span> <span class='ocrx_word' id='word_1_786' title='bbox 2225 4017 2601 4080; x_wconf 89' lang='lat' dir='ltr'><strong>gravissimas</strong></span> <span class='ocrx_word' id='word_1_787' title='bbox 2622 4016 2679 4065; x_wconf 87' lang='lat' dir='ltr'><strong>in</strong></span> <span class='ocrx_word' id='word_1_788' title='bbox 2703 4027 2833 4065; x_wconf 89' lang='lat' dir='ltr'><strong>eum</strong></span> <span class='ocrx_word' id='word_1_789' title='bbox 2858 4014 3196 4065; x_wconf 85' lang='lat' dir='ltr'><strong>inimicitias</strong></span> <span class='ocrx_word' id='word_1_790' title='bbox 3214 4017 3532 4067; x_wconf 85' lang='lat' dir='ltr'><strong>exercebat</strong></span> <span class='ocrx_word' id='word_1_791' title='bbox 3553 4021 3578 4065; x_wconf 78' lang='grc' dir='ltr'><em>ξ’</em></span> 
     </span>
    </p>
   </div>
   <div class='ocr_carea' id='block_1_111' title="bbox 2165 4084 3697 4151">
    <p class='ocr_par' dir='ltr' id='par_1_111' title="bbox 2165 4084 3697 4151">
     <span class='ocr_line' id='line_1_111' title="bbox 2165 4084 3697 4151; baseline -0.002 -12"><span class='ocrx_word' id='word_1_792' title='bbox 2165 4090 2185 4118; x_wconf 72' lang='grc' dir='ltr'>δ</span> <span class='ocrx_word' id='word_1_793' title='bbox 2211 4091 2333 4139; x_wconf 88' lang='lat' dir='ltr'><strong>Non</strong></span> <span class='ocrx_word' id='word_1_794' title='bbox 2361 4086 2755 4138; x_wconf 87' lang='lat' dir='ltr'><strong>dubitavimus</strong></span> <span class='ocrx_word' id='word_1_795' title='bbox 2787 4084 2976 4133; x_wconf 80' lang='lat' dir='ltr'><strong>eadem</strong></span> <span class='ocrx_word' id='word_1_796' title='bbox 3003 4087 3321 4138; x_wconf 85' lang='lat' dir='ltr'><strong>rescribere</strong></span> <span class='ocrx_word' id='word_1_797' title='bbox 3346 4100 3447 4151; x_wconf 91' lang='lat' dir='ltr'><strong>pro</strong></span> <span class='ocrx_word' id='word_1_798' title='bbox 3473 4098 3589 4150; x_wconf 90' lang='lat' dir='ltr'><strong>quo</strong></span> <span class='ocrx_word' id='word_1_799' title='bbox 3610 4097 3697 4136; x_wconf 84' lang='lat' dir='ltr'><strong>an-</strong></span> 
     </span>
    </p>
   </div>
   <div class='ocr_carea' id='block_1_112' title="bbox 2106 4156 3698 4220">
    <p class='ocr_par' dir='ltr' id='par_1_112' title="bbox 2106 4156 3698 4220">
     <span class='ocr_line' id='line_1_112' title="bbox 2106 4156 3698 4220; baseline -0.002 -9"><span class='ocrx_word' id='word_1_800' title='bbox 2106 4166 2195 4212; x_wconf 89' lang='lat' dir='ltr'><strong>tea</strong></span> <span class='ocrx_word' id='word_1_801' title='bbox 2217 4158 2478 4208; x_wconf 85' lang='lat' dir='ltr'><strong>Davidem</strong></span> <span class='ocrx_word' id='word_1_802' title='bbox 2501 4156 2813 4220; x_wconf 88' lang='lat' dir='ltr'><strong>legebatur.</strong></span> <span class='ocrx_word' id='word_1_803' title='bbox 2836 4158 2953 4207; x_wconf 87' lang='lat' dir='ltr'><strong>Nec</strong></span> <span class='ocrx_word' id='word_1_804' title='bbox 2980 4169 3126 4208; x_wconf 76' lang='lat' dir='ltr'><strong>sane</strong></span> <span class='ocrx_word' id='word_1_805' title='bbox 3152 4162 3271 4207; x_wconf 84' lang='lat' dir='ltr'><strong>tam</strong></span> <span class='ocrx_word' id='word_1_806' title='bbox 3295 4170 3507 4209; x_wconf 89' lang='lat' dir='ltr'><strong>sumus</strong></span> <span class='ocrx_word' id='word_1_807' title='bbox 3531 4157 3601 4207; x_wconf 86' lang='lat' dir='ltr'><strong>de</strong></span> <span class='ocrx_word' id='word_1_808' title='bbox 3623 4168 3698 4208; x_wconf 84' lang='lat' dir='ltr'><strong>re-</strong></span> 
     </span>
    </p>
   </div>
   <div class='ocr_carea' id='block_1_113' title="bbox 2103 4227 3695 4295">
    <p class='ocr_par' dir='ltr' id='par_1_113' title="bbox 2103 4227 3695 4295">
     <span class='ocr_line' id='line_1_113' title="bbox 2103 4227 3695 4295; baseline -0.004 -14"><span class='ocrx_word' id='word_1_809' title='bbox 2103 4230 2287 4295; x_wconf 86' lang='lat' dir='ltr'><strong>posita</strong></span> <span class='ocrx_word' id='word_1_810' title='bbox 2308 4241 2441 4280; x_wconf 88' lang='lat' dir='ltr'><strong>vera</strong></span> <span class='ocrx_word' id='word_1_811' title='bbox 2454 4227 2697 4279; x_wconf 89' lang='lat' dir='ltr'><strong>lectione</strong></span> <span class='ocrx_word' id='word_1_812' title='bbox 2709 4227 2866 4291; x_wconf 87' lang='lat' dir='ltr'><strong>certi,</strong></span> <span class='ocrx_word' id='word_1_813' title='bbox 2882 4239 3062 4290; x_wconf 88' lang='lat' dir='ltr'><strong>quam</strong></span> <span class='ocrx_word' id='word_1_814' title='bbox 3080 4229 3365 4281; x_wconf 82' lang='lat' dir='ltr'><strong>miramur</strong></span> <span class='ocrx_word' id='word_1_815' title='bbox 3381 4230 3695 4277; x_wconf 81' lang='lat' dir='ltr'><strong>tandiuillam</strong></span> 
     </span>
    </p>
   </div>
   <div class='ocr_carea' id='block_1_114' title="bbox 2102 4298 3270 4363">
    <p class='ocr_par' dir='ltr' id='par_1_114' title="bbox 2102 4298 3270 4363">
     <span class='ocr_line' id='line_1_114' title="bbox 2102 4298 3270 4363; baseline -0.003 -10"><span class='ocrx_word' id='word_1_816' title='bbox 2102 4302 2355 4353; x_wconf 89' lang='lat' dir='ltr'><strong>obtinere</strong></span> <span class='ocrx_word' id='word_1_817' title='bbox 2380 4300 2656 4363; x_wconf 87' lang='lat' dir='ltr'><strong>potuisse,</strong></span> <span class='ocrx_word' id='word_1_818' title='bbox 2681 4310 2853 4361; x_wconf 88' lang='lat' dir='ltr'><strong>quam</strong></span> <span class='ocrx_word' id='word_1_819' title='bbox 2879 4298 3270 4360; x_wconf 86' lang='lat' dir='ltr'><strong>explodimus.</strong></span> 
     </span>
    </p>
   </div>
   <div class='ocr_carea' id='block_1_115' title="bbox 2165 4368 3696 4433">
    <p class='ocr_par' dir='ltr' id='par_1_115' title="bbox 2165 4368 3696 4433">
     <span class='ocr_line' id='line_1_115' title="bbox 2165 4368 3696 4433; baseline -0.003 -11"><span class='ocrx_word' id='word_1_820' title='bbox 2165 4382 2184 4401; x_wconf 73' lang='grc' dir='ltr'>α</span> <span class='ocrx_word' id='word_1_821' title='bbox 2207 4373 2407 4433; x_wconf 86' lang='lat' dir='ltr'><strong>Neque</strong></span> <span class='ocrx_word' id='word_1_822' title='bbox 2424 4369 2650 4421; x_wconf 89' lang='lat' dir='ltr'><strong>estheic</strong></span> <span class='ocrx_word' id='word_1_823' title='bbox 2670 4368 2928 4426; x_wconf 89' lang='lat' dir='ltr'><strong>dubium,</strong></span> <span class='ocrx_word' id='word_1_824' title='bbox 2948 4368 3094 4431; x_wconf 89' lang='lat' dir='ltr'><strong>quin</strong></span> <span class='ocrx_word' id='word_1_825' title='bbox 3114 4371 3401 4433; x_wconf 74' lang='lat' dir='ltr'><strong>negatione</strong></span> <span class='ocrx_word' id='word_1_826' title='bbox 3434 4382 3537 4433; x_wconf 89' lang='lat' dir='ltr'><strong>pro</strong></span> <span class='ocrx_word' id='word_1_827' title='bbox 3560 4381 3696 4432; x_wconf 82' lang='lat' dir='ltr'><strong>nego-</strong></span> 
     </span>
    </p>
   </div>
   <div class='ocr_carea' id='block_1_116' title="bbox 2102 4439 3697 4504">
    <p class='ocr_par' dir='ltr' id='par_1_116' title="bbox 2102 4439 3697 4504">
     <span class='ocr_line' id='line_1_116' title="bbox 2102 4439 3697 4504; baseline -0.001 -14"><span class='ocrx_word' id='word_1_828' title='bbox 2102 4442 2324 4491; x_wconf 87' lang='lat' dir='ltr'><strong>tiatione</strong></span> <span class='ocrx_word' id='word_1_829' title='bbox 2335 4441 2645 4504; x_wconf 88' lang='lat' dir='ltr'><strong>legendum</strong></span> <span class='ocrx_word' id='word_1_830' title='bbox 2659 4440 2703 4490; x_wconf 88' lang='lat' dir='ltr'>si</span> <span class='ocrx_word' id='word_1_831' title='bbox 2713 4440 2893 4490; x_wconf 88' lang='lat' dir='ltr'><strong>t.Eam</strong></span> <span class='ocrx_word' id='word_1_832' title='bbox 2905 4439 3219 4492; x_wconf 88' lang='lat' dir='ltr'><strong>lectionem</strong></span> <span class='ocrx_word' id='word_1_833' title='bbox 3230 4441 3359 4492; x_wconf 88' lang='lat' dir='ltr'><strong>libri</strong></span> <span class='ocrx_word' id='word_1_834' title='bbox 3371 4453 3578 4492; x_wconf 89' lang='lat' dir='ltr'><strong>omnes</strong></span> <span class='ocrx_word' id='word_1_835' title='bbox 3588 4455 3697 4501; x_wconf 74' lang='lat' dir='ltr'><strong>prae-</strong></span> 
     </span>
    </p>
   </div>
   <div class='ocr_carea' id='block_1_117' title="bbox 2101 4510 3694 4575">
    <p class='ocr_par' dir='ltr' id='par_1_117' title="bbox 2101 4510 3694 4575">
     <span class='ocr_line' id='line_1_117' title="bbox 2101 4510 3694 4575; baseline 0.001 -15"><span class='ocrx_word' id='word_1_836' title='bbox 2101 4515 2305 4574; x_wconf 80' lang='lat' dir='ltr'><strong>ferunt,</strong></span> <span class='ocrx_word' id='word_1_837' title='bbox 2342 4517 2398 4562; x_wconf 90' lang='lat' dir='ltr'><strong>et</strong></span> <span class='ocrx_word' id='word_1_838' title='bbox 2426 4510 2602 4574; x_wconf 69' lang='lat' dir='ltr'><strong>quem</strong></span> <span class='ocrx_word' id='word_1_839' title='bbox 2634 4510 2797 4573; x_wconf 90' lang='lat' dir='ltr'><strong>sequi</strong></span> <span class='ocrx_word' id='word_1_840' title='bbox 2828 4511 3037 4561; x_wconf 88' lang='lat' dir='ltr'><strong>Noster</strong></span> <span class='ocrx_word' id='word_1_841' title='bbox 3061 4524 3125 4562; x_wconf 90' lang='lat' dir='ltr'><strong>se</strong></span> <span class='ocrx_word' id='word_1_842' title='bbox 3150 4512 3472 4575; x_wconf 76' lang='lat' dir='ltr'><strong>proﬁtetur,</strong></span> <span class='ocrx_word' id='word_1_843' title='bbox 3510 4512 3694 4562; x_wconf 81' lang='lat' dir='ltr'><strong>Hiero-</strong></span> 
     </span>
    </p>
   </div>
   <div class='ocr_carea' id='block_1_118' title="bbox 2099 4580 3692 4647">
    <p class='ocr_par' dir='ltr' id='par_1_118' title="bbox 2099 4580 3692 4647">
     <span class='ocr_line' id='line_1_118' title="bbox 2099 4580 3692 4647; baseline -0.001 -14"><span class='ocrx_word' id='word_1_844' title='bbox 2099 4596 2312 4647; x_wconf 88' lang='lat' dir='ltr'><strong>nymus</strong></span> <span class='ocrx_word' id='word_1_845' title='bbox 2335 4580 3081 4645; x_wconf 89' lang='lat' dir='ltr'><strong>evidentercomprobathis</strong></span> <span class='ocrx_word' id='word_1_846' title='bbox 3106 4583 3283 4633; x_wconf 90' lang='lat' dir='ltr'><strong>etiam</strong></span> <span class='ocrx_word' id='word_1_847' title='bbox 3307 4582 3369 4633; x_wconf 90' lang='lat' dir='ltr'><strong>in</strong></span> <span class='ocrx_word' id='word_1_848' title='bbox 3384 4583 3692 4633; x_wconf 85' lang='lat' dir='ltr'><strong>Comment.</strong></span> 
     </span>
    </p>
   </div>
   <div class='ocr_carea' id='block_1_119' title="bbox 404 4647 3695 4743">
    <p class='ocr_par' dir='ltr' id='par_1_119' title="bbox 404 4647 3695 4743">
     <span class='ocr_line' id='line_1_119' title="bbox 404 4647 3695 4743; baseline 0.001 -48"><span class='ocrx_word' id='word_1_849' title='bbox 404 4647 492 4695; x_wconf 81' lang='lat' dir='ltr'><strong>sui</strong></span> <span class='ocrx_word' id='word_1_850' title='bbox 501 4648 757 4743; x_wconf 42' lang='lat' dir='ltr'><strong>fienoch:</strong></span> <span class='ocrx_word' id='word_1_851' title='bbox 778 4650 837 4698; x_wconf 85' lang='lat' dir='ltr'><strong>in</strong></span> <span class='ocrx_word' id='word_1_852' title='bbox 858 4651 1423 4743; x_wconf 67' lang='lat' dir='ltr'><strong>hujuscemodiurbem</strong></span> <span class='ocrx_word' id='word_1_853' title='bbox 1456 4651 1749 4743; x_wconf 45' lang='lat' dir='ltr'><strong>Dominus,</strong></span> <span class='ocrx_word' id='word_1_854' title='bbox 1765 4665 1879 4743; x_wconf 57' lang='lat' dir='ltr'><strong>non</strong></span> <span class='ocrx_word' id='word_1_855' title='bbox 1890 4650 1995 4743; x_wconf 78' lang='lat' dir='ltr'><strong>Lin-</strong></span> <span class='ocrx_word' id='word_1_856' title='bbox 2022 4670 2078 4743; x_wconf 86' lang='lat' dir='ltr'><strong>D</strong></span> <span class='ocrx_word' id='word_1_857' title='bbox 2103 4654 2315 4715; x_wconf 85' lang='lat' dir='ltr'><strong>verbis,</strong></span> <span class='ocrx_word' id='word_1_858' title='bbox 2332 4651 2753 4703; x_wconf 81' lang='lat' dir='ltr'><strong>Circumdcderit</strong></span> <span class='ocrx_word' id='word_1_859' title='bbox 2766 4666 2887 4699; x_wconf 85' lang='lat' dir='ltr'><strong>eum</strong></span> <span class='ocrx_word' id='word_1_860' title='bbox 2899 4651 3280 4715; x_wconf 81' lang='lat' dir='ltr'><strong>innegatione,</strong></span> <span class='ocrx_word' id='word_1_861' title='bbox 3293 4654 3401 4701; x_wconf 80' lang='lat' dir='ltr'><strong>sive</strong></span> <span class='ocrx_word' id='word_1_862' title='bbox 3413 4653 3695 4711; x_wconf 79' lang='lat' dir='ltr'><strong>mendacio,</strong></span> 
     </span>
     <span class='ocr_line' id='line_1_120' title="bbox 409 4721 3695 4743; baseline 0 0"><span class='ocrx_word' id='word_1_863' title='bbox 409 4732 496 4743; x_wconf 66' lang='grc' dir='ltr'><strong>’.μη</strong></span> <span class='ocrx_word' id='word_1_864' title='bbox 536 4733 552 4743; x_wconf 73' lang='grc' dir='ltr'>ι</span> <span class='ocrx_word' id='word_1_865' title='bbox 578 4733 648 4743; x_wconf 66' lang='grc' dir='ltr'><strong>Α...</strong></span> <span class='ocrx_word' id='word_1_866' title='bbox 690 4734 804 4743; x_wconf 64' lang='grc' dir='ltr'><strong>,ιε-Α...</strong></span> <span class='ocrx_word' id='word_1_867' title='bbox 830 4736 891 4743; x_wconf 60' lang='grc' dir='ltr'><strong>Α..</strong></span> <span class='ocrx_word' id='word_1_868' title='bbox 917 4736 990 4743; x_wconf 63' lang='grc' dir='ltr'><strong>Α--</strong></span> <span class='ocrx_word' id='word_1_869' title='bbox 1021 4737 1095 4743; x_wconf 55' lang='grc' dir='ltr'><strong>Α..-</strong></span> <span class='ocrx_word' id='word_1_870' title='bbox 1142 4723 1406 4743; x_wconf 60' lang='lat'><strong>-__---__&#39;_-_</strong></span> <span class='ocrx_word' id='word_1_871' title='bbox 1445 4728 1480 4743; x_wconf 73' lang='grc' dir='ltr'><strong>,ι</strong></span> <span class='ocrx_word' id='word_1_872' title='bbox 1508 4722 1710 4743; x_wconf 72' lang='lat'><strong>--....._.&#39;-.&#39;</strong></span> <span class='ocrx_word' id='word_1_873' title='bbox 1753 4722 1799 4743; x_wconf 51' lang='grc' dir='ltr'><strong>ἐμ.</strong></span> <span class='ocrx_word' id='word_1_874' title='bbox 1858 4737 1881 4743; x_wconf 64' lang='grc' dir='ltr'><strong>η.</strong></span> <span class='ocrx_word' id='word_1_875' title='bbox 1919 4721 1969 4743; x_wconf 64' lang='grc' dir='ltr'><strong>..ἔ</strong></span> <span class='ocrx_word' id='word_1_876' title='bbox 2114 4726 2226 4743; x_wconf 39' lang='grc' dir='ltr'><strong>,1.ν---</strong></span> <span class='ocrx_word' id='word_1_877' title='bbox 2260 4724 2380 4743; x_wconf 67' lang='lat' dir='ltr'><strong>n-_--</strong></span> <span class='ocrx_word' id='word_1_878' title='bbox 2395 4724 2541 4743; x_wconf 64' lang='lat'><strong>_&#39;-_-.__</strong></span> <span class='ocrx_word' id='word_1_879' title='bbox 2566 4723 2698 4743; x_wconf 63' lang='lat' dir='ltr'><strong>\rnr‘</strong></span> <span class='ocrx_word' id='word_1_880' title='bbox 2725 4724 2741 4743; x_wconf 71' lang='grc' dir='ltr'><strong>Δ</strong></span> <span class='ocrx_word' id='word_1_881' title='bbox 2765 4722 2857 4743; x_wconf 66' lang='lat' dir='ltr'><strong>\vm</strong></span> <span class='ocrx_word' id='word_1_882' title='bbox 2912 4727 2948 4743; x_wconf 67' lang='grc' dir='ltr'><strong>,ι</strong></span> <span class='ocrx_word' id='word_1_883' title='bbox 2978 4722 3123 4743; x_wconf 65' lang='grc' dir='ltr'><strong>3Δ-Ι..</strong></span> <span class='ocrx_word' id='word_1_884' title='bbox 3166 4725 3478 4743; x_wconf 66' lang='grc' dir='ltr'><strong>----Δι--,ι-.--</strong></span> <span class='ocrx_word' id='word_1_885' title='bbox 3540 4727 3555 4743; x_wconf 70' lang='grc' dir='ltr'><strong>Δ</strong></span> <span class='ocrx_word' id='word_1_886' title='bbox 3576 4728 3695 4743; x_wconf 58' lang='lat'><strong>5..--..</strong></span> 
     </span>
    </p>
   </div>
   <div class='ocr_carea' id='block_1_120' title="bbox 404 4718 1999 4787">
    <p class='ocr_par' dir='ltr' id='par_1_120' title="bbox 404 4718 1999 4787">
     <span class='ocr_line' id='line_1_121' title="bbox 404 4718 1999 4787; baseline 0.004 -24"><span class='ocrx_word' id='word_1_887' title='bbox 404 4718 663 4779; x_wconf 79' lang='lat' dir='ltr'><strong>greditur,</strong></span> <span class='ocrx_word' id='word_1_888' title='bbox 686 4734 804 4781; x_wconf 72' lang='lat' dir='ltr'><strong>quae</strong></span> <span class='ocrx_word' id='word_1_889' title='bbox 825 4736 891 4770; x_wconf 73' lang='lat' dir='ltr'><strong>ea:</strong></span> <span class='ocrx_word' id='word_1_890' title='bbox 912 4722 1113 4783; x_wconf 83' lang='lat' dir='ltr'><strong>scelere,</strong></span> <span class='ocrx_word' id='word_1_891' title='bbox 1137 4723 1407 4787; x_wconf 83' lang='lat' dir='ltr'><strong>sanguine</strong></span> <span class='ocrx_word' id='word_1_892' title='bbox 1436 4728 1480 4772; x_wconf 88' lang='lat' dir='ltr'><strong>et</strong></span> <span class='ocrx_word' id='word_1_893' title='bbox 1500 4722 1802 4786; x_wconf 83' lang='lat' dir='ltr'><strong>parricidio</strong></span> <span class='ocrx_word' id='word_1_894' title='bbox 1824 4720 1999 4783; x_wconf 79' lang='lat' dir='ltr'><strong>fabri-</strong></span> 
     </span>
    </p>
   </div>
   <div class='ocr_carea' id='block_1_121' title="bbox 406 4789 2003 4855">
    <p class='ocr_par' dir='ltr' id='par_1_121' title="bbox 406 4789 2003 4855">
     <span class='ocr_line' id='line_1_122' title="bbox 406 4789 2003 4855; baseline 0.006 -22"><span class='ocrx_word' id='word_1_895' title='bbox 406 4791 529 4835; x_wconf 85' lang='lat' dir='ltr'><strong>cata</strong></span> <span class='ocrx_word' id='word_1_896' title='bbox 548 4792 636 4836; x_wconf 85' lang='lat' dir='ltr'><strong>est.</strong></span> <span class='ocrx_word' id='word_1_897' title='bbox 657 4789 943 4842; x_wconf 88' lang='lat' dir='ltr'><strong>Editorem</strong></span> <span class='ocrx_word' id='word_1_898' title='bbox 961 4791 1133 4844; x_wconf 90' lang='lat' dir='ltr'><strong>modo</strong></span> <span class='ocrx_word' id='word_1_899' title='bbox 1149 4793 1448 4845; x_wconf 90' lang='lat' dir='ltr'><strong>laudatum</strong></span> <span class='ocrx_word' id='word_1_900' title='bbox 1461 4792 1608 4855; x_wconf 82' lang='lat' dir='ltr'><strong>fugit</strong></span> <span class='ocrx_word' id='word_1_901' title='bbox 1624 4791 2003 4844; x_wconf 88' lang='lat' dir='ltr'><strong>luculentissi-</strong></span> 
     </span>
    </p>
   </div>
   <div class='ocr_carea' id='block_1_122' title="bbox 406 4857 2006 4923">
    <p class='ocr_par' dir='ltr' id='par_1_122' title="bbox 406 4857 2006 4923">
     <span class='ocr_line' id='line_1_123' title="bbox 406 4857 2006 4923; baseline 0.005 -16"><span class='ocrx_word' id='word_1_902' title='bbox 406 4869 538 4909; x_wconf 90' lang='lat' dir='ltr'><strong>mus</strong></span> <span class='ocrx_word' id='word_1_903' title='bbox 554 4857 716 4909; x_wconf 89' lang='lat' dir='ltr'><strong>locus</strong></span> <span class='ocrx_word' id='word_1_904' title='bbox 740 4860 850 4911; x_wconf 87' lang='lat' dir='ltr'><strong>iste</strong></span> <span class='ocrx_word' id='word_1_905' title='bbox 875 4862 973 4923; x_wconf 91' lang='lat' dir='ltr'><strong>qui</strong></span> <span class='ocrx_word' id='word_1_906' title='bbox 997 4863 1049 4913; x_wconf 91' lang='lat' dir='ltr'><strong>ei</strong></span> <span class='ocrx_word' id='word_1_907' title='bbox 1065 4862 1362 4915; x_wconf 88' lang='lat' dir='ltr'><strong>debuisset</strong></span> <span class='ocrx_word' id='word_1_908' title='bbox 1384 4865 1445 4915; x_wconf 92' lang='lat' dir='ltr'><strong>in</strong></span> <span class='ocrx_word' id='word_1_909' title='bbox 1468 4864 1668 4915; x_wconf 89' lang='lat' dir='ltr'><strong>oculos</strong></span> <span class='ocrx_word' id='word_1_910' title='bbox 1692 4864 1888 4915; x_wconf 86' lang='lat' dir='ltr'><strong>statim</strong></span> <span class='ocrx_word' id='word_1_911' title='bbox 1917 4864 2006 4914; x_wconf 89' lang='lat' dir='ltr'><strong>in-</strong></span> 
     </span>
    </p>
   </div>
   <div class='ocr_carea' id='block_1_123' title="bbox 406 4930 2007 4995">
    <p class='ocr_par' dir='ltr' id='par_1_123' title="bbox 406 4930 2007 4995">
     <span class='ocr_line' id='line_1_124' title="bbox 406 4930 2007 4995; baseline 0.006 -18"><span class='ocrx_word' id='word_1_912' title='bbox 406 4939 653 4990; x_wconf 88' lang='lat' dir='ltr'><strong>currere,</strong></span> <span class='ocrx_word' id='word_1_913' title='bbox 679 4930 734 4980; x_wconf 89' lang='lat' dir='ltr'><strong>Si</strong></span> <span class='ocrx_word' id='word_1_914' title='bbox 761 4931 1276 4995; x_wconf 86' lang='lat' dir='ltr'><strong>Hicronymianum</strong></span> <span class='ocrx_word' id='word_1_915' title='bbox 1300 4934 1785 4986; x_wconf 88' lang='lat' dir='ltr'><strong>Commentarium</strong></span> <span class='ocrx_word' id='word_1_916' title='bbox 1803 4946 2007 4986; x_wconf 90' lang='lat' dir='ltr'><strong>consu-</strong></span> 
     </span>
    </p>
   </div>
   <div class='ocr_carea' id='block_1_124' title="bbox 406 4997 2005 5077">
    <p class='ocr_par' dir='ltr' id='par_1_124' title="bbox 406 4997 2005 5077">
     <span class='ocr_line' id='line_1_125' title="bbox 406 4997 2005 5077; baseline 0.005 -30"><span class='ocrx_word' id='word_1_917' title='bbox 406 4997 631 5077; x_wconf 79' lang='lat' dir='ltr'><strong>luisset.</strong></span> <span class='ocrx_word' id='word_1_918' title='bbox 652 4999 883 5077; x_wconf 47' lang='grc' dir='ltr'><strong>Δᾼᾱ-Ιλξιεο</strong></span> <span class='ocrx_word' id='word_1_919' title='bbox 907 5001 959 5077; x_wconf 44' lang='grc' dir='ltr'>ᾖ</span> <span class='ocrx_word' id='word_1_920' title='bbox 980 5003 1142 5054; x_wconf 87' lang='lat' dir='ltr'><strong>Pater</strong></span> <span class='ocrx_word' id='word_1_921' title='bbox 1153 5004 1379 5077; x_wconf 82' lang='lat' dir='ltr'><strong>copiose</strong></span> <span class='ocrx_word' id='word_1_922' title='bbox 1399 5004 1473 5054; x_wconf 89' lang='lat' dir='ltr'><strong>ibi</strong></span> <span class='ocrx_word' id='word_1_923' title='bbox 1492 5004 1838 5077; x_wconf 76' lang='lat' dir='ltr'><strong>dequinque</strong></span> <span class='ocrx_word' id='word_1_924' title='bbox 1862 5004 2005 5056; x_wconf 90' lang='lat' dir='ltr'><strong>civi-</strong></span> 
     </span>
    </p>
   </div>
   <div class='ocr_carea' id='block_1_125' title="bbox 410 5068 2006 5147">
    <p class='ocr_par' dir='ltr' id='par_1_125' title="bbox 410 5068 2006 5147">
     <span class='ocr_line' id='line_1_126' title="bbox 410 5068 2006 5147; baseline 0.004 -29"><span class='ocrx_word' id='word_1_925' title='bbox 410 5068 1236 5147; x_wconf 60' lang='lat' dir='ltr'><strong>tatibus,$odoma,(_}omorrha</strong></span> <span class='ocrx_word' id='word_1_926' title='bbox 1246 5077 1305 5125; x_wconf 91' lang='lat' dir='ltr'><strong>et</strong></span> <span class='ocrx_word' id='word_1_927' title='bbox 1315 5073 1537 5126; x_wconf 67' lang='lat' dir='ltr'><strong>caeteris</strong></span> <span class='ocrx_word' id='word_1_928' title='bbox 1550 5074 2006 5147; x_wconf 79' lang='lat' dir='ltr'><strong>disputat,etquae</strong></span> 
     </span>
    </p>
   </div>
   <div class='ocr_carea' id='block_1_126' title="bbox 409 5139 2003 5208">
    <p class='ocr_par' dir='ltr' id='par_1_126' title="bbox 409 5139 2003 5208">
     <span class='ocr_line' id='line_1_127' title="bbox 409 5139 2003 5208; baseline 0.006 -20"><span class='ocrx_word' id='word_1_929' title='bbox 409 5139 469 5188; x_wconf 92' lang='lat' dir='ltr'><strong>in</strong></span> <span class='ocrx_word' id='word_1_930' title='bbox 492 5139 801 5203; x_wconf 85' lang='lat' dir='ltr'><strong>Scripturis</strong></span> <span class='ocrx_word' id='word_1_931' title='bbox 832 5142 1039 5194; x_wconf 90' lang='lat' dir='ltr'><strong>tradita</strong></span> <span class='ocrx_word' id='word_1_932' title='bbox 1072 5143 1143 5194; x_wconf 90' lang='lat' dir='ltr'><strong>de</strong></span> <span class='ocrx_word' id='word_1_933' title='bbox 1171 5144 1239 5194; x_wconf 90' lang='lat' dir='ltr'><strong>iis</strong></span> <span class='ocrx_word' id='word_1_934' title='bbox 1269 5149 1425 5208; x_wconf 90' lang='lat' dir='ltr'><strong>sunt,</strong></span> <span class='ocrx_word' id='word_1_935' title='bbox 1456 5144 1596 5194; x_wconf 85' lang='lat' dir='ltr'><strong>satis</strong></span> <span class='ocrx_word' id='word_1_936' title='bbox 1617 5145 1896 5196; x_wconf 89' lang='lat' dir='ltr'><strong>concinne</strong></span> <span class='ocrx_word' id='word_1_937' title='bbox 1919 5150 2003 5197; x_wconf 89' lang='lat' dir='ltr'><strong>at-</strong></span> 
     </span>
    </p>
   </div>
   <div class='ocr_carea' id='block_1_127' title="bbox 411 5211 2007 5287">
    <p class='ocr_par' dir='ltr' id='par_1_127' title="bbox 411 5211 2007 5287">
     <span class='ocr_line' id='line_1_128' title="bbox 411 5211 2007 5287; baseline 0.005 -28"><span class='ocrx_word' id='word_1_938' title='bbox 411 5220 521 5287; x_wconf 79' lang='lat' dir='ltr'><strong>que</strong></span> <span class='ocrx_word' id='word_1_939' title='bbox 534 5211 756 5287; x_wconf 81' lang='lat' dir='ltr'><strong>erudite</strong></span> <span class='ocrx_word' id='word_1_940' title='bbox 771 5214 1062 5287; x_wconf 84' lang='lat' dir='ltr'><strong>proposito</strong></span> <span class='ocrx_word' id='word_1_941' title='bbox 1084 5226 1190 5265; x_wconf 87' lang='lat' dir='ltr'><strong>suo</strong></span> <span class='ocrx_word' id='word_1_942' title='bbox 1202 5219 1377 5277; x_wconf 87' lang='lat' dir='ltr'><strong>aptat.</strong></span> <span class='ocrx_word' id='word_1_943' title='bbox 1397 5214 1590 5266; x_wconf 89' lang='lat' dir='ltr'><strong>Potuit</strong></span> <span class='ocrx_word' id='word_1_944' title='bbox 1601 5215 2007 5287; x_wconf 84' lang='lat' dir='ltr'><strong>hujuscemodi</strong></span> 
     </span>
    </p>
   </div>
   <div class='ocr_carea' id='block_1_128' title="bbox 409 5277 2004 5348">
    <p class='ocr_par' dir='ltr' id='par_1_128' title="bbox 409 5277 2004 5348">
     <span class='ocr_line' id='line_1_129' title="bbox 409 5277 2004 5348; baseline 0.006 -21"><span class='ocrx_word' id='word_1_945' title='bbox 409 5277 575 5342; x_wconf 90' lang='lat' dir='ltr'><strong>dispu</strong></span> <span class='ocrx_word' id='word_1_946' title='bbox 586 5283 1191 5347; x_wconf 84' lang='lat' dir='ltr'><strong>tatioAuctorinostro,</strong></span> <span class='ocrx_word' id='word_1_947' title='bbox 1205 5297 1331 5336; x_wconf 90' lang='lat' dir='ltr'><strong>eam</strong></span> <span class='ocrx_word' id='word_1_948' title='bbox 1357 5284 1796 5348; x_wconf 88' lang='lat' dir='ltr'><strong>properantibus</strong></span> <span class='ocrx_word' id='word_1_949' title='bbox 1822 5286 2004 5337; x_wconf 90' lang='lat' dir='ltr'><strong>oculis</strong></span> 
     </span>
    </p>
   </div>
   <div class='ocr_carea' id='block_1_129' title="bbox 406 5354 2007 5415">
    <p class='ocr_par' dir='ltr' id='par_1_129' title="bbox 406 5354 2007 5415">
     <span class='ocr_line' id='line_1_130' title="bbox 406 5354 2007 5415; baseline 0.006 -17"><span class='ocrx_word' id='word_1_950' title='bbox 406 5356 779 5415; x_wconf 85' lang='lat' dir='ltr'><strong>percurrenti,</strong></span> <span class='ocrx_word' id='word_1_951' title='bbox 803 5354 1003 5407; x_wconf 84' lang='lat' dir='ltr'><strong>fucum</strong></span> <span class='ocrx_word' id='word_1_952' title='bbox 1028 5356 1250 5415; x_wconf 88' lang='lat' dir='ltr'><strong>fecisse,</strong></span> <span class='ocrx_word' id='word_1_953' title='bbox 1275 5360 1342 5407; x_wconf 89' lang='lat' dir='ltr'><strong>ut</strong></span> <span class='ocrx_word' id='word_1_954' title='bbox 1356 5356 1425 5406; x_wconf 91' lang='lat' dir='ltr'><strong>de</strong></span> <span class='ocrx_word' id='word_1_955' title='bbox 1448 5356 1680 5407; x_wconf 87' lang='lat' dir='ltr'><strong>urbium</strong></span> <span class='ocrx_word' id='word_1_956' title='bbox 1695 5357 2007 5408; x_wconf 89' lang='lat' dir='ltr'><strong>conditori-</strong></span> 
     </span>
    </p>
   </div>
   <div class='ocr_carea' id='block_1_130' title="bbox 406 5418 2005 5499">
    <p class='ocr_par' dir='ltr' id='par_1_130' title="bbox 406 5418 2005 5499">
     <span class='ocr_line' id='line_1_131' title="bbox 406 5418 2005 5499; baseline 0.008 -32"><span class='ocrx_word' id='word_1_957' title='bbox 406 5418 515 5499; x_wconf 79' lang='lat' dir='ltr'><strong>bus</strong></span> <span class='ocrx_word' id='word_1_958' title='bbox 533 5433 858 5499; x_wconf 81' lang='lat' dir='ltr'><strong>sermonem</strong></span> <span class='ocrx_word' id='word_1_959' title='bbox 882 5439 1015 5499; x_wconf 88' lang='lat' dir='ltr'><strong>esse</strong></span> <span class='ocrx_word' id='word_1_960' title='bbox 1040 5428 1403 5479; x_wconf 89' lang='lat' dir='ltr'><strong>existimarit.</strong></span> <span class='ocrx_word' id='word_1_961' title='bbox 1424 5427 1621 5499; x_wconf 65' lang='lat' dir='ltr'><strong>Potuit</strong></span> <span class='ocrx_word' id='word_1_962' title='bbox 1645 5432 1701 5478; x_wconf 87' lang='lat' dir='ltr'><strong>et</strong></span> <span class='ocrx_word' id='word_1_963' title='bbox 1729 5429 2005 5491; x_wconf 84' lang='lat' dir='ltr'><strong>Hierony-</strong></span> 
     </span>
    </p>
   </div>
   <div class='ocr_carea' id='block_1_131' title="bbox 407 5495 2003 5574">
    <p class='ocr_par' dir='ltr' id='par_1_131' title="bbox 407 5495 2003 5574">
     <span class='ocr_line' id='line_1_132' title="bbox 407 5495 2003 5574; baseline 0.007 -35"><span class='ocrx_word' id='word_1_964' title='bbox 407 5495 601 5574; x_wconf 66' lang='lat' dir='ltr'><strong>miano</strong></span> <span class='ocrx_word' id='word_1_965' title='bbox 634 5495 1061 5574; x_wconf 62' lang='lat' dir='ltr'><strong>pommentario</strong></span> <span class='ocrx_word' id='word_1_966' title='bbox 1077 5499 1291 5563; x_wconf 88' lang='lat' dir='ltr'><strong>aliquid</strong></span> <span class='ocrx_word' id='word_1_967' title='bbox 1306 5497 1490 5574; x_wconf 85' lang='lat' dir='ltr'><strong>simile</strong></span> <span class='ocrx_word' id='word_1_968' title='bbox 1515 5497 1713 5574; x_wconf 79' lang='lat' dir='ltr'><strong>fuisse,</strong></span> <span class='ocrx_word' id='word_1_969' title='bbox 1734 5499 1855 5561; x_wconf 88' lang='lat' dir='ltr'><strong>jam</strong></span> <span class='ocrx_word' id='word_1_970' title='bbox 1880 5503 2003 5549; x_wconf 89' lang='lat' dir='ltr'><strong>tum</strong></span> 
     </span>
    </p>
   </div>
   <div class='ocr_carea' id='block_1_132' title="bbox 407 5560 2002 5642">
    <p class='ocr_par' dir='ltr' id='par_1_132' title="bbox 407 5560 2002 5642">
     <span class='ocr_line' id='line_1_133' title="bbox 407 5560 2002 5642; baseline 0.001 -25"><span class='ocrx_word' id='word_1_971' title='bbox 407 5560 681 5642; x_wconf 47' lang='lat' dir='ltr'><strong>temporis</strong></span> <span class='ocrx_word' id='word_1_972' title='bbox 704 5567 777 5617; x_wconf 87' lang='lat' dir='ltr'><strong>ab</strong></span> <span class='ocrx_word' id='word_1_973' title='bbox 793 5560 1195 5642; x_wconf 79' lang='lat' dir='ltr'><strong>interpolatore</strong></span> <span class='ocrx_word' id='word_1_974' title='bbox 1212 5572 1407 5621; x_wconf 90' lang='lat' dir='ltr'><strong>nescio</strong></span> <span class='ocrx_word' id='word_1_975' title='bbox 1425 5582 1539 5633; x_wconf 90' lang='lat' dir='ltr'><strong>quo</strong></span> <span class='ocrx_word' id='word_1_976' title='bbox 1551 5560 1843 5625; x_wconf 80' lang='lat' dir='ltr'><strong>adsutum.</strong></span> <span class='ocrx_word' id='word_1_977' title='bbox 1872 5581 2002 5633; x_wconf 62' lang='lat' dir='ltr'><strong>quin</strong></span> 
     </span>
    </p>
   </div>
   <div class='ocr_carea' id='block_1_133' title="bbox 409 5634 2003 5709">
    <p class='ocr_par' dir='ltr' id='par_1_133' title="bbox 409 5634 2003 5709">
     <span class='ocr_line' id='line_1_134' title="bbox 409 5634 2003 5709; baseline 0.006 -28"><span class='ocrx_word' id='word_1_978' title='bbox 409 5634 622 5709; x_wconf 54' lang='lat' dir='ltr'><strong>{saepius</strong></span> <span class='ocrx_word' id='word_1_979' title='bbox 636 5634 866 5709; x_wconf 83' lang='lat' dir='ltr'><strong>licentia</strong></span> <span class='ocrx_word' id='word_1_980' title='bbox 878 5654 1009 5691; x_wconf 89' lang='lat' dir='ltr'><strong>cum</strong></span> <span class='ocrx_word' id='word_1_981' title='bbox 1025 5643 1296 5693; x_wconf 89' lang='lat' dir='ltr'><strong>Veterum</strong></span> <span class='ocrx_word' id='word_1_982' title='bbox 1313 5642 1702 5701; x_wconf 88' lang='lat' dir='ltr'><strong>aliorum,tum</strong></span> <span class='ocrx_word' id='word_1_983' title='bbox 1716 5641 2003 5705; x_wconf 70' lang='lat' dir='ltr'><strong>praecipue</strong></span> 
     </span>
    </p>
   </div>
   <div class='ocr_carea' id='block_1_134' title="bbox 408 5697 2004 5774">
    <p class='ocr_par' dir='ltr' id='par_1_134' title="bbox 408 5697 2004 5774">
     <span class='ocr_line' id='line_1_135' title="bbox 408 5697 2004 5774; baseline 0.009 -27"><span class='ocrx_word' id='word_1_984' title='bbox 408 5697 749 5774; x_wconf 84' lang='lat' dir='ltr'><strong>_Hieronymi</strong></span> <span class='ocrx_word' id='word_1_985' title='bbox 768 5700 952 5772; x_wconf 84' lang='lat' dir='ltr'><strong>scipta</strong></span> <span class='ocrx_word' id='word_1_986' title='bbox 973 5712 1241 5774; x_wconf 89' lang='lat' dir='ltr'><strong>pervasit.</strong></span> <span class='ocrx_word' id='word_1_987' title='bbox 1260 5709 1360 5763; x_wconf 88' lang='lat' dir='ltr'><strong>Est</strong></span> <span class='ocrx_word' id='word_1_988' title='bbox 1377 5713 1489 5764; x_wconf 89' lang='lat' dir='ltr'><strong>hoc</strong></span> <span class='ocrx_word' id='word_1_989' title='bbox 1503 5697 1676 5764; x_wconf 89' lang='lat' dir='ltr'><strong>etiam</strong></span> <span class='ocrx_word' id='word_1_990' title='bbox 1704 5697 2004 5764; x_wconf 74' lang='lat' dir='ltr'><strong>verosiini-</strong></span> 
     </span>
    </p>
   </div>
   <div class='ocr_carea' id='block_1_135' title="bbox 406 5765 2003 5847">
    <p class='ocr_par' dir='ltr' id='par_1_135' title="bbox 406 5765 2003 5847">
     <span class='ocr_line' id='line_1_136' title="bbox 406 5765 2003 5847; baseline 0.014 -33"><span class='ocrx_word' id='word_1_991' title='bbox 406 5765 550 5830; x_wconf 83' lang='lat' dir='ltr'><strong>lius,</strong></span> <span class='ocrx_word' id='word_1_992' title='bbox 575 5774 727 5832; x_wconf 90' lang='lat' dir='ltr'><strong>quod</strong></span> <span class='ocrx_word' id='word_1_993' title='bbox 755 5788 827 5827; x_wconf 86' lang='lat' dir='ltr'><strong>ex</strong></span> <span class='ocrx_word' id='word_1_994' title='bbox 854 5765 1057 5833; x_wconf 39' lang='lat' dir='ltr'><strong>aliis.</strong></span> <span class='ocrx_word' id='word_1_995' title='bbox 1085 5783 1342 5833; x_wconf 88' lang='lat' dir='ltr'><strong>Doctoris</strong></span> <span class='ocrx_word' id='word_1_996' title='bbox 1387 5782 1828 5845; x_wconf 88' lang='lat' dir='ltr'><strong>elucubratione,</strong></span> <span class='ocrx_word' id='word_1_997' title='bbox 1863 5786 2003 5847; x_wconf 87' lang='lat' dir='ltr'><strong>puta</strong></span> 
     </span>
    </p>
   </div>
   <div class='ocr_carea' id='block_1_136' title="bbox 2103 4722 3699 4785">
    <p class='ocr_par' dir='ltr' id='par_1_136' title="bbox 2103 4722 3699 4785">
     <span class='ocr_line' id='line_1_137' title="bbox 2103 4722 3699 4785; baseline -0.001 -12"><span class='ocrx_word' id='word_1_998' title='bbox 2103 4726 2235 4773; x_wconf 85' lang='lat' dir='ltr'><strong>dum</strong></span> <span class='ocrx_word' id='word_1_999' title='bbox 2251 4724 2548 4773; x_wconf 85' lang='lat' dir='ltr'><strong>Dominum</strong></span> <span class='ocrx_word' id='word_1_1000' title='bbox 2566 4722 2878 4785; x_wconf 82' lang='lat' dir='ltr'><strong>NEGANT,</strong></span> <span class='ocrx_word' id='word_1_1001' title='bbox 2906 4727 2948 4770; x_wconf 81' lang='lat' dir='ltr'><strong>et</strong></span> <span class='ocrx_word' id='word_1_1002' title='bbox 2974 4722 3126 4771; x_wconf 80' lang='lat' dir='ltr'><strong>idola</strong></span> <span class='ocrx_word' id='word_1_1003' title='bbox 3155 4725 3498 4785; x_wconf 77' lang='lat' dir='ltr'><strong>conﬁtentur.</strong></span> <span class='ocrx_word' id='word_1_1004' title='bbox 3524 4727 3699 4784; x_wconf 82' lang='lat' dir='ltr'><strong>Atque</strong></span> 
     </span>
    </p>
   </div>
   <div class='ocr_carea' id='block_1_137' title="bbox 2102 4792 3698 4858">
    <p class='ocr_par' dir='ltr' id='par_1_137' title="bbox 2102 4792 3698 4858">
     <span class='ocr_line' id='line_1_138' title="bbox 2102 4792 3698 4858; baseline -0.001 -11"><span class='ocrx_word' id='word_1_1005' title='bbox 2102 4796 2211 4847; x_wconf 91' lang='lat' dir='ltr'><strong>hoc</strong></span> <span class='ocrx_word' id='word_1_1006' title='bbox 2250 4794 2481 4858; x_wconf 88' lang='lat' dir='ltr'><strong>quidem</strong></span> <span class='ocrx_word' id='word_1_1007' title='bbox 2526 4792 2772 4844; x_wconf 80' lang='lat' dir='ltr'><strong>ﬁdeliter</strong></span> <span class='ocrx_word' id='word_1_1008' title='bbox 2811 4804 2987 4855; x_wconf 87' lang='lat' dir='ltr'><strong>quam</strong></span> <span class='ocrx_word' id='word_1_1009' title='bbox 3026 4793 3187 4856; x_wconf 89' lang='lat' dir='ltr'><strong>quod</strong></span> <span class='ocrx_word' id='word_1_1010' title='bbox 3224 4794 3478 4845; x_wconf 89' lang='lat' dir='ltr'><strong>maxime</strong></span> <span class='ocrx_word' id='word_1_1011' title='bbox 3501 4794 3573 4844; x_wconf 89' lang='lat' dir='ltr'><strong>ad</strong></span> <span class='ocrx_word' id='word_1_1012' title='bbox 3596 4794 3698 4845; x_wconf 86' lang='lat' dir='ltr'><strong>He-</strong></span> 
     </span>
    </p>
   </div>
   <div class='ocr_carea' id='block_1_138' title="bbox 2106 4868 2347 4919">
    <p class='ocr_par' dir='ltr' id='par_1_138' title="bbox 2106 4868 2347 4919">
     <span class='ocr_line' id='line_1_139' title="bbox 2106 4868 2347 4919; baseline -0.021 0"><span class='ocrx_word' id='word_1_1013' title='bbox 2106 4868 2347 4919; x_wconf 64' lang='lat' dir='ltr'><strong>brmum.</strong></span> 
     </span>
    </p>
   </div>
   <div class='ocr_carea' id='block_1_139' title="bbox 2166 4933 3699 4988">
    <p class='ocr_par' dir='ltr' id='par_1_139' title="bbox 2166 4933 3699 4988">
     <span class='ocr_line' id='line_1_140' title="bbox 2166 4933 3699 4988; baseline -0.003 -1"><span class='ocrx_word' id='word_1_1014' title='bbox 2166 4935 2549 4988; x_wconf 88' lang='lat' dir='ltr'><strong>Nihilocecius</strong></span> <span class='ocrx_word' id='word_1_1015' title='bbox 2584 4944 2779 4985; x_wconf 88' lang='lat' dir='ltr'><strong>veram</strong></span> <span class='ocrx_word' id='word_1_1016' title='bbox 2834 4933 3146 4985; x_wconf 89' lang='lat' dir='ltr'><strong>lectionem</strong></span> <span class='ocrx_word' id='word_1_1017' title='bbox 3192 4934 3497 4987; x_wconf 88' lang='lat' dir='ltr'><strong>restituere</strong></span> <span class='ocrx_word' id='word_1_1018' title='bbox 3541 4934 3699 4985; x_wconf 91' lang='lat' dir='ltr'><strong>nobis</strong></span> 
     </span>
    </p>
   </div>
   <div class='ocr_carea' id='block_1_140' title="bbox 2102 5002 3699 5067">
    <p class='ocr_par' dir='ltr' id='par_1_140' title="bbox 2102 5002 3699 5067">
     <span class='ocr_line' id='line_1_141' title="bbox 2102 5002 3699 5067; baseline -0.003 -8"><span class='ocrx_word' id='word_1_1019' title='bbox 2102 5007 2260 5059; x_wconf 89' lang='lat' dir='ltr'><strong>haud</strong></span> <span class='ocrx_word' id='word_1_1020' title='bbox 2283 5006 2480 5057; x_wconf 88' lang='lat' dir='ltr'><strong>licuit:</strong></span> <span class='ocrx_word' id='word_1_1021' title='bbox 2528 5016 2718 5067; x_wconf 91' lang='lat' dir='ltr'><strong>neque</strong></span> <span class='ocrx_word' id='word_1_1022' title='bbox 2758 5002 2911 5054; x_wconf 89' lang='lat' dir='ltr'><strong>enim</strong></span> <span class='ocrx_word' id='word_1_1023' title='bbox 2961 5015 3186 5064; x_wconf 90' lang='lat' dir='ltr'><strong>eorum,</strong></span> <span class='ocrx_word' id='word_1_1024' title='bbox 3221 5005 3321 5067; x_wconf 89' lang='lat' dir='ltr'><strong>qui</strong></span> <span class='ocrx_word' id='word_1_1025' title='bbox 3343 5004 3501 5055; x_wconf 89' lang='lat' dir='ltr'><strong>hunc</strong></span> <span class='ocrx_word' id='word_1_1026' title='bbox 3547 5006 3699 5055; x_wconf 46' lang='lat' dir='ltr'><strong>Com.</strong></span> 
     </span>
    </p>
   </div>
   <div class='ocr_carea' id='block_1_141' title="bbox 2103 5072 3697 5137">
    <p class='ocr_par' dir='ltr' id='par_1_141' title="bbox 2103 5072 3697 5137">
     <span class='ocr_line' id='line_1_142' title="bbox 2103 5072 3697 5137; baseline -0.004 -8"><span class='ocrx_word' id='word_1_1027' title='bbox 2103 5077 2448 5129; x_wconf 89' lang='lat' dir='ltr'><strong>mentarium</strong></span> <span class='ocrx_word' id='word_1_1028' title='bbox 2461 5074 2907 5137; x_wconf 86' lang='lat' dir='ltr'><strong>descripserunt,</strong></span> <span class='ocrx_word' id='word_1_1029' title='bbox 2933 5072 3029 5123; x_wconf 90' lang='lat' dir='ltr'><strong>ille</strong></span> <span class='ocrx_word' id='word_1_1030' title='bbox 3059 5087 3220 5126; x_wconf 90' lang='lat' dir='ltr'><strong>error</strong></span> <span class='ocrx_word' id='word_1_1031' title='bbox 3233 5080 3343 5135; x_wconf 88' lang='lat' dir='ltr'><strong>est,</strong></span> <span class='ocrx_word' id='word_1_1032' title='bbox 3361 5074 3467 5125; x_wconf 90' lang='lat' dir='ltr'><strong>sed</strong></span> <span class='ocrx_word' id='word_1_1033' title='bbox 3482 5077 3697 5124; x_wconf 68' lang='lat' dir='ltr'><strong>Auctoris</strong></span> 
     </span>
    </p>
   </div>
   <div class='ocr_carea' id='block_1_142' title="bbox 2102 5143 3697 5213">
    <p class='ocr_par' dir='ltr' id='par_1_142' title="bbox 2102 5143 3697 5213">
     <span class='ocr_line' id='line_1_143' title="bbox 2102 5143 3697 5213; baseline -0.003 -13"><span class='ocrx_word' id='word_1_1034' title='bbox 2102 5146 2527 5213; x_wconf 89' lang='lat' dir='ltr'><strong>ipsiusmet,qui</strong></span> <span class='ocrx_word' id='word_1_1035' title='bbox 2544 5146 2600 5196; x_wconf 90' lang='lat' dir='ltr'><strong>in</strong></span> <span class='ocrx_word' id='word_1_1036' title='bbox 2612 5143 3079 5207; x_wconf 81' lang='lat' dir='ltr'><strong>Hieronymianae</strong></span> <span class='ocrx_word' id='word_1_1037' title='bbox 3091 5146 3378 5196; x_wconf 87' lang='lat' dir='ltr'><strong>versionis</strong></span> <span class='ocrx_word' id='word_1_1038' title='bbox 3394 5145 3697 5209; x_wconf 82' lang='lat' dir='ltr'><strong>exemplar,</strong></span> 
     </span>
    </p>
   </div>
   <div class='ocr_carea' id='block_1_143' title="bbox 2098 5215 3699 5283">
    <p class='ocr_par' dir='ltr' id='par_1_143' title="bbox 2098 5215 3699 5283">
     <span class='ocr_line' id='line_1_144' title="bbox 2098 5215 3699 5283; baseline -0.005 -13"><span class='ocrx_word' id='word_1_1039' title='bbox 2098 5220 2219 5283; x_wconf 88' lang='lat' dir='ltr'><strong>jam</strong></span> <span class='ocrx_word' id='word_1_1040' title='bbox 2232 5224 2371 5269; x_wconf 90' lang='lat' dir='ltr'><strong>tunc</strong></span> <span class='ocrx_word' id='word_1_1041' title='bbox 2386 5222 2498 5268; x_wconf 89' lang='lat' dir='ltr'><strong>tem</strong></span> <span class='ocrx_word' id='word_1_1042' title='bbox 2506 5217 2656 5280; x_wconf 90' lang='lat' dir='ltr'><strong>poris</strong></span> <span class='ocrx_word' id='word_1_1043' title='bbox 2668 5215 3050 5278; x_wconf 85' lang='lat' dir='ltr'><strong>depravatum</strong></span> <span class='ocrx_word' id='word_1_1044' title='bbox 3064 5215 3354 5275; x_wconf 89' lang='lat' dir='ltr'><strong>inciderit,</strong></span> <span class='ocrx_word' id='word_1_1045' title='bbox 3364 5219 3455 5264; x_wconf 88' lang='lat' dir='ltr'><strong>ubi</strong></span> <span class='ocrx_word' id='word_1_1046' title='bbox 3472 5216 3699 5279; x_wconf 71' lang='lat' dir='ltr'><strong>negotia-</strong></span> 
     </span>
    </p>
   </div>
   <div class='ocr_carea' id='block_1_144' title="bbox 2105 5286 3697 5351">
    <p class='ocr_par' dir='ltr' id='par_1_144' title="bbox 2105 5286 3697 5351">
     <span class='ocr_line' id='line_1_145' title="bbox 2105 5286 3697 5351; baseline -0.003 -13"><span class='ocrx_word' id='word_1_1047' title='bbox 2105 5291 2246 5339; x_wconf 85' lang='lat' dir='ltr'><strong>tione</strong></span> <span class='ocrx_word' id='word_1_1048' title='bbox 2263 5302 2361 5351; x_wconf 89' lang='lat' dir='ltr'><strong>pro</strong></span> <span class='ocrx_word' id='word_1_1049' title='bbox 2377 5288 2662 5350; x_wconf 83' lang='lat' dir='ltr'><strong>negatione</strong></span> <span class='ocrx_word' id='word_1_1050' title='bbox 2677 5286 2983 5349; x_wconf 85' lang='lat' dir='ltr'><strong>legeretur.</strong></span> <span class='ocrx_word' id='word_1_1051' title='bbox 3020 5286 3263 5336; x_wconf 78' lang='lat' dir='ltr'><strong>Constat</strong></span> <span class='ocrx_word' id='word_1_1052' title='bbox 3293 5286 3450 5349; x_wconf 83' lang='lat' dir='ltr'><strong>quod</strong></span> <span class='ocrx_word' id='word_1_1053' title='bbox 3467 5287 3697 5337; x_wconf 85' lang='lat' dir='ltr'><strong>dicimus</strong></span> 
     </span>
    </p>
   </div>
   <div class='ocr_carea' id='block_1_145' title="bbox 2103 5355 3697 5424">
    <p class='ocr_par' dir='ltr' id='par_1_145' title="bbox 2103 5355 3697 5424">
     <span class='ocr_line' id='line_1_146' title="bbox 2103 5355 3697 5424; baseline -0.004 -12"><span class='ocrx_word' id='word_1_1054' title='bbox 2103 5359 2478 5424; x_wconf 88' lang='lat' dir='ltr'><strong>apertissime,</strong></span> <span class='ocrx_word' id='word_1_1055' title='bbox 2510 5370 2642 5408; x_wconf 92' lang='lat' dir='ltr'><strong>cum</strong></span> <span class='ocrx_word' id='word_1_1056' title='bbox 2679 5369 2752 5408; x_wconf 86' lang='lat' dir='ltr'><strong>ex</strong></span> <span class='ocrx_word' id='word_1_1057' title='bbox 2777 5355 3035 5419; x_wconf 89' lang='lat' dir='ltr'><strong>ejusdem</strong></span> <span class='ocrx_word' id='word_1_1058' title='bbox 3067 5357 3367 5419; x_wconf 88' lang='lat' dir='ltr'><strong>repetione</strong></span> <span class='ocrx_word' id='word_1_1059' title='bbox 3398 5357 3558 5407; x_wconf 88' lang='lat' dir='ltr'><strong>verbi</strong></span> <span class='ocrx_word' id='word_1_1060' title='bbox 3582 5355 3697 5407; x_wconf 82' lang='lat' dir='ltr'><strong>infe-</strong></span> 
     </span>
    </p>
   </div>
   <div class='ocr_carea' id='block_1_146' title="bbox 2100 5426 3695 5491">
    <p class='ocr_par' dir='ltr' id='par_1_146' title="bbox 2100 5426 3695 5491">
     <span class='ocr_line' id='line_1_147' title="bbox 2100 5426 3695 5491; baseline -0.004 -10"><span class='ocrx_word' id='word_1_1061' title='bbox 2100 5430 2240 5489; x_wconf 86' lang='lat' dir='ltr'><strong>rius,</strong></span> <span class='ocrx_word' id='word_1_1062' title='bbox 2270 5434 2389 5480; x_wconf 86' lang='lat' dir='ltr'><strong>tum</strong></span> <span class='ocrx_word' id='word_1_1063' title='bbox 2429 5427 2760 5491; x_wconf 68' lang='lat' dir='ltr'><strong>prmsertim</strong></span> <span class='ocrx_word' id='word_1_1064' title='bbox 2798 5439 2871 5477; x_wconf 87' lang='lat' dir='ltr'><strong>ex</strong></span> <span class='ocrx_word' id='word_1_1065' title='bbox 2916 5426 3185 5477; x_wconf 82' lang='lat' dir='ltr'><strong>subnexa</strong></span> <span class='ocrx_word' id='word_1_1066' title='bbox 3218 5426 3297 5477; x_wconf 88' lang='lat' dir='ltr'><strong>ibi</strong></span> <span class='ocrx_word' id='word_1_1067' title='bbox 3336 5427 3695 5491; x_wconf 85' lang='lat' dir='ltr'><strong>expositione.</strong></span> 
     </span>
    </p>
   </div>
   <div class='ocr_carea' id='block_1_147' title="bbox 2101 5496 3695 5562">
    <p class='ocr_par' dir='ltr' id='par_1_147' title="bbox 2101 5496 3695 5562">
     <span class='ocr_line' id='line_1_148' title="bbox 2101 5496 3695 5562; baseline -0.003 -12"><span class='ocrx_word' id='word_1_1068' title='bbox 2101 5502 2255 5560; x_wconf 84' lang='lat' dir='ltr'><strong>Idesl,</strong></span> <span class='ocrx_word' id='word_1_1069' title='bbox 2281 5499 2489 5562; x_wconf 86' lang='lat' dir='ltr'><strong>inquit,</strong></span> <span class='ocrx_word' id='word_1_1070' title='bbox 2519 5498 2659 5547; x_wconf 84' lang='lat' dir='ltr'><strong>sicut</strong></span> <span class='ocrx_word' id='word_1_1071' title='bbox 2679 5497 2910 5562; x_wconf 85' lang='lat' dir='ltr'><strong>quidam</strong></span> <span class='ocrx_word' id='word_1_1072' title='bbox 2945 5499 3253 5560; x_wconf 76' lang='lat' dir='ltr'><strong>negotiator</strong></span> <span class='ocrx_word' id='word_1_1073' title='bbox 3274 5498 3478 5559; x_wconf 83' lang='lat' dir='ltr'><strong>malus,</strong></span> <span class='ocrx_word' id='word_1_1074' title='bbox 3502 5496 3695 5559; x_wconf 78' lang='lat' dir='ltr'><strong>fraude,</strong></span> 
     </span>
    </p>
   </div>
   <div class='ocr_carea' id='block_1_148' title="bbox 2102 5566 3692 5635">
    <p class='ocr_par' dir='ltr' id='par_1_148' title="bbox 2102 5566 3692 5635">
     <span class='ocr_line' id='line_1_149' title="bbox 2102 5566 3692 5635; baseline -0.001 -16"><span class='ocrx_word' id='word_1_1075' title='bbox 2102 5586 2271 5635; x_wconf 80' lang='lat' dir='ltr'><strong>quam</strong></span> <span class='ocrx_word' id='word_1_1076' title='bbox 2296 5569 2727 5630; x_wconf 82' lang='lat' dir='ltr'><strong>mihiintulisset,</strong></span> <span class='ocrx_word' id='word_1_1077' title='bbox 2750 5567 2986 5632; x_wconf 84' lang='lat' dir='ltr'><strong>populus</strong></span> <span class='ocrx_word' id='word_1_1078' title='bbox 3007 5566 3312 5626; x_wconf 60' lang='lat' dir='ltr'><strong>laetabatur,</strong></span> <span class='ocrx_word' id='word_1_1079' title='bbox 3338 5572 3399 5620; x_wconf 84' lang='lat' dir='ltr'><strong>et</strong></span> <span class='ocrx_word' id='word_1_1080' title='bbox 3426 5568 3594 5633; x_wconf 85' lang='lat' dir='ltr'><strong>paulo</strong></span> <span class='ocrx_word' id='word_1_1081' title='bbox 3618 5567 3692 5617; x_wconf 89' lang='lat' dir='ltr'><strong>in-</strong></span> 
     </span>
    </p>
   </div>
   <div class='ocr_carea' id='block_1_149' title="bbox 2102 5638 3688 5704">
    <p class='ocr_par' dir='ltr' id='par_1_149' title="bbox 2102 5638 3688 5704">
     <span class='ocr_line' id='line_1_150' title="bbox 2102 5638 3688 5704; baseline -0.006 -12"><span class='ocrx_word' id='word_1_1082' title='bbox 2102 5642 2202 5704; x_wconf 83' lang='lat' dir='ltr'><strong>fra,</strong></span> <span class='ocrx_word' id='word_1_1083' title='bbox 2245 5640 2391 5689; x_wconf 87' lang='lat' dir='ltr'><strong>Idem</strong></span> <span class='ocrx_word' id='word_1_1084' title='bbox 2440 5654 2589 5689; x_wconf 83' lang='lat' dir='ltr'><strong>nunc</strong></span> <span class='ocrx_word' id='word_1_1085' title='bbox 2623 5652 2835 5703; x_wconf 84' lang='lat' dir='ltr'><strong>quoque</strong></span> <span class='ocrx_word' id='word_1_1086' title='bbox 2880 5638 3054 5687; x_wconf 82' lang='lat' dir='ltr'><strong>voluit</strong></span> <span class='ocrx_word' id='word_1_1087' title='bbox 3085 5638 3346 5702; x_wconf 76' lang='lat' dir='ltr'><strong>intelligi,</strong></span> <span class='ocrx_word' id='word_1_1088' title='bbox 3379 5640 3688 5703; x_wconf 76' lang='lat' dir='ltr'><strong>negotiatum</strong></span> 
     </span>
    </p>
   </div>
   <div class='ocr_carea' id='block_1_150' title="bbox 2098 5707 3692 5774">
    <p class='ocr_par' dir='ltr' id='par_1_150' title="bbox 2098 5707 3692 5774">
     <span class='ocr_line' id='line_1_151' title="bbox 2098 5707 3692 5774; baseline -0.004 -13"><span class='ocrx_word' id='word_1_1089' title='bbox 2098 5710 2340 5774; x_wconf 59' lang='lat' dir='ltr'><strong>Eﬂ‘raim</strong></span> <span class='ocrx_word' id='word_1_1090' title='bbox 2365 5712 2425 5760; x_wconf 87' lang='lat' dir='ltr'><strong>in</strong></span> <span class='ocrx_word' id='word_1_1091' title='bbox 2450 5725 2611 5760; x_wconf 87' lang='lat' dir='ltr'><strong>suam</strong></span> <span class='ocrx_word' id='word_1_1092' title='bbox 2633 5707 3020 5759; x_wconf 81' lang='lat' dir='ltr'><strong>contumeliam</strong></span> <span class='ocrx_word' id='word_1_1093' title='bbox 3057 5711 3466 5772; x_wconf 80' lang='lat' dir='ltr'><strong>conquerenda.</strong></span> <span class='ocrx_word' id='word_1_1094' title='bbox 3486 5714 3692 5759; x_wconf 73' lang='lat' dir='ltr'><strong>Jamvero</strong></span> 
     </span>
    </p>
   </div>
   <div class='ocr_carea' id='block_1_151' title="bbox 2103 5778 3689 5846">
    <p class='ocr_par' dir='ltr' id='par_1_151' title="bbox 2103 5778 3689 5846">
     <span class='ocr_line' id='line_1_152' title="bbox 2103 5778 3689 5846; baseline -0.004 -11"><span class='ocrx_word' id='word_1_1095' title='bbox 2103 5782 2256 5835; x_wconf 91' lang='lat' dir='ltr'><strong>aliud</strong></span> <span class='ocrx_word' id='word_1_1096' title='bbox 2279 5786 2367 5835; x_wconf 87' lang='lat' dir='ltr'><strong>est</strong></span> <span class='ocrx_word' id='word_1_1097' title='bbox 2390 5782 2543 5846; x_wconf 85' lang='lat' dir='ltr'><strong>quod</strong></span> <span class='ocrx_word' id='word_1_1098' title='bbox 2565 5781 2842 5833; x_wconf 88' lang='lat' dir='ltr'><strong>discimus</strong></span> <span class='ocrx_word' id='word_1_1099' title='bbox 2858 5779 2932 5831; x_wconf 85' lang='lat' dir='ltr'><strong>ab</strong></span> <span class='ocrx_word' id='word_1_1100' title='bbox 2955 5780 3446 5843; x_wconf 86' lang='lat' dir='ltr'><strong>Auctorenostro,</strong></span> <span class='ocrx_word' id='word_1_1101' title='bbox 3475 5781 3547 5833; x_wconf 87' lang='lat' dir='ltr'><strong>de</strong></span> <span class='ocrx_word' id='word_1_1102' title='bbox 3568 5778 3689 5831; x_wconf 77' lang='lat' dir='ltr'><strong>sacri</strong></span> 
     </span>
    </p>
   </div>
  </div>
