3880 6222
126 370 279 427 1021

1019 342 1093 422 ΪΝ
1130 371 1369 422 OSEAM
1406 370 1991 423 COMMENTARIUS.
2027 372 2235 424 LIBER
2268 373 2587 427 TERTIUS.

3310 376 3447 433 1022

123 483 345 556 fraim,
391 487 444 531 et
475 482 552 556 in_
570 480 693 529 dolo
714 485 907 530 domus
920 479 1101 556 Israel.
1295 485 1483 556 autem
1495 482 1646 556 testis
1655 481 1763 556 des-
1786 483 1839 556 Α
1862 481 2100 556 visitatio
2113 483 2460 556 superdacob,
2484 484 2657 556 Juxta
2669 484 2785 536 vias
2799 485 2931 550 ejus,
2944 490 2992 536 et
3004 486 3170 550 juxta
3179 487 3448 538 adiuven-

124 554 325 604 cendit
360 567 495 602 cum
514 552 640 613 Deo,
658 556 847 602 etcum
866 553 1080 611 sanctis,
1099 552 1273 613 ﬁdelis
1297 551 1756 615 [incipitCAPUT

125 625 263 675 XII.
296 648 370 660 --
407 625 569 673 Vers.
600 622 650 675 1.
687 622 766 686 -]
794 622 1029 685 E/f'raim
1054 624 1225 687 pascit
1262 629 1497 684 ventum,
1523 630 1568 673 et
1590 625 1759 686 sequi-

126 700 227 743 tur
245 699 470 745 aestum.
505 694 631 742 Tota
654 693 739 741 die
758 693 1103 741 mendacium
1117 699 1161 741 et
1180 695 1475 742 vastitatem
1498 695 1759 758 multipli-

123 769 236 823 cat,
265 770 315 813 et
341 764 527 826 fadus
548 778 670 812 cum
686 764 925 827 Assyriis
946 764 1093 825 iniit,
1115 770 1160 812 et
1180 766 1354 813 oleum
1370 766 1428 812 in
1464 765 1759 830 AEgyptum

124 835 368 898 ferebat.
424 836 566 885 Cum
610 834 761 885 inter
804 835 1265 886 comminationis
1290 835 1567 894 fremitus,
1611 842 1758 899 ques

123 905 296 956 illius
330 904 619 968 temporis
646 903 787 955 ratio
813 904 1159 967 postulabat,
1182 918 1280 968 per
1309 918 1615 957 excessum
1636 907 1759 957 bre-

125 989 295 1039 vem,
325 974 692 1027 liberationis
708 974 919 1036 gaudia
942 976 1281 1038 contigisset
1297 991 1309 1027 :
1323 977 1396 1027 ad
1410 989 1762 1040 consequen-

131 1048 284 1098 tiam
305 1050 607 1109 suscepta
619 1045 863 1097 actionis
876 1058 1194 1109 regressus,
1209 1047 1436 1098 Eﬂ‘raim
1452 1048 1660 1107 studia,
1679 1051 1758 1096 vel

127 1118 315 1181 quasi
340 1121 620 1175 maestus,
648 1116 914 1178 velquasi
930 1116 1267 1179 indignatus
1279 1118 1644 1180 exsequitur:
1667 1132 1759 1169 se-

131 1188 282 1238 dulo
297 1186 1628 1250 curans,sicutfrequenternotavi,denunciatis
1644 1204 1759 1249 sup-

132 1259 336 1324 pliciis
356 1260 670 1310 subtexere
689 1258 1462 1321 speciesmagnitudinesque
1474 1262 1756 1321 culparum,

132 1342 277 1392 qua
292 1330 449 1380 nihil
463 1328 698 1381 invidia
710 1329 1077 1379 commotioni
1090 1330 1216 1392 ejus
1231 1329 1578 1392 relinquant,
1594 1336 1759 1378 osten-

131 1401 411 1463 dantque
435 1399 530 1450 illa
556 1397 706 1467 46|
741 1399 1019 1463 supplicia
1048 1412 1170 1451 non
1219 1400 1377 1461 vitio,
1413 1401 1513 1453 sed
1541 1400 1758 1462 judicio

132 1471 332 1523 fuisse
355 1471 599 1536 prolata.
632 1471 722 1520 Sic
745 1482 881 1532 ergo
904 1482 1037 1532 qua
1061 1475 1201 1522 sunt
1223 1483 1323 1534 per
1340 1484 1646 1523 excessum
1669 1472 1759 1522 in-

138 1542 418 1607 teriecta,
453 1544 671 1606 ponent
693 1539 916 1591 facilem
946 1541 1250 1604 prasentis
1274 1554 1479 1594 versus
1502 1543 1574 1593 ad
1599 1555 1759 1605 supe-

135 1614 294 1665 riora
319 1616 697 1665 contextum:
714 1611 776 1661 id
800 1616 909 1675 est,
934 1613 1142 1675 Juqum
1164 1612 1472 1675 imponetur
1503 1614 1595 1673 eis,
1611 1614 1761 1676 quod

139 1700 261 1733 non
285 1684 594 1746 auferetur.
610 1684 750 1734 Cum
761 1682 959 1745 itaque
978 1683 1296 1733 Circumded
1304 1684 1341 1733 it
1354 1699 1436 1733 me
1448 1685 1509 1733 in
1519 1685 1758 1748 negotia-

138 1757 289 1804 tione
310 1754 564 1818 Eﬂ‘raim
590 1759 635 1802 et
658 1754 719 1802 in
745 1754 864 1803 dolo
881 1754 1072 1803 domus
1085 1755 1265 1813 Israel,
1287 1755 1454 1814 idest,
1473 1754 1623 1806 sicut
1637 1755 1757 1818 qui-

1863 553 2030 602 tiones
2051 553 2166 616 ejus
2197 554 2373 602 reddet
2407 554 2472 603 ei.
2495 555 2733 608 Nomine
2752 557 2951 621 Jacob,
2979 557 3178 611 decem
3196 559 3457 612 tribuum

1858 624 2099 687 populos
2124 624 2410 675 indicavit.
2439 625 2752 678 Diversitas
2770 629 3117 687 studiorum,
3139 631 3339 692 inquit,
3364 630 3452 681 di-

1858 694 2191 746 versitatem
2218 707 2446 758 quoque
2467 704 2484 724 ·
2515 698 2956 759 expugnationis
2977 699 3184 761 exegit,
3214 704 3281 751 ut
3299 700 3451 763 judi-

1858 766 2011 816 cium
2036 766 2253 816 Domini
2270 778 2369 829 pro
2380 767 2409 816 J
2417 765 2546 817 uda
2566 765 2748 816 salute
2767 768 3122 832 consisteret,
3144 769 3453 823 Samarites

1858 849 1994 888 vero
2020 835 2269 887 visitatio
2295 848 2492 887 severa
2513 836 2854 898 percelleret.

1922 909 2083 958 Vers.
2101 906 2225 961 3.-6.
2254 935 2313 944 ——
2352 909 2417 956 In
2448 912 2597 955 utero
2634 907 3003 970 supplantavit
3023 911 3251 972 fratrem
3270 926 3454 973 suum,

1857 982 1902 1025 et
1922 978 1979 1025 in
1998 975 2495 1045 fortitudinc462
2528 993 2631 1027 sua
2655 978 2883 1027 directus
2906 985 2976 1027 est
3006 995 3128 1029 cum
3145 982 3366 1045 Angela.
3388 983 3454 1030 Et

1858 1048 2027 1096 valuit
2058 1049 2166 1111 [ΑΙ.
2196 1049 2454 1112 invaluit]
2480 1049 2907 1113 adAngelum,et
2928 1050 3257 1112 confortatus
3287 1058 3375 1116 est,
3410 1060 3455 1101 et

1855 1120 2012 1183 ﬂevit,
2041 1126 2086 1168 et
2107 1122 2318 1183 rogavit
2342 1135 2463 1169 eum
2484 1136 2495 1171 ε
2515 1121 2577 1169 in
2594 1121 2776 1170 Bethel
2788 1122 2991 1169 invenit
3006 1136 3146 1185 eum,
3159 1126 3203 1170 et
3226 1122 3300 1171 ibi
3313 1123 3456 1173 locu-

1861 1195 1944 1238 tus
1959 1197 2029 1239 est
2066 1191 2359 1241 nobiscum.
2380 1191 2401 1220 "
2435 1193 2502 1241 Et
2525 1193 2598 1241 ad
2621 1193 2921 1241 Dominum
2954 1192 3125 1242 Deum
3149 1198 3303 1241 tuum
3324 1208 3455 1242 con-

1858 1261 2108 1309 verteris:
2137 1262 2571 1310 misericordiam
2588 1268 2633 1311 et
2642 1262 2923 1325 judicium
2944 1262 3150 1311 custodi
3166 1268 3211 1311 et
3226 1277 3382 1326 spera
3398 1263 3453 1311 in

1856 1331 1964 1379 Deo
1991 1336 2080 1380 tuo
2100 1347 2324 1395 semper.
2359 1332 2711 1384 Recordatur
2734 1335 2800 1384 ut
2833 1346 3009 1397 supra
3029 1334 3220 1397 capit,
3251 1333 3456 1385 nobili-

1859 1402 1993 1453 tatis
2005 1402 2282 1465 antiqua,
2302 1407 2361 1454 ut
2381 1404 2656 1466 quicquid
2669 1404 2957 1455 honorum
2971 1404 3145 1467 stirps
3162 1404 3459 1466 electaprc-

1856 1472 2082 1536 meruit,
2096 1473 2187 1525 vel
2203 1474 2476 1537 quicquid
2490 1474 2725 1526 virtutis
2737 1475 3005 1539 ostendit,
3018 1475 3092 1526 ad
3104 1474 3457 1538 arguendam

1856 1555 1875 1577 ο
1900 1546 2261 1607 posterorum
2285 1543 2568 1596 vilitatem
2612 1545 2888 1608 proﬁciat.
2923 1546 3007 1596 Ac
3031 1546 3080 1596 si
3103 1546 3345 1596 diceret:
3372 1547 3452 1596 En

1857 1625 1969 1676 quo
1994 1619 2230 1677 parente
2246 1616 2521 1678 generati,
2546 1616 2614 1665 ad
2631 1627 2763 1679 qua
2775 1616 3021 1667 ludibria
3036 1618 3449 1679 pervenerunt:

1857 1691 2255 1748 quantumque
2279 1697 2313 1736 a
2330 1685 2651 1749 priscorum
2685 1686 3104 1749 degeneravere
3123 1687 3450 1737 virtutibus.

1853 1756 2032 1806 Jacob
2057 1755 2344 1819 siquidem
2365 1756 2445 1806 ita
2469 1756 2579 1807 fuit
2617 1761 2896 1820 appetens
2921 1756 2944 1785 ‘
2966 1756 3181 1819 gloria,
3218 1760 3282 1807 ut
3302 1759 3454 1808 ante-

138 1826 280 1912 dam
292 1824 843 1912 ne‘go‘tiatormalu‘s,
857 1824 1056 1912 fraude
1068 1836 1242 1887 quam
1253 1826 1393 1912 mihi
1410 1828 1660 1912 intulisset
1674 1841 1756 1912 po-
1784 1837 1836 1912 Β
1860 1838 2033 1907 quam
2054 1827 2126 1908 in.
2134 1827 2284 1908 hanc
2308 1827 2497 1912 lucem
2512 1827 2582 1877 de
2606 1832 2770 1879 utero
2784 1827 3456 1912 matris‘exir‘et,‘prophe-

139 1896 347 1961 pulus,
367 1896 695 1954 latabatur,
716 1895 1070 1958 putabatque
1086 1910 1198 1944 cum
1211 1900 1502 1956 precabatur
1513 1911 1564 1944 se
1580 1899 1756 1946 illude-

137 1979 341 2027 re,nec
354 1968 496 2029 quia
507 1965 870 2017 clementiam
881 1978 1070 2018 meam
1080 1969 1599 2018 noveratsubvenire
1611 1983 1755 2017 vexa-

139 2038 556 2103 tis,plagarum
571 2042 822 2099 tempore
836 2050 1008 2088 suum
1021 2038 1399 2089 confitebatur
1408 2053 1622 2087 errorem
1642 2058 1652 2097 ;
1666 2042 1750 2087 sed

140 2109 281 2172 quia
299 2122 406 2159 cor
420 2110 550 2171 ejus
576 2120 694 2159 non
705 2112 827 2159 erat
839 2113 1060 2159 rectum
1074 2120 1432 2170 mecum,nec
1447 2112 1749 2158 emendatio-

140 2191 280 2232 nem
294 2180 550 2231 ﬂdeliter
560 2180 946 2243 promittebat,
971 2179 1310 2230 instarillius
1327 2180 1650 2241 Pharaonis,
1663 2181 1751 2240 qui

142 2251 247 2302 ubi
264 2251 523 2313 primum
539 2251 1001 2304 acalamitatibus
1016 2250 1372 2313 respirasset,
1384 2251 1454 2301 ad
1479 2253 1667 2310 ﬂagitia
1683 2266 1755 2299 re-

141 2323 438 2373 currebat.
466 2320 569 2373 Vel
593 2326 765 2383 certe,
790 2327 856 2373 ut
878 2322 938 2372 in
957 2321 1080 2384 ipso
1112 2320 1239 2371 libri
1266 2321 1558 2373 volumine
1577 2338 1752 2382 expro-

141 2392 340 2443 bravit
362 2393 660 2456 propheta,
687 2393 822 2455 quia
836 2404 1043 2444 aurum
1059 2394 1116 2443 et
1131 2393 1432 2455 argentum
1457 2402 1749 2454 caeteraque,

142 2462 237 2514 vel
262 2463 339 2513 ad
369 2463 799 2526 victum,velad
822 2462 1045 2515 cultum
1060 2463 1418 2526 pertinentia,
1444 2465 1749 2526 quaaDeo

144 2539 506 2598 susceperat,
519 2533 800 2585 idolorum
817 2534 994 2585 cultui
1006 2532 1411 2599 mancipabant
1422 2550 1437 2582 :
1449 2534 1600 2585 idem
1615 2549 1750 2584 nunc

145 2617 383 2668 quoque
412 2604 596 2657 voluit
618 2605 1241 2667 intelligi,negotiatum
1267 2605 1495 2656 Effraim
1511 2605 1570 2655 in
1581 2617 1747 2655 suam

145 2675 586 2739 contumeliam,
599 2676 1027 2739 conquerendo:
1047 2689 1179 2727 cum
1196 2676 1460 2728 videlicet
1474 2676 1748 2727 mentire-

147 2753 243 2799 tur
269 2758 335 2798 se
357 2747 434 2797 ab
458 2746 642 2811 idolis,
674 2751 882 2798 cuncta
904 2759 1037 2809 qua
1059 2759 1094 2798 a
1116 2748 1232 2798 Deo
1251 2751 1599 2811 perceperat,
1612 2759 1749 2798 con-

148 2822 443 2868 secutum.
472 2816 581 2868 Sed
598 2830 732 2869 cum
744 2816 944 2869 decem
956 2817 1162 2868 Tribus
1179 2819 1289 2869 sub
1306 2817 1558 2880 regibus,
1576 2817 1675 2880 qui
1689 2818 1747 2868 in

146 2888 316 2940 titulo
342 2887 749 2953 praeferuntur,
773 2889 863 2939 his
899 2901 1045 2952 quas
1068 2888 1320 2940 diximus
1348 2888 1747 2952 iniquitatibus

153 2958 537 3021 sorduissent,
552 2959 727 3009 Judas
752 2959 938 3011 adhuc
962 2960 1321 3023 aliquantum
1345 2971 1379 3010 a
1401 2959 1568 3012 fratre
1585 2960 1750 3011 dissi-

154 3030 304 3082 milis
339 3030 609 3079 descendit
629 3045 752 3079 cum
774 3030 880 3080 Deo
912 3031 1068 3093 testis,
1112 3037 1156 3078 et
1184 3045 1307 3080 cum
1335 3031 1535 3082 sanctis
1555 3030 1744 3093 ﬁdelis.

150 3100 213 3151 Id
235 3105 348 3165 est,
374 3100 708 3162 religiosum
722 3100 927 3152 ducem
940 3100 1239 3152 Ezechiam
1266 3102 1756 3160 secutus,studuit

154 3173 521 3235 majestatem
542 3170 757 3223 divina
784 3171 1422 3235 prolectionis,etﬂdem
1436 3173 1755 3237 promissio-

1858 1896 2240 1948 ticuminierit
2270 1910 2404 1948 cum
2436 1898 2607 1948 fratre
2623 1901 2913 1949 certamen
2941 1896 3242 1960 (Gen.35.):
3270 1900 3455 1961 quod-

1853 1980 1969 2030 que
2000 1968 2096 2019 vix
2126 1968 2251 2031 ipsa
2265 1969 2638 2020 naturacredi
2656 1968 3025 2032 permitteret,
3052 1967 3304 2031 plantam
3325 1980 3454 2033 ger-

1852 2038 2135 2099 mani,cui
2146 2042 2266 2090 erat
2278 2039 2450 2090 etiam
2478 2039 2859 2103 primogenita
2885 2051 2999 2089 non
3025 2037 3320 2089 fraudibus
3351 2040 3449 2091 sed

1853 2122 1943 2159 me
1950 2110 2070 2159 ritis
2083 2113 2404 2172 erepturus,
2430 2110 2660 2161 invasit.
2680 2109 3019 2173 Auspicium
3033 2121 3169 2172 ergo
3181 2108 3327 2160 lucis
3337 2124 3447 2158 cum

1854 2181 2185 2231 testimonio
2198 2180 2493 2243 dignitatis
2507 2181 2844 2244 assumpsit,
2861 2180 3174 2232 ostendens
3186 2179 3447 2232 videlicet

1853 2250 2008 2312 quod
2034 2249 2242 2313 placita
2254 2251 2368 2300 Deo
2380 2249 2619 2314 polleret
2634 2250 3129 2311 generositate,cui
3141 2249 3365 2313 frugem
3375 2264 3456 2298 se-

1852 2327 2072 2374 cutura
2094 2322 2321 2373 virtutis
2334 2322 2673 2386 contigisset
2690 2324 2864 2374 etiam
2876 2327 3010 2373 ante
3026 2322 3312 2373 sentiendi
3325 2328 3450 2370 tem-

1848 2405 2003 2457 pora,
2026 2392 2293 2456 polliceri.
2323 2394 2527 2456 Sicque
2550 2393 2841 2458 deinceps,
2884 2405 3017 2444 cum
3045 2393 3117 2444 ad
3134 2392 3449 2455 juvenilem

1849 2465 2106 2516 venisset
2123 2468 2374 2521 atatem,
2393 2466 2451 2516 et
2464 2469 2735 2528 percepta
2752 2466 2874 2527 jam
2898 2464 3267 2527 primogeniti
3288 2465 3454 2516 bene-

1848 2534 2099 2586 dictione
2110 2534 2477 2597 conspicuus,
2489 2536 2743 2586 trucibus
2754 2534 2943 2586 fratris
2958 2538 3317 2599 appeteretur
3332 2537 3454 2582 insi‘

1849 2605 1977 2663 diis,
2002 2604 2241 2666 longum
2264 2603 2841 2666 exilium,consilium
2859 2607 3073 2656 sancta
3097 2604 3295 2655 matris
3306 2618 3454 2653 secu-

1848 2678 1963 2735 tus,
1989 2675 2226 2738 arripuit
2253 2690 2263 2722 :
2292 2674 2579 2737 nullisque
2604 2674 2906 2726 °humanis
2922 2675 3148 2737 opibus,
3173 2678 3451 2725 caterum

1848 2746 1950 2796 Dei
1972 2749 2217 2805 tantum,
2242 2744 2333 2795 cui
2359 2744 2514 2808 apud
2543 2744 2742 2796 Bethel
2773 2745 2881 2795 sibi
2905 2744 3204 2808 apparenti
3228 2746 3448 2792 decimas

1848 2820 2103 2876 voverat,
2115 2815 2372 2866 confisus
2383 2818 2441 2866 et
2452 2817 2825 2879 prosperatus
2840 2814 3073 2877 auxilio,
3086 2815 3365 2867 virtutum
3380 2820 3447 2865 ac

1846 2886 2060 2937 virium
2089 2896 2327 2937 suarum
2349 2884 2835 2948 magnitudinem,
2869 2897 3047 2947 quam
3068 2889 3202 2937 ante
3224 2885 3447 2947 experi-

1845 2961 2040 3008 mento
2056 2955 2367 3017 nesciebat,
2380 2955 2632 3019 agnovit.
2659 2956 2801 3007 Nam
2828 2968 2960 3007 cum
2977 2959 3108 3020 post
3129 2955 3286 3020 longi
3300 2958 3447 3006 tem-

1844 3027 1998 3091 poris
2017 3026 2293 3090 spacium,
2308 3026 2379 3077 ad
2398 3025 2816 3077 habitationem
2835 3030 3128 3090 paternam
3144 3024 3447 3090 locupleta-

1857 3101 1948 3149 tus
1970 3097 2199 3159 rediret,
2225 3098 2285 3147 et
2307 3096 2499 3147 subito
2512 3095 3016 3159 germaniterritus
3029 3097 3204 3144 fuisset
3216 3110 3445 3153 occursu,

1853 3168 2110 3232 Angelus
2133 3167 2195 3219 in
2211 3167 2401 3231 specie
2423 3166 2677 3218 hominis
2694 3167 2745 3218 ei
2772 3166 3041 3223 obviavit,
3065 3165 3449 3230 dignatusque

150 3234 586 3317 uisostendere,
607 3234 994 3317 atqueinejus
1009 3234 1250 3317 viribus,
1269 3234 1606 3317 salutissua
1620 3246 1753 3292 ﬁdu—
1783 3240 1939 3317 Cest
1983 3251 2117 3317 cum
2164 3238 2400 3317 tirnente
2424 3237 2667 3317 ‘luctari,
2712 3237 2794 3317 ita
2835 3248 2974 3317 sane
3022 3241 3088 3317 ut
3126 3234 3446 3317 nonnillum

149 3313 316 3377 ciam,
332 3312 430 3363 vel
452 3312 601 3363 inter
610 3317 900 3364 extremas
920 3312 1180 3365 miserias
1199 3312 1509 3365 collocavit.
1548 3315 1752 3377 Sicque

146 3383 397 3444 liberari,
424 3383 670 3434 mirabili
716 3384 1067 3446 defensione,
1102 3384 1464 3448 promeritus,
1502 3386 1756 3437 ostendit

150 3466 256 3505 nec
271 3459 468 3518 patres
487 3466 623 3505 suos
634 3453 813 3505 fuisse
825 3454 1115 3519 deceptos,
1133 3455 1231 3518 qui
1242 3456 1395 3506 hunc
1407 3467 1587 3505 unum
1601 3458 1751 3504 Deum

152 3527 272 3575 tota
292 3529 492 3577 mente
517 3524 851 3588 coluissent,
865 3538 972 3577 nec
998 3538 1059 3577 se
1073 3526 1328 3589 potuisse
1340 3525 1551 3576 diluvio
1575 3525 1754 3590 capti-

151 3596 351 3647 vitatis
378 3597 604 3661 operiri,
623 3598 721 3659 qui
746 3598 935 3648 veraci
948 3599 1404 3661 propugnatione
1420 3600 1665 3658 gauderet.
1681 3600 1754 3647 Ad

152 3671 550 3731 competentes
564 3668 739 3731 igitur
750 3668 895 3719 fines
908 3669 1152 3731 populus
1165 3673 1404 3731 uterque
1416 3668 1757 3733 pervenit,ut

154 3750 358 3789 verum
371 3740 557 3801 Deum
572 3743 855 3801 sequutus
867 3741 923 3788 et
934 3739 964 3787 J
970 3738 1114 3789 udas
1126 3744 1352 3803 patrum
1366 3743 1695 3790 sanctorum
1709 3746 1756 3787 et

156 3808 565 3861 miraculorum
590 3809 756 3861 testis
780 3808 1066 3860 evaderet.
1103 3811 1396 3862 Samarita
1420 3822 1572 3869 vero,
1606 3810 1757 3861 sicut

159 3878 330 3931 falsos
348 3881 490 3931 deos
507 3879 970 3942 relictaveritate,
997 3880 1317 3943 coluerunt,
1330 3882 1408 3933 ita
1418 3884 1582 3930 ventis
1597 3884 1753 3942 pasci,

90 4005 95 4010 ,
164 3952 347 4001 secuti
368 3953 600 4017 astum,
615 3951 670 4002 id
684 3955 790 4014 est,
815 3951 1097 4004 vanitates
1110 3958 1167 4004 et
1179 3953 1505 4015 perniciem,
1520 3955 1759 4012 detegun-

172 4024 279 4073 tur.
306 4022 521 4073 Relicta
547 4024 757 4087 quippe
778 4025 1237 4089 propugnatione
1252 4025 1372 4087 Dei,
1386 4036 1519 4086 qua
1543 4024 1757 4075 meritis

169 4094 290 4142 erat
307 4092 687 4157 impetranda,
716 4107 830 4145 non
853 4098 1061 4159 precio,
1088 4100 1211 4146 tum
1235 4096 1308 4145 ab
1342 4094 1608 4158 Assyriis,
1634 4099 1757 4145 tum

172 4163 243 4213 ab
267 4164 546 4228 Egyptiis
561 4165 775 4216 auxilia
786 4167 1203 4227 mercabantur,
1231 4169 1285 4215 et
1298 4165 1548 4229 Assyriis
1565 4165 1759 4216 videli-

163 4236 254 4284 cet
280 4235 606 4300 pecuniam,
632 4240 690 4287 et
732 4237 1015 4300 Egyptiis
1047 4236 1255 4296 oleum,
1298 4236 1355 4285 id
1391 4240 1497 4293 est,
1522 4248 1760 4287 munera

160 4303 262 4354 soli
304 4305 525 4367 fertilia,
543 4306 903 4370 destinando,
939 4320 1037 4371 per
1054 4319 1230 4358 unam
1254 4307 1460 4371 quippe
1488 4306 1757 4371 speciem,

169 4375 350 4428 multa
374 4378 641 4441 signavit.
669 4380 827 4439 Quod
853 4390 987 4441 ergo
1021 4381 1287 4429 secutum
1310 4384 1398 4429 est
1433 4378 1755 4430 audiamus.

224 4447 385 4500 Vers.
415 4447 542 4503 1—-
572 4449 854 4499 Judicium
884 4449 980 4498 Dei
1001 4449 1103 4514 [AL
1129 4450 1506 4514 Dominijcum
1525 4449 1691 4510 Juda,
1711 4454 1756 4499 et

1851 3314 2049 3361 exerta
2064 3309 2367 3372 majestate
2408 3307 2769 3371 deprimeret,
2790 3306 2890 3358 sed
2903 3306 3070 3370 quasi
3086 3306 3326 3370 aqualis
3337 3320 3451 3355 cum

1853 3380 2091 3439 amulo,
2107 3379 2412 3431 inferiorve
2437 3382 2696 3430 certaret.
2724 3378 2888 3440 Quod
2903 3378 3005 3429 ubi
3026 3379 3229 3429 beatus
3256 3377 3452 3436 Jacoh,

1852 3455 1918 3502 ut
1942 3450 2105 3502 falix
2141 3451 2362 3509 robore,
2398 3450 2480 3501 ita
2512 3449 2688 3501 etiam
2724 3448 3028 3513 prudentia
3050 3447 3332 3507 oculatus,
3356 3459 3455 3499 as-

1852 3523 2029 3587 pexit,
2058 3521 2325 3575 v1delicet
2355 3520 2670 3573 Dominum
2708 3532 2881 3573 suum
2914 3531 3129 3583 magna
3155 3520 3366 3583 pietate
3392 3531 3454 3569 se

1851 3593 1979 3645 ideo
1997 3593 2358 3654 submittere,
2372 3597 2439 3643 ut
2451 3604 2583 3655 qua
2595 3592 2664 3643 de
2678 3591 2827 3643 servi
2840 3590 2929 3642 sui
2948 3589 3347 3641 sublimatione
3358 3592 3457 3638 dis-

1853 3669 2144 3728 posuerat,
2184 3663 2484 3727 indicaret,
2509 3662 2568 3713 id
2591 3666 2700 3727 est,
2734 3661 2889 3725 quod
2913 3673 2979 3712 eo
3012 3664 3327 3725 protectore
3353 3672 3448 3710 su-

1852 3735 2184 3786 blimandus
2197 3738 2370 3797 esset,
2388 3746 2502 3797 quo
2515 3733 2898 3787 colluctatore.
2916 3732 3058 3783 bene
3070 3730 3359 3783 extitisset
3373 3744 3455 3778 su-

1856 3806 2056 3870 perior,
2081 3806 2359 3867 fieretque
2382 3804 2452 3855 ad
2478 3803 2916 3868 intelligendum
2931 3799 3359 3864 idoneus,quod
3376 3799 3453 3851 ita

1855 3890 1991 3928 eum
2020 3889 2189 3927 nemo
2213 3875 2544 3927 mortalium
2573 3874 2829 3935 violaret,
2858 3878 2922 3926 ut
2945 3886 3050 3925 nec
3076 3871 3331 3937 superior
3352 3882 3451 3921 na-

1857 3952 1985 3998 tura
2008 3947 2260 4010 idipsum
2288 3946 2724 4009 possetetllcere
2743 3944 3009 4009 :proinde
3033 3956 3165 3995 cum
3185 3948 3303 3995 tam
3327 3954 3458 4006 pro-

1856 4017 2100 4068 fundum
2113 4016 2417 4067 consilium
2431 4015 2755 4080 patriarcha
2769 4016 3063 4078 sensisset,
3075 4014 3340 4078 spiritum
3357 4015 3458 4061 illl-

1856 4100 1921 4138 co
1939 4087 2280 4138 humilitatis
2296 4099 2414 4138 non
2426 4087 2690 4139 elationis
2702 4087 3067 4147 assumsit,et
3081 4089 3145 4137 ut
3160 4084 3454 4137 benedice-

1862 4163 2020 4209 retur
2043 4158 2115 4208 ab
2150 4170 2235 4215 eo,
2262 4158 2353 4208 cui
2376 4158 2683 4209 videbatur
2703 4157 3094 4220 pravaluisse,
3118 4155 3456 4219 lacrymosis

1857 4227 2375 4292 supplicationibus
2412 4227 2764 4291 depoposcit.
2800 4228 2917 4278 Nec
2940 4226 3035 4277 illa
3066 4224 3453 4276 colluctatoris

1855 4301 1946 4350 sui
1970 4299 2333 4350 simulatione
2362 4301 2631 4363 deceptus
2655 4301 2763 4361 est,
2788 4300 2854 4348 ut
2878 4310 2941 4349 se
2971 4296 3136 4360 quasi
3159 4296 3449 4347 fortiorem

1855 4372 2084 4434 putaret
2128 4383 2141 4419 :
2198 4370 2299 4421 sed
2354 4370 2504 4421 sicut
2559 4369 2631 4420 ad
2687 4368 2983 4421 ferendum
3037 4366 3283 4418 adversa
3338 4377 3454 4417 ma-

1854 4440 2186 4504 gnanimus,
2216 4440 2297 4491 ita
2319 4440 2393 4492 ad
2418 4439 2878 4503 dignoscendum
2901 4437 3126 4490 occulta
3149 4435 3450 4499 sollicitus,

166 4592 253 4670 tex
262 4593 375 4670 tus,
397 4603 571 4653 quem
585 4591 693 4670 sibi
709 4591 1416 4670 explicandumproponit,
1432 4592 1751 4670 partitione.

1857 4586 2033 4670 tuuin,
2058 4585 2168 4632 etc.
2197 4580 2368 4632 Paulo
2399 4584 2535 4645 post
2555 4592 2658 4644 pro
2680 4579 2903 4639 custodi,
2923 4584 2969 4627 et
2985 4569 3453 4670 speraiquemad-

168 4649 517 4728 lfostremum
544 4663 757 4726 quippe
782 4649 957 4725 hujus
981 4649 1191 4725 Capitis
1220 4649 1569 4715 versiculum
1585 4665 1757 4728 juxta

1857 4651 2096 4728 modum
2121 4654 2502 4713 restituimus,
2516 4662 2812 4717 perperam
2824 4655 2995 4702 antea
3009 4649 3323 4714 legebatur,
3334 4664 3455 4700 eua-

167 4726 629 4792 Vulgatam,cum
642 4733 825 4797 primo
838 4734 1251 4795 subsequentis
1262 4726 1617 4798 nectit,quod
1630 4736 1761 4782 indi-

168 4799 251 4850 cio
267 4804 370 4864 est,
390 4803 899 4866 Hieronymianam
913 4804 1257 4866 versionem,
1272 4817 1444 4868 quam
1465 4807 1537 4857 ob
1560 4804 1757 4857 oculos

168 4868 429 4932 habebat,
460 4875 533 4925 ab
557 4874 651 4925 illo
682 4888 797 4938 quo
831 4880 1157 4939 postremus
1187 4889 1344 4926 nunc
1369 4881 1476 4937 est,
1502 4876 1636 4928 olim
1657 4889 1758 4927 no-

170 4952 297 4992 vum
323 4945 653 5008 caputidest
672 4947 794 4995 XII.
809 4945 1130 4996 inchoasse.
1146 4946 1307 5006 Quod
1338 4947 1535 5009 utique
1558 4949 1615 4998 et
1636 4960 1759 4998 rec-

170 5010 278 5062 tius
296 5013 485 5079 habet,
509 5016 761 5067 maxime
786 5030 924 5068 vero
949 5018 1187 5080 antiqua
1212 5018 1439 5070 Hebrai
1464 5018 1756 5081 archetypi

166 5084 466 5141 partitione
499 5087 789 5149 probatur,
825 5087 920 5138 ubi
953 5089 1125 5150 caput
1148 5089 1271 5138 XII.
1307 5089 1379 5139 ab
1417 5088 1615 5139 eodem
1660 5087 1755 5139 illo

168 5163 334 5205 versu
371 5157 737 5206 Circumdedit
759 5173 858 5216 me,
900 5160 1006 5209 etc.
1032 5158 1259 5208 initium
1292 5159 1489 5219 sumit,
1515 5163 1572 5210 et
1600 5159 1753 5221 quod

165 5226 449 5287 pracedit,
479 5226 616 5277 solis
641 5227 907 5278 undecim
931 5228 1233 5279 versiculis
1245 5234 1487 5280 constat.
1502 5229 1589 5279 Ad
1605 5229 1753 5280 hanc

168 5297 437 5346 amussim
468 5297 970 5359 Hieronymianam
1012 5310 1242 5360 quoque
1274 5299 1593 5350 Editioncm
1618 5313 1756 5351 nos-

170 5362 307 5413 tram
329 5366 542 5427 referri,
568 5368 752 5418 satius
790 5369 912 5419 erit.

227 5442 244 5460 ·
270 5435 518 5488 Placeret
539 5439 724 5501 magis
753 5439 928 5489 veteri
954 5438 1165 5489 Editori
1190 5439 1534 5489 uisitationis.

227 5501 245 5531 δ
266 5506 607 5558 Eorumdem
644 5521 786 5571 pene
815 5510 1121 5560 verborum
1145 5522 1415 5560 occursus
1433 5509 1614 5561 fraudi
1650 5511 1755 5562 fuit

169 5575 501 5643 antiquario,
527 5582 591 5629 ut
612 5578 1010 5643 interpositum
1024 5580 1392 5643 versiculum,
1405 5582 1471 5629 Et
1485 5582 1753 5632 Dominus

172 5640 301 5714 Deus
322 5649 633 5710 exm'citum,
672 5640 955 5710 Dominus,
999 5650 1309 5699 memoriale
1343 5640 1475 5714 ejus,
1520 5657 1755 5714 prater-

172 5712 412 5785 mitteret
428 5717 663 5769 solemni
688 5718 1138 5771 describentium
1156 5721 1335 5784 lapsu.
1357 5712 1470 5783 Qui
1487 5712 1753 5785 subsequi-

172 5783 260 5835 tur
282 5798 455 5847 penes
470 5788 902 5852 Hieronymum,
927 5783 1239 5853 Vulgatum
1264 5792 1642 5855 interpretem,
1652 5783 1755 5857 “ip-

179 5862 417 5920 sumque
430 5859 737 5911 Hebraum
774 5861 1016 5920 textum,
1042 5861 1119 5913 ita
1141 5861 1333 5921 habet,
1352 5870 1395 5913 et
1420 5868 1475 5913 tu
1488 5864 1561 5912 ad
1583 5865 1751 5914 Deum

1855 4723 2013 4773 todiet
2045 4738 2221 4786 spera,
2240 4729 2346 4775 etc.
3184 4760 3190 4767 .

1923 4803 1939 4822 ε
1951 4793 2019 4842 Vi
2027 4793 2168 4844 tiose
2180 4794 2307 4845 heic
2319 4795 2490 4846 etiam
2512 4794 2824 4858 legebatur,
2838 4792 2911 4842 ad
2932 4793 3278 4855 urguendum
3292 4796 3454 4857 poste-

1854 4878 2045 4912 rorum
2068 4864 2375 4913 utilitatem.
2411 4864 2737 4929 Repositam
2754 4875 2790 4915 a
2811 4863 2979 4915 nobis
3002 4861 3307 4915 lectionem
3322 4874 3455 4916 sen—

1856 4948 1958 4986 sus
1976 4934 2088 4985 loci
2114 4938 2540 4999 contextusque
2564 4935 2793 4987 evincit.

1918 5006 1938 5035 ει
1950 5008 2150 5058 Denuo
2167 5010 2338 5059 vetus
2356 5009 2564 5069 Edilor,
2591 5020 2763 5071 quem
2780 5005 2926 5058 nihil
2940 5005 3130 5057 solent
3147 5003 3451 5057 manifesta

1853 5078 2315 5141 gravissimeque
2326 5080 2537 5130 menda
2552 5090 2800 5142 movere,
2812 5078 2875 5129 in
2894 5076 2985 5127 his
2999 5087 3133 5139 qua
3146 5076 3287 5127 satis
3297 5081 3452 5127 recte

1852 5148 2082 5207 habent,
2109 5149 2404 5211 ingenium
2417 5154 2661 5202 exercet.
2675 5149 2816 5201 Heio
2830 5148 3020 5213 gratiae
3043 5145 3237 5197 mallet
3247 5145 3450 5197 rescri-

1852 5220 1909 5269 bi
1933 5232 2033 5283 pro
2056 5219 2256 5283 glorise.

1916 5299 1934 5319 ⁶
1958 5290 2425 5353 Prapositionem
2463 5290 2525 5339 de
2548 5289 2683 5340 hinc
2705 5289 3029 5341 amovimus
3057 5305 3069 5340 :
3097 5294 3221 5340 tum
3247 5290 3451 5341 subse-

1853 5362 2052 5425 quenti
2094 5375 2265 5413 versu
2301 5373 2402 5425 pro
2442 5361 2678 5410 decimus
2700 5366 2938 5423 noverat,
2981 5359 3134 5423 quod
3168 5359 3448 5410 hactenus

1852 5453 1985 5492 cum
1998 5441 2134 5491 recti
2154 5453 2364 5492 sensus
2376 5440 2682 5505 dispendio
2698 5440 3011 5501 obtinebat,
3029 5438 3447 5502 rescripsimus,

1852 5511 2087 5561 decimas
2106 5517 2336 5573 voverat,
2360 5514 2620 5574 satisque
2644 5512 2723 5562 ita
2741 5521 2898 5561 vera
2916 5508 3227 5572 scriptioni,
3248 5511 3447 5571 locique

1850 5582 2161 5646 integritati
2197 5582 2526 5633 consultum
2560 5582 2846 5633 ducimus.
2874 5580 3054 5630 Vetus
3087 5579 3284 5631 Editor
3306 5580 3447 5631 satis

1850 5652 2046 5704 habuit
2058 5652 2369 5704 adnotasse
2381 5656 2506 5702 alias
2518 5654 2635 5715 legi,
2649 5667 2743 5701 nec
2753 5652 2817 5700 de
2826 5650 2952 5700 ullis
2965 5650 3226 5700 humanis
3238 5650 3443 5714 opibus,

1849 5725 1938 5772 sed
1982 5725 2077 5773 Dei
2117 5728 2348 5786 tantum,
2394 5728 2502 5776 etc.
2549 5723 2795 5775 Omnino
2824 5722 2922 5773 ubi
2954 5721 3234 5773 mendum
3271 5720 3444 5783 idque

1849 5794 2260 5857 gravissimum
2284 5795 2535 5854 cubaret,
2569 5805 2687 5846 non
2710 5792 3007 5844 intellexit.
3261 5796 3265 5800 '

3286 5940 3316 5964 Ο
