3880 6222
402 306 542 361 1023

1471 303 1739 356 RUFINO
1773 301 2236 354 PRESBYTERO
2269 302 2657 356 ASCRIPTUS

3636 286 3751 342 103$

400 417 701 489 intellexit,
737 417 928 489 ipsum
973 429 1109 470 esse
1153 417 1254 480 qui
1288 430 1350 469 se
1388 412 2002 489 comprehensibilibus
2026 413 2461 489 Amiam.Nam
2478 427 2628 489 cum,
2653 413 3029 489 denunciatis
3044 423 3149 475 per
3174 408 3422 489 multos
3446 403 3752 489 prophetas

402 487 754 551 imaginibus
781 488 1378 552 dignareturinduere,
1402 501 1574 551 quem
1592 485 1995 547 vidissetapud

402 558 621 619 Bethel,
643 557 813 609 scalas
837 571 871 607 a
889 563 1036 609 terra
1056 559 1115 609 in
1141 558 1348 610 caelum
1369 559 1743 622 pertingentis
1760 557 1996 604 cornibus

399 628 762 680 innitentem.
788 626 964 695 463
993 629 1077 680 Ibi
1093 643 1227 693 ergo
1240 631 1399 681 brevi
1415 627 1847 692 compellatione
1860 625 1997 675 didi-

401 700 549 751 cisse
566 700 790 755 meruit,
809 706 865 750 et
886 703 1100 761 quanta
1115 705 1268 751 esset
1291 699 1561 750 divinitas
1576 697 1921 761 apparentis.
1940 696 1997 746 et

403 771 557 832 quod
584 770 733 821 servi
754 770 937 820 fidelis
950 770 1218 832 ofﬁcium,
1237 772 1360 821 sine
1373 783 1486 832 quo
1501 772 1614 819 Deo
1632 768 1861 831 penitus
1879 766 1997 829 pla-

402 854 528 892 cere
545 853 660 891 non
676 841 874 902 possit,
894 842 1443 904 utomnipotentiam
1458 839 1720 890 videlicet
1734 838 1997 889 credatet

400 912 473 962 fat
484 912 1098 974 eaturauctoris,eique
1113 918 1231 963 tota
1244 916 1431 962 mente
1445 924 1542 974 per
1552 925 1628 957 om
1640 925 1748 957 nem
1761 911 1876 957 vitae
1890 924 1995 957 suae

399 982 652 1033 confidat
668 987 918 1034 (etatem.
936 983 1203 1031 Dominus
1229 983 1365 1031 Deus
1382 982 1714 1030 exercituum
1729 981 1995 1029 Dominus

403 1053 711 1102 memoriale
734 1052 865 1116 ejus.
894 1053 956 1103 Id
972 1054 1173 1113 est,ila
1199 1055 1299 1104 Dei
1325 1053 1407 1103 tui
1428 1065 1647 1103 memor
1668 1065 1794 1103 esse
1824 1051 1997 1102 debe-

401 1123 509 1187 bis,
529 1128 594 1175 ut
613 1124 803 1187 ipsum
828 1136 1054 1187 semper
1076 1129 1558 1187 propugnatorem
1581 1122 1995 1185 dominumque

397 1194 645 1246 fatearis.
684 1194 790 1245 Sed
821 1194 930 1245 hoc
965 1194 1037 1245 ad
1075 1195 1285 1258 dogma
1309 1195 1569 1259 respicit:
1600 1207 1636 1245 a
1671 1198 1828 1257 parte
1861 1206 1994 1245 vero

400 1278 646 1329 morum,
673 1266 930 1317 studium
955 1266 1207 1328 justicim
1235 1265 1991 1327 misericordiquze'custodi.

402 1336 571 1400 Spera
596 1337 656 1384 in
680 1337 784 1385 Deo
798 1342 887 1385 tuo
908 1351 1131 1400 semper,
1158 1342 1240 1401 ut,
1258 1337 1351 1388 vel
1371 1350 1500 1387 cum
1519 1350 1582 1387 eo
1596 1337 1863 1387 continua
1886 1339 1993 1383 vir-

400 1409 522 1459 tute
533 1406 835 1467 consistas,
854 1407 944 1457 vel
960 1408 1006 1458 si
1024 1407 1539 1471 fueritinterpolata
1553 1408 1867 1468 devotio,ad
1879 1421 1992 1453 eum

402 1482 664 1541 suscepta
678 1478 1555 1539 emendatione,concurras.t,)ua
1566 1492 1593 1529 s
1606 1479 1835 1529 virtutis
1851 1494 1997 1535 regu-

399 1548 581 1603 las,ad
600 1549 973 1599 beatitudinis
984 1551 1203 1614 apicem
1222 1554 1376 1601 certo
1396 1555 1589 1601 tenore
1602 1552 1837 1597 ducentes
1852 1556 1895 1596 et
1914 1551 1994 1596 fm-

398 1618 579 1671 liciter
592 1619 864 1681 exercuit,
884 1625 939 1671 et
955 1622 1194 1684 posteris
1213 1622 1333 1672 suis
1347 1620 1751 1671 custodiendas
1770 1621 1993 1679 reliquit,

401 1690 562 1742 Unde
574 1695 713 1741 etex
730 1691 942 1752 exiguo
956 1691 1099 1755 loco,
1119 1693 1172 1741 in
1192 1696 1414 1742 tantum
1429 1692 1727 1755 dignitatis
1752 1692 1994 1752 ascendit,

2098 477 2703 545 cladibus,JerusaIem
2719 486 3058 545 interiisset,
3078 489 3266 544 atque
3280 485 3419 531 tota
3448 480 3647 540 gente
3673 477 3747 524 Ju-

2095 556 2422 608 dzeorumin
2438 556 2811 619 Babyloniam
2838 555 3142 612 translata,
3158 551 3343 626 pauci
3358 548 3447 601 ad
3481 546 3752 626 colendos

2095 640 2265 691 agros
2310 632 2502 677 essent
2537 618 2735 685 relicti,
2786 628 3010 677 tantam
3055 624 3285 697 mentis
3315 633 3463 672 suae
3488 621 3555 669 in
3585 618 3752 697 delin-

2095 698 2324 761 quendo
2342 698 2707 761 pertinaciam
2726 697 3119 760 publicarunt,
3135 700 3205 747 ut
3222 695 3441 744 dicere
3454 702 3589 741 non
3612 694 3752 761 time-

2095 760 2239 830 rent,
2264 760 2399 832 quia
2421 782 2491 820 ex
2505 782 2619 832 quo
2635 768 2897 831 reginam
2920 767 3050 817 coeli
3070 766 3286 827 colere,
3313 770 3528 826 atque
3542 760 3751 824 reliqua

2094 841 2407 892 vicinarum
2437 840 2697 903 gentium
2726 839 2881 889 idola
2894 838 3287 901 destitissent,
3317 834 3537 886 exilio
3560 848 3751 893 quoque

2094 915 2347 974 tempore
2365 914 2571 961 cuncta
2592 923 2691 962 eos
2702 910 2952 961 adversa
2969 913 3397 972 sequerentur.
3416 908 3591 967 Ergo
3607 905 3655 966 ej
3668 916 3749 953 us-

2094 981 2246 1032 modi
2265 981 2646 1044 opinionibus,
2675 994 2809 1032 vero
2833 983 2894 1031 et
2918 979 3407 1030 clementissimo
3428 977 3574 1026 Deo
3595 977 3747 1038 quasi

2092 1053 2441 1103 calumniam
2475 1054 2939 1111 commovebant,
2965 1049 3290 1101 falsissime
3334 1046 3748 1113 praedicando,

2093 1123 2309 1175 fmlices
2333 1137 2394 1173 se
2418 1123 2693 1174 habuisse
2722 1123 2868 1181 dies,
2893 1135 3029 1173 cum
3051 1123 3126 1172 ab
3139 1118 3750 1173 eodiscederentmi-

2095 1207 2420 1255 seros,cum
2445 1194 2518 1246 ad
2543 1194 2701 1245 illum
2730 1194 3003 1244 redirent.
3029 1192 3284 1243 Proinde
3314 1191 3517 1242 fallax
3548 1190 3750 1239 mentis

2096 1266 2309 1317 trutina
2332 1268 2579 1316 Canaam
2604 1265 2789 1329 magis
2805 1264 3147 1327 illos,quam
3172 1263 3452 1317 Israelis,
3478 1260 3749 1319 fecitpcs-

2094 1341 2247 1388 teros
2269 1336 2736 1400 nuncupari,non
2756 1339 3185 1397 momentaneo,
3212 1337 3285 1385 ut
3300 1333 3624 1390 diximus,
3652 1331 3747 1381 im-

2094 1412 2229 1470 petu
2256 1407 2277 1437 δ
2302 1411 2575 1458 caeterum
2613 1406 2916 1469 explorata
2950 1405 3252 1468 impietate
3299 1406 3747 1466 peccantes:et

2092 1478 2220 1529 ideo
2254 1479 2374 1529 veri
2406 1478 2604 1538 judicii
2638 1477 2896 1542 pondera
2934 1489 3054 1527 non
3092 1477 3419 1535 habentes,
3455 1477 3525 1526 in
3576 1473 3745 1523 rebus

2092 1549 2463 1605 brevissimis,
2493 1550 2903 1599 etumbrarum
2919 1546 3106 1597 instar
3119 1546 3545 1599 elabentibus.
3567 1544 3743 1592 salutis

2094 1625 2152 1671 et
2183 1619 2575 1683 prosperitatis
2602 1631 2724 1670 suae
2749 1618 3027 1670 tlduciam
3061 1617 3473 1669 collocabant.
3521 1615 3739 1671 Omna,

2096 1692 2302 1755 inquit.
2336 1690 2538 1739 labores
2571 1690 2675 1737 mei
2716 1705 2829 1738 non
2867 1689 3149 1737 invenient
3182 1688 3341 1736 mihi
3370 1688 3735 1750 iniquitatem

402 1763 648 1847 utnterra
668 1761 1149 1847 Repromissionis
1174 1763 1356 1826 ipsius
1383 1762 1626 1843 posteris
1652 1760 1986 1847 traderetur.
2015 1772 2070 1847 B
2097 1778 2261 1826 quam
2274 1761 2499 1826 peccavi.
2519 1761 2578 1811 Id
2591 1766 2699 1822 est,
2718 1773 2850 1847 cum
2868 1758 3215 1847 perpetratis
3236 1758 3588 1847 sceleribus
3602 1772 3738 1815 urg;~

466 1831 622 1882 Vers.
650 1835 695 1881 7.
723 1829 771 1881 8.
802 1860 857 1867 ——
877 1835 1140 1892 (.‘anaam,
1170 1834 1228 1881 in
1251 1848 1423 1881 manu
1448 1833 1767 1896 ejusstnlera
1790 1832 1989 1894 dolosa,

398 1901 735 1950 calumniam
753 1903 956 1952 dilemit.
978 1904 1045 1951 Ει
1066 1905 1205 1952 dixit
1228 1904 1491 1966 Effraim,
1515 1905 1887 1954 Verumtamen
1914 1902 1993 1950 di-

401 1987 482 2021 ves
512 1971 724 2035 effectus
753 1988 894 2033 sum,
932 1975 1117 2023 inveni
1153 1975 1357 2022 idolum
1396 1975 1554 2033 mihi,
1592 1989 1774 2023 omnes
1794 1974 1993 2022 labores

400 2043 507 2091 mei
524 2058 629 2091 non
649 2043 922 2093 invenient
934 2046 1075 2093 mihi
1088 2046 1989 2108 iniquitatem,quampeccavi.Cum

403 2127 682 2178 generosa
706 2115 855 2166 beati
879 2117 1056 2166 Jacob
1082 2116 1226 2167 facta
1248 2122 1521 2174 narraret,
1539 2129 1573 2167 a
1606 2129 1720 2178 quo
1738 2120 1992 2179 posteros

403 2197 541 2236 suos
565 2185 943 2245 degenerasse
966 2189 1600 2251 conqueritur,Canaam
1619 2188 1809 2238 subito
1837 2188 1993 2236 intu-

402 2256 468 2307 lit
490 2258 861 2319 mentionem,
875 2270 991 2309 non
1008 2258 1153 2310 utad
1164 2264 1394 2322 gentem
1407 2258 1579 2309 aliam
1598 2258 1859 2309 transiret
1881 2274 1994 2304 oru-

402 2326 498 2386 tio,
526 2327 627 2377 sed
643 2332 707 2378 ut
730 2341 884 2379 more
908 2330 1331 2392 prophetarum,
1353 2342 1450 2393 per
1472 2329 1708 2380 nimiam
1732 2329 1995 2390 indigna-

405 2397 639 2449 tionem.
665 2399 909 2449 Canaam
941 2399 1100 2463 ipsos
1130 2401 1353 2451 Israelis
1390 2405 1650 2464 posteros
1674 2400 1997 2449 nominaret

402 2468 495 2519 cui
514 2468 787 2519 nimirum
818 2469 1117 2521 similiores
1142 2472 1397 2522 moribus
1420 2471 1801 2521 exstitissent.
1835 2472 1996 2521 Hanc

406 2544 597 2590 autem
626 2540 967 2592 invectionis
1005 2543 1273 2605 speciem,
1314 2547 1370 2592 et
1401 2542 1553 2605 apud
1576 2542 1718 2593 alios
1743 2542 1992 2605 quidem,

405 2610 505 2660 sed
529 2610 811 2674 praecipue
844 2612 997 2675 apud
1022 2614 1255 2664 beatum
1282 2615 1524 2674 Esaiam,
1547 2617 1603 2663 et
1624 2613 1993 2674 Ezechielem,

402 2685 461 2731 et
474 2681 627 2742 apud
642 2682 954 2745 Danielem,
970 2697 1103 2733 cum
1129 2698 1299 2735 senes
1324 2684 1612 2735 adulteros
1626 2684 1997 2734 convinceret

402 2751 748 2803 invenimus.
775 2755 963 2816 Hujus
979 2768 1111 2818 ergo
1137 2761 1332 2807 tenore
1358 2768 1635 2817 censurae,
1653 2756 1709 2805 in
1726 2754 1995 2819 praesenti

410 2834 639 2885 quoque
663 2824 786 2874 loco
810 2826 1278 2877 commemoratio
1297 2829 1564 2883 Canaam,
1583 2826 1637 2875 id
1664 2831 1754 2877 est
1776 2830 1995 2887 profante

406 2894 593 2955 gentis
618 2894 851 2946 inducta
885 2902 989 2959 est,
1022 2902 1086 2947 ut
1110 2898 1266 2948 fleret
1296 2911 1505 2948 sensus
1539 2898 1823 2959 ejusmodi
1852 2916 1862 2946 :
1891 2898 1995 2948 Sed

408 2964 543 3027 quid
560 2978 668 3028 ego
691 2966 847 3015 varia
861 2966 1111 3030 insignia
1127 2973 1379 3030 paterna:
1392 2968 1789 3030 generositatis
1804 2972 1994 3020 evolvo.

409 3049 442 3087 a
455 3036 667 3099 quibus
685 3038 851 3088 turba
874 3038 999 3097 ista,
1018 3051 1189 3100 quam
1204 3038 1402 3100 defleo,
1427 3043 1586 3089 tanto
1600 3040 1788 3101 spacio
1803 3043 1996 3100 dilapsa

406 3108 788 3171 convincitur,
816 3115 879 3159 ut
901 3122 1018 3159 non
1042 3110 1324 3160 immerito
1351 3110 1578 3161 soboles
1596 3112 1997 3162 Canaamnun—

406 3184 647 3242 cupetur
663 3184 686 3227 '2
712 3182 776 3230 In
792 3181 917 3243 ejus
941 3193 1075 3241 ergo
1099 3180 1859 3243 manu,calumniadiligenti
1880 3187 1995 3233 sta-

409 3255 541 3309 tera,
562 3249 662 3300 sed
686 3250 859 3300 nimis
883 3249 1098 3309 dolosa,
1122 3252 1385 3301 consistit
1412 3267 1423 3301 :
1459 3251 1610 3313 quod
1637 3264 1700 3301 eo
1738 3252 1903 3305 valet.
1930 3258 1996 3303 ut

403 3320 706 3372 ostendam
728 3320 890 3371 illum
903 3332 1017 3370 non
1038 3333 1244 3383 errore,
1258 3321 1356 3372 sed
1373 3322 1564 3372 studio
1580 3323 1770 3385 potius
1775 3327 1792 3382 j
1804 3326 1998 3371 udicio—

406 3403 514 3453 que
538 3390 887 3452 delinquere.
911 3390 1014 3441 Ubi
1033 3392 1188 3441 enim
1201 3391 1331 3441 talis
1354 3392 1565 3443 animus
1589 3394 1998 3444 versaturall‘e-

405 3466 552 3519 ctus,
579 3465 643 3510 ut
667 3474 784 3511 non
808 3461 1026 3523 impetu
1054 3466 1156 3511 aut
1182 3463 1549 3525 negligentia,
1567 3464 1665 3513 sed
1692 3478 1822 3514 cum
1855 3465 1996 3514 deli-

408 3530 716 3586 beratione,
744 3532 908 3592 quasi
931 3533 1229 3592 suspensis
1245 3534 1317 3581 ab
1342 3538 1581 3595 utraque
1593 3539 1751 3596 parte
1766 3538 1995 3594 ponderi-

405 3602 531 3661 bus,
544 3600 793 3650 nefanda
808 3601 1145 3660 committat,
1161 3602 1369 3653 dicitur
1385 3616 1651 3665 peccasse
1668 3607 1777 3655 sub
1794 3610 1995 3656 trutina.

405 3673 486 3721 De
512 3683 625 3731 quo
658 3683 833 3720 sensu
868 3670 1007 3721 illud
1031 3673 1205 3722 etiam
1228 3675 1378 3734 apud
1407 3674 1633 3725 beatum
1663 3677 1843 3726 David
1862 3675 1999 3738 legi-

408 3752 538 3790 mus
564 3754 576 3789 :
614 3741 989 3789 Verumtamen
1008 3744 1399 3806 mendaces/itii
1417 3746 1701 3794 hominum
1718 3748 1773 3794 in
1792 3748 1999 3795 stateris

408 3816 467 3859 ut
490 3810 761 3874 decipiant
790 3811 890 3876 ipsi
917 3813 978 3861 de
996 3816 1226 3863 vanitate
1238 3817 1297 3864 in
1311 3817 1567 3879 idipsum.
1587 3821 1725 3867 Cum
1746 3831 1878 3880 ergo
1891 3818 1999 3868 hoc

410 3883 763 3946 prmcipuum
785 3884 860 3934 sit
883 3884 1122 3936 humani
1145 3886 1360 3949 ingenii
1384 3901 1618 3951 munus,
1641 3890 1848 3951 utquid
1867 3891 2000 3941 obe-

406 3953 527 4003 dire
570 3954 793 4016 debeat,
820 3955 957 4017 quid
982 3956 1183 4019 vitare,
1220 3959 1625 4022 perpendiculo
1656 3960 1909 4020 rationis,
1946 3966 2001 4010 et

406 4025 716 4075 momentis
740 4025 1058 4078 collationis
1078 4032 1730 4094 examinetprofanatus
1754 4032 2000 4095 populus

405 4095 704 4147 veritatem
726 4097 785 4147 in
810 4098 1109 4150 mendacio
1134 4099 1414 4159 detinens,
1430 4102 1895 4161 admovitquitlem
1910 4110 2002 4150 sta-

408 4169 588 4217 teram
628 4169 893 4231 negotiis,
924 4171 1025 4221 sed
1048 4170 1305 4221 dolosam
1334 4189 1346 4224 :
1379 4173 1709 4224 melioribus
1736 4173 2002 4225 videlicet

410 4237 694 4289 deteriora
720 4252 1078 4304 praeponens,
1100 4247 1157 4293 et
1176 4244 1365 4293 noxiis
1380 4245 1563 4306 magis
1573 4257 1745 4306 quam
1767 4245 2001 4294 utilibus

407 4308 808 4371 adquiescens.
835 4312 995 4371 Quod
1006 4317 1198 4364 autem
1210 4316 1307 4373 ait,
1325 4315 1552 4364 Calumn
1564 4316 1673 4362 iam
1693 4315 1897 4369 dilexit.
1914 4328 2002 4378 po-

412 4383 523 4431 test
546 4385 604 4431 et
626 4381 698 4432 ad
721 4382 859 4433 illud
896 4384 1104 4444 referri,
1140 4386 1294 4447 quod
1328 4386 1386 4436 in
1413 4386 1803 4447 superioribus
1832 4398 2001 4436 accu-

410 4451 562 4502 savit
581 4467 593 4501 :
609 4452 663 4501 id
677 4457 783 4516 est,
803 4453 957 4517 quod
976 4460 1193 4506 tantum
1210 4456 1627 4518 impudentiam
1647 4457 1999 4520 plebsingra-

408 4525 481 4581 ta,
513 4523 678 4584 quasi
699 4525 971 4576 obscmna
1020 4524 1196 4593 464
1224 4527 1448 4588 mulier,
1486 4529 1788 4587 induisset,
1836 4533 1898 4578 ut
1947 4531 1996 4581 ei

406 4593 597 4645 omnia
619 4607 750 4657 qum
773 4596 865 4647 vel
879 4597 951 4648 ad
973 4600 1211 4662 cultum,
1227 4599 1397 4650 velad
1418 4599 1651 4659 victum,
1672 4613 1859 4650 rerum
1879 4601 1996 4647 uni-

408 4675 511 4713 cus
538 4670 757 4716 creator
778 4668 1113 4729 contulerat,
1140 4682 1173 4718 a
1198 4671 1319 4720 suis
1340 4671 1397 4721 id
1415 4684 1477 4721 se
1501 4671 1997 4732 consequiamato-

410 4734 568 4784 ribus
613 4737 967 4789 mentiretur.
1016 4741 1247 4803 Propter
1296 4741 1448 4804 quod
1486 4741 1667 4792 iratus
1702 4742 1997 4803 Dominus,

407 4803 737 4856 ablaturum
761 4820 822 4858 se
837 4814 896 4859 et
909 4809 1096 4859 lanam
1111 4816 1168 4861 et
1184 4803 1383 4871 linum,
1423 4824 1556 4874 quas
1590 4813 1849 4874 cperiant
1872 4815 1999 4863 e‘us

407 4875 801 4938 ignominiam,
835 4882 1172 4943 repromisit,
1197 4888 1262 4933 ut
1286 4884 1641 4944 ingratorum
1666 4884 1879 4934 scelera
1902 4884 2000 4933 de-

408 4945 665 4998 formitas
677 4949 977 4999 etnuditas
996 4958 1306 5003 secutacon
1317 4954 1585 5005 vinceret.
1609 4958 1647 5003 ll
1661 4956 2000 5015 ujusautem

409 5017 715 5071 calumnia
740 5019 1087 5073 denotantur
1107 5024 1259 5087 apud
1281 5026 1515 5076 beatum
1539 5038 1770 5088 quoque
1799 5026 2000 5077 Hiere-

473 5227 489 5247 '
528 5218 711 5269 Antea
751 5216 960 5269 vitiose
996 5218 1478 5282 misericordiaque
1510 5220 1757 5267 custodis.
1809 5220 1994 5283 Spera,

407 5294 513 5341 etc.
543 5290 824 5340 Casterum
858 5288 952 5340 illa
968 5291 1155 5340 omnis
1177 5290 1375 5341 Jacobi
1400 5290 1636 5341 historia
1655 5303 1789 5341 cum
1813 5292 2006 5343 Hiero-

415 5359 692 5421 nymiana
715 5361 1073 5425 expositione
1093 5360 1438 5412 conferenda
1460 5367 1567 5412 est.

469 5430 489 5458 "
514 5432 790 5483 Notatum
834 5434 1009 5485 veteri
1055 5434 1270 5485 Editori
1306 5433 1378 5484 ad
1421 5433 1547 5485 libri
1580 5447 1756 5495 oram,
1787 5436 1877 5483 sed
1902 5449 2001 5499 pro

402 5506 677 5565 czetcrum;
706 5509 903 5555 contra
929 5507 1195 5557 Auctoris
1220 5506 1517 5569 ingenium
1541 5519 1606 5556 ac
1641 5507 1876 5569 stylum.

421 5638 429 5646 _
475 5573 685 5646 °__Recte
709 5574 891 5625 eidem
929 5578 1298 5628 observatum
1326 5582 1419 5629 est
1442 5579 1522 5629 ita
1544 5577 1752 5628 melius
1776 5578 1906 5640 legi,
1931 5577 2002 5626 ad

402 5639 675 5712 άαᾳίςίτιτη
699 5660 941 5709 operum,
966 5661 1064 5709 pro
1089 5661 1203 5710 quo
1228 5654 1351 5700 erat
1373 5649 1735 5712 adjudtcandi
1759 5639 1997 5712 Operam.

474 5705 651 5785 "Quae
676 5705 1123 5785 Hierullyttiiana:
1141 5719 1310 5769 editio
1335 5705 1460 5769 heic
1499 5721 1669 5770 verba
1692 5705 1997 5770 interserit.

420 5776 517 5836 Qui
540 5776 705 5827 eduxi
730 5786 790 5841 te,
813 5776 944 5834 cum
962 5786 1242 5849 Vulgatus
1254 5790 1538 5853 interpres
1561 5795 1735 5851 atque
1756 5790 1877 5853 ipse
1892 5791 1999 5839 He-

523 5867 548 5888 4

2024 4546 2082 4619 D

2096 1836 2507 1896 rentur,tamen
2531 1836 2684 1882 tutos
2703 1845 2765 1882 se
2788 1832 2908 1882 fore
2924 1830 3237 1881 elaboratis
3251 1830 3480 1893 opibus
3492 1836 3734 1877 autum-:-

2095 1907 2254 1966 bant,
2280 1908 2508 1956 tantum
2533 1916 2594 1953 se
2617 1902 2930 1965 opulentia;
2941 1901 3250 1963 collegisse
3266 1901 3574 1957 dicentes,
3590 1902 3650 1947 ut
3665 1897 3729 1946 ad

2096 1990 2195 2028 eos
2222 1988 2337 2027 non
2356 1976 2823 2037 possetterumna
2846 1972 3189 2036 pervadere.
3211 1972 3325 2022 His
3341 1970 3602 2035 proinde
3617 1975 3731 2019 sta-

2096 2052 2237 2099 terae
2270 2058 2394 2097 sum
2442 2044 2738 2095 fraudibus
2760 2044 3139 2105 ludebantur,
3157 2056 3320 2103 cum,
3341 2045 3472 2093 Deo
3497 2042 3728 2093 θείειν)

2094 2121 2166 2171 ad
2192 2116 2507 2183 °judicium
2542 2128 2778 2179 operum
2826 2116 3168 2176 prodeunte,
3210 2117 3519 2177 putarent,
3572 2112 3723 2175 quod

2098 2189 2362 2254 supellex
2405 2186 2579 2245 varia,
2626 2185 2718 2238 vel
2762 2186 3010 2250 pecunia
3047 2185 3339 2236 conclusa
3371 2199 3508 2236 reos
3528 2188 3723 2248 prote-

2134 2263 2270 2313 eret.

2093 2276 2321 2383 εθξνεὲῐῖε.
2361 2331 2413 2385 9.
2459 2359 2515 2367 —
2553 2330 2618 2379 Et
2653 2343 2744 2391 ego
2795 2327 3070 2377 Dominus
3102 2327 3249 2375 Deus
3275 2321 3719 2390 tteug‘mﬁtrrm

2096 2404 2338 2466 Ᾱῐοῃριί,
2363 2403 2544 2451 adhuc
2579 2400 2755 2449 sedere
2777 2405 2821 2447 te
2839 2399 3050 2459 faciam
3077 2398 3137 2445 in
3163 2396 3559 2457 tabernaculis,
3583 2398 3720 2443 sint

2097 2476 2155 2523 in
2188 2473 2368 2522 diebus
2389 2472 2708 2534 festivitatis.
2730 2472 2972 2521 Staterse
2994 2481 3131 2531 ergo
3155 2467 3339 2527 illius,
3364 2468 3424 2519 id
3449 2474 3552 2532 est,
3578 2467 3721 2518 deli-

2098 2544 2405 2596 berationis
2428 2547 2542 2594 tum
2565 2540 2812 2601 fraudes,
2839 2541 3003 2590 exitu
3028 2552 3229 2589 rerum
3256 2544 3598 2597 attestante,
3622 2552 3715 2589 co-

2098 2629 2363 2682 gnosces,
2396 2619 2460 2665 ut
2493 2612 2647 2676 quod
2672 2612 2894 2662 ratione
2914 2610 3178 2671 noluisti,
3217 2622 3445 2671 angore
3470 2611 3712 2661 fatearis.

2096 2701 2190 2739 me
2213 2699 2345 2738 esse
2363 2685 2598 2737 unicum
2624 2686 2799 2733 l‘eum
2827 2687 3014 2741 tuum,
3041 2682 3142 2744 qui
3168 2684 3224 2731 te
3247 2694 3287 2731 a
3310 2686 3570 2745 tempore
3586 2683 3718 2731 libe-

2098 2759 2333 2810 rationis
2358 2755 2656 2819 Egyptian,
2673 2754 2732 2804 in
2754 2752 3107 2817 peculiarem
3128 2752 3423 2816 populum
3443 2766 3573 2803 sum
3586 2754 3708 2800 mihi

2097 2831 2369 2895 dignatus
2391 2827 2727 2879 adsciscere.
2754 2826 2933 2887 Cujus
2967 2823 3549 2874 animadversionem
3571 2823 3712 2875 adeo

2098 2901 2291 2959 nullis,
2317 2904 2418 2950 aut
2437 2896 2720 2963 presidiis,
2741 2900 2844 2947 aut
2867 2896 3089 2958 poteris
3113 2895 3342 2945 divitiis
3357 2909 3386 2946 s
3402 2896 3709 2947 ubmovere

2098 2978 2164 3024 ut
2186 2984 2304 3023 non
2340 2970 2527 3021 solum
2551 2966 2913 3018 denunciatse
2946 2967 3251 3017 servitutis
3272 2966 3489 3029 jugum
3520 2966 3707 3017 subire

2096 3044 2199 3095 tibi
2223 3054 2461 3094 necesse
2475 3040 2565 3098 sit,
2583 3051 2780 3089 verum
2801 3037 3041 3088 statutis
3055 3037 3171 3087 sub
3183 3050 3252 3087 ea
3268 3050 3505 3087 manere
3521 3045 3709 3097 tempe-

2096 3116 2274 3171 ribus,
2302 3113 2511 3175 quibus
2536 3109 2770 3160 demum
2782 3106 3056 3169 evolutis,
3081 3109 3300 3171 gaudia
3316 3108 3709 3171 libertatispo~

2019 3185 2067 3259 ρ
2097 3190 2312 3259 strema
2335 3181 2613 3259 gustabis.
2641 3182 2786 3259 Ergo
2802 3178 2914 3229 hoc
2926 3191 3138 3258 sensu,
3155 3179 3708 3259 int‘ercom‘minatioj

2094 3256 2187 3307 nis
2214 3254 2498 3314 fremitus,
2522 3250 2737 3313 aliquid
2751 3250 2823 3300 de
2844 3250 3142 3312 pr03peris
3158 3250 3710 3311 videturillatum,nt

2092 3328 2164 3379 ad
2195 3324 2685 3377 confirmationem
2710 3333 3092 3385 prtecessurte
3116 3321 3473 3384 captivitatis
3497 3320 3709 3372 valeret

2092 3409 2167 3448 ne
2195 3394 2326 3458 quis
2338 3394 2657 3456 ambigeret
2672 3390 2997 3443 inferendas
3012 3390 3308 3451 miserias,
3325 3403 3472 3453 quas
3482 3390 3710 3440 didicis-

2095 3470 2201 3527 set,
2217 3464 2664 3517 succedentibus
2680 3461 2991 3526 prosperis,
3012 3461 3436 3512 terminandas.
3451 3465 3649 3510 Possem
3659 3476 3710 3507 us

2094 3543 2289 3589 autem
2340 3539 2513 3587 etiam
2560 3533 2699 3584 illud
2734 3533 2975 3592 adferre,
3006 3532 3170 3594 quod
3197 3545 3272 3583 ex
3296 3547 3413 3583 usu
3437 3533 3706 3584 nimirum

2095 3609 2516 3671 Scripturarum
2562 3604 2795 3666 veniret,
2836 3604 3359 3655 denuncialionem
3387 3604 3709 3667 permisceri

2093 3679 2362 3737 tristium,
2383 3677 2470 3728 vel
2486 3677 2557 3727 lie
2565 3680 2771 3737 torum,
2786 3680 2851 3725 ut
2862 3686 2968 3724 nec
2981 3674 3331 3726 continuata
3346 3674 3558 3737 gaudia
3578 3688 3707 3722 men-

2097 3758 2185 3803 tes
2208 3749 2518 3805 resolvant,
2545 3760 2648 3797 nec
2711 3746 2888 3797 tristia
2933 3747 3220 3796 continua
3258 3746 3576 3796 debilitent.
3606 3743 3708 3796 Sed

2095 3822 2337 3887 priorem
2353 3831 2589 3887 sensum
2614 3817 2720 3868 loci
2750 3816 3203 3878 videturjuvare
3228 3819 3708 3867 contextus-beni-

2097 3886 2208 3956 que
2232 3903 2449 3945 severa.
2483 3886 2659 3957 465
2685 3891 3034 3950 utcaaperat,
3051 3898 3147 3937 ora
3159 3888 3319 3937 tione
3332 3886 3705 3951 progreditur.

2162 3965 2324 4015 Vers.
2372 3962 2455 4016 10.
2491 3988 2549 3996 -—
2578 3962 2801 4009 Locutus
2832 3972 2957 4005 sum
2979 3966 2999 3986 '
3026 3972 3196 4021 super
3216 3960 3528 4021 prophetas,
3555 3963 3601 4005 et
3623 3968 3708 4016 ego

2096 4035 2324 4081 visiones
2362 4030 2736 4095 multiplicavi,
2762 4034 2807 4077 et
2839 4029 2896 4076 in
2923 4044 3103 4077 manu
3126 4031 3527 4093 prophetarum
3561 4027 3709 4076 adsi-

2097 4105 2318 4153 milatus
2332 4118 2471 4150 sum.
2489 4105 2526 4152 N
2539 4099 3132 4162 umquam,videlicet,
3145 4099 3395 4164 deposui
3408 4111 3600 4151 curam
3616 4114 3711 4145 me-

2097 4174 2289 4233 dendi,
2317 4173 2417 4223 sed
2451 4185 2549 4236 per
2583 4170 2893 4234 prophetas
2916 4182 3105 4231 meos,
3144 4175 3265 4221 tam
3282 4170 3603 4233 loquendo'
3625 4181 3707 4218 re-

2098 4245 2234 4301 stiti,
2262 4256 2437 4306 quam
2462 4241 2729 4307 gerendo,
2756 4245 2819 4292 ut
2846 4240 3278 4304 providentiam
3300 4238 3707 4293 meamintelii-

2096 4318 2298 4377 gerent
2333 4318 2507 4377 atque
2542 4314 2874 4367 faterentur.
2902 4312 3003 4375 qui
3037 4315 3198 4362 tanta
3234 4312 3323 4363 eis
3357 4310 3703 4374 indulgentia

2097 4386 2490 4445 consulebam,
2516 4390 2580 4437 ut
2603 4398 2718 4437 non
2744 4384 2886 4435 satis
2899 4383 3112 4448 dignas
3125 4385 3437 4447 majestate
3450 4395 3577 4434 mea
3600 4397 3703 4442 spe-

2097 4457 2297 4520 cies,in
2309 4458 2520 4519 quibus
2533 4456 2765 4521 propius
2777 4455 2861 4506 eis
2873 4466 3641 4513 conversarer,assumerem
3654 4454 3699 4499 in

2100 4530 2386 4581 manibus.
2406 4532 2525 4593 Ego
2540 4529 2691 4579 idem
2713 4527 2984 4592 operibus
3006 4527 3117 4587 {sic}
3147 4527 3208 4577 in
3238 4527 3424 4577 oculis
3444 4528 3701 4587 propheta-

2100 4615 2227 4651 rum
2247 4614 2365 4651 non
2402 4614 2533 4652 sum
2564 4599 2911 4663 dedignatus
2928 4597 3020 4647 his
3037 4597 3354 4649 assimilari
3380 4598 3576 4648 formis
3589 4596 3699 4647 sive

2101 4672 2378 4736 personis,
2402 4685 2534 4735 quas
2558 4672 2665 4723 etsi
2693 4669 3055 4721 clementiam
3080 4669 3454 4729 decerenttut
3468 4672 3555 4719 est
3572 4667 3697 4716 illud

2100 4744 2253 4806 quod
2271 4743 2439 4805 paulo
2468 4748 2604 4795 ante
2628 4742 2765 4803 dixi,
2794 4740 2931 4803 quia
2955 4745 3021 4790 ut
3047 4739 3420 4791 formidinem
3446 4740 3519 4791 de
3541 4736 3699 4788 corde

2100 4814 2324 4865 lsraelis
2356 4814 2719 4878 expellerem,
2739 4824 3043 4875 personam
3070 4810 3701 4862 invalidiluctatorisas-

2100 4886 2359 4949 sumpsi:
2398 4889 2465 4936 ut
2488 4886 2641 4936 beati
2685 4883 2868 4947 Moysi
2902 4887 3181 4946 tempore,
3220 4881 3617 4946 transﬁgurari
3644 4881 3698 4929 in

2099 4956 2293 5019 ignem
2330 4968 2446 5018 quo
2490 4957 2668 5006 rubus
2699 4967 2813 5005 non
2847 4958 3319 5011 consumeretur,
3338 4954 3515 5015 elegi:
3555 4950 3699 5003 velut

2100 5028 2234 5091 agni
2251 5028 2534 5091 sanguine
2550 5025 2938 5078 Israelitarum
2953 5024 3158 5076 limina
3170 5024 3697 5083 communivi,multa

2102 5223 2330 5274 braicus
2358 5227 2555 5273 textus
2580 5222 2864 5287 ignorent,
2901 5220 3175 5272 videntur
3197 5232 3377 5281 nunc,
3404 5216 3692 5270 accedente

2102 5294 2370 5346 Auctoris
2395 5294 2579 5344 nostri
2612 5292 2902 5357 suffragio,
2927 5305 2997 5341 ex
3008 5290 3339 5355 pungenda.

2164 5373 2182 5393 ⁶
2207 5366 2631 5429 Rescripsimus
2674 5380 2849 5427 super,
2894 5375 2995 5427 pro
3052 5375 3169 5425 quo
3203 5365 3437 5412 tantum
3462 5364 3579 5410 erat
3591 5374 3688 5422 per.

2106 5437 2445 5487 Praecedens
2482 5436 2739 5499 proxime
2761 5448 2883 5483 sum
2921 5432 3129 5485 vocula
3156 5432 3349 5483 fraudi
3375 5433 3687 5483 fueritama-

2105 5507 2444 5558 nuensibus.

2167 5576 2186 5611 ι’
2208 5579 2389 5629 Vetus
2417 5578 2611 5628 Fdilor
2627 5576 2801 5624 institi
2826 5574 3226 5639 reponendum
3247 5576 3577 5635 suspicatur
3608 5573 3687 5621 Βρ-

2103 5648 2253 5699 ctius
2284 5652 2479 5701 autem
2517 5647 2683 5711 paulo
2724 5651 2869 5708 post,
2909 5647 3020 5709 Ego
3046 5646 3207 5703 idem,
3254 5658 3356 5708 pro
3384 5646 3529 5708 Ergo
3552 5643 3684 5699 idem,

2102 5720 2338 5770 rescribi
2364 5722 2558 5781 jubet;
2580 5732 2680 5768 nec
2706 5722 2896 5768 tunen
2923 5718 3065 5767 satis
3092 5717 3328 5768 videtur
3350 5716 3463 5768 loci
3490 5714 3686 5777 integri-

2104 5791 2206 5841 tati
2231 5790 2600 5849 consultum;
2627 5789 2727 5840 sed
2752 5790 3021 5839 Auctoris
3041 5788 3173 5840 heic
3196 5788 3415 5840 vitium
3439 5793 3545 5839 est.
