  <div class='ocr_page' id='page_1' title='image "/cluster/home/n/w/nwhite01/storage/ocr_20150623/20-21/uva.x000826555/1126.png"; bbox 0 0 3880 6222; ppageno 0'>
   <div class='ocr_carea' id='block_1_1' title="bbox 127 285 263 341">
    <p class='ocr_par' dir='ltr' id='par_1_1' title="bbox 127 285 263 341">
     <span class='ocr_line' id='line_1_1' title="bbox 127 285 263 341; baseline 0.007 -1"><span class='ocrx_word' id='word_1_1' title='bbox 127 285 263 341; x_wconf 68' lang='grc'>1025</span> 
     </span>
    </p>
   </div>
   <div class='ocr_carea' id='block_1_2' title="bbox 978 284 2546 341">
    <p class='ocr_par' dir='ltr' id='par_1_2' title="bbox 978 284 2546 341">
     <span class='ocr_line' id='line_1_2' title="bbox 978 284 2546 341; baseline 0.002 -5"><span class='ocrx_word' id='word_1_2' title='bbox 978 285 1053 337; x_wconf 78' lang='lat' dir='ltr'>IN</span> <span class='ocrx_word' id='word_1_3' title='bbox 1087 284 1328 338; x_wconf 79' lang='lat' dir='ltr'><strong>OSEAM</strong></span> <span class='ocrx_word' id='word_1_4' title='bbox 1364 285 1946 339; x_wconf 79' lang='lat' dir='ltr'>COMMENTARIUS.</span> <span class='ocrx_word' id='word_1_5' title='bbox 1982 286 2190 337; x_wconf 85' lang='lat' dir='ltr'>LIBER</span> <span class='ocrx_word' id='word_1_6' title='bbox 2223 287 2546 341; x_wconf 82' lang='lat' dir='ltr'>TERTIUS.</span> 
     </span>
    </p>
   </div>
   <div class='ocr_carea' id='block_1_3' title="bbox 3274 291 3414 349">
    <p class='ocr_par' dir='ltr' id='par_1_3' title="bbox 3274 291 3414 349">
     <span class='ocr_line' id='line_1_3' title="bbox 3274 291 3414 349; baseline 0.014 -2"><span class='ocrx_word' id='word_1_7' title='bbox 3274 291 3414 349; x_wconf 70' lang='grc'>1026</span> 
     </span>
    </p>
   </div>
   <div class='ocr_carea' id='block_1_4' title="bbox 126 395 3417 476">
    <p class='ocr_par' dir='ltr' id='par_1_4' title="bbox 126 395 3417 476">
     <span class='ocr_line' id='line_1_4' title="bbox 126 395 3417 476; baseline 0.003 -25"><span class='ocrx_word' id='word_1_8' title='bbox 126 413 239 464; x_wconf 90' lang='lat' dir='ltr'>que</span> <span class='ocrx_word' id='word_1_9' title='bbox 260 400 385 476; x_wconf 80' lang='lat' dir='ltr'>alia,</span> <span class='ocrx_word' id='word_1_10' title='bbox 410 408 543 476; x_wconf 64' lang='lat' dir='ltr'>qum</span> <span class='ocrx_word' id='word_1_11' title='bbox 567 396 627 476; x_wconf 83' lang='lat' dir='ltr'>in</span> <span class='ocrx_word' id='word_1_12' title='bbox 658 395 815 446; x_wconf 84' lang='lat' dir='ltr'>hunc</span> <span class='ocrx_word' id='word_1_13' title='bbox 834 395 1073 476; x_wconf 77' lang='lat' dir='ltr'>modum</span> <span class='ocrx_word' id='word_1_14' title='bbox 1099 397 1340 476; x_wconf 68' lang='lat' dir='ltr'>diversis</span> <span class='ocrx_word' id='word_1_15' title='bbox 1365 400 1716 476; x_wconf 81' lang='lat' dir='ltr'>temporibus</span> <span class='ocrx_word' id='word_1_16' title='bbox 1739 404 1795 476; x_wconf 76' lang='grc' dir='ltr'><strong>Α</strong></span> <span class='ocrx_word' id='word_1_17' title='bbox 1820 410 1951 476; x_wconf 70' lang='lat' dir='ltr'>rosa</span> <span class='ocrx_word' id='word_1_18' title='bbox 1973 396 2163 476; x_wconf 87' lang='lat' dir='ltr'>indole</span> <span class='ocrx_word' id='word_1_19' title='bbox 2187 400 2704 476; x_wconf 85' lang='lat' dir='ltr'>commendationis</span> <span class='ocrx_word' id='word_1_20' title='bbox 2725 403 3026 476; x_wconf 79' lang='lat' dir='ltr'>auxilium.</span> <span class='ocrx_word' id='word_1_21' title='bbox 3042 404 3220 468; x_wconf 89' lang='lat' dir='ltr'>Cujus</span> <span class='ocrx_word' id='word_1_22' title='bbox 3234 410 3417 459; x_wconf 88' lang='lat' dir='ltr'>conci-</span> 
     </span>
    </p>
   </div>
   <div class='ocr_carea' id='block_1_5' title="bbox 126 468 3419 535">
    <p class='ocr_par' dir='ltr' id='par_1_5' title="bbox 126 468 3419 535">
     <span class='ocr_line' id='line_1_5' title="bbox 126 468 3419 535; baseline 0.002 -13"><span class='ocrx_word' id='word_1_23' title='bbox 126 477 253 522; x_wconf 87' lang='lat' dir='ltr'>acta</span> <span class='ocrx_word' id='word_1_24' title='bbox 283 469 541 531; x_wconf 76' lang='lat' dir='ltr'>legimus)</span> <span class='ocrx_word' id='word_1_25' title='bbox 570 472 631 518; x_wconf 89' lang='lat' dir='ltr'>ut</span> <span class='ocrx_word' id='word_1_26' title='bbox 656 473 953 530; x_wconf 88' lang='lat' dir='ltr'>appareret</span> <span class='ocrx_word' id='word_1_27' title='bbox 975 468 1236 520; x_wconf 81' lang='lat' dir='ltr'>videlicet</span> <span class='ocrx_word' id='word_1_28' title='bbox 1260 469 1415 520; x_wconf 85' lang='lat' dir='ltr'>Deus</span> <span class='ocrx_word' id='word_1_29' title='bbox 1442 476 1638 521; x_wconf 89' lang='lat' dir='ltr'>noster</span> <span class='ocrx_word' id='word_1_30' title='bbox 1659 471 1719 521; x_wconf 88' lang='lat' dir='ltr'>in</span> <span class='ocrx_word' id='word_1_31' title='bbox 1739 468 1795 476; x_wconf 88' lang='grc'><strong><em>““</em></strong></span> <span class='ocrx_word' id='word_1_32' title='bbox 1817 469 1956 520; x_wconf 87' lang='lat' dir='ltr'>liatu</span> <span class='ocrx_word' id='word_1_33' title='bbox 1983 472 2177 519; x_wconf 85' lang='lat' dir='ltr'>statim</span> <span class='ocrx_word' id='word_1_34' title='bbox 2212 470 2545 522; x_wconf 88' lang='lat' dir='ltr'>societatem</span> <span class='ocrx_word' id='word_1_35' title='bbox 2562 474 2685 535; x_wconf 86' lang='lat' dir='ltr'>ejus</span> <span class='ocrx_word' id='word_1_36' title='bbox 2699 475 2893 524; x_wconf 87' lang='lat' dir='ltr'>Laban</span> <span class='ocrx_word' id='word_1_37' title='bbox 2908 479 3226 527; x_wconf 87' lang='lat' dir='ltr'>avunculus</span> <span class='ocrx_word' id='word_1_38' title='bbox 3237 493 3419 528; x_wconf 86' lang='lat' dir='ltr'>concu-</span> 
     </span>
    </p>
   </div>
   <div class='ocr_carea' id='block_1_6' title="bbox 125 538 1716 604">
    <p class='ocr_par' dir='ltr' id='par_1_6' title="bbox 125 538 1716 604">
     <span class='ocr_line' id='line_1_6' title="bbox 125 538 1716 604; baseline -0.001 -12"><span class='ocrx_word' id='word_1_39' title='bbox 125 543 217 593; x_wconf 85' lang='lat' dir='ltr'>his</span> <span class='ocrx_word' id='word_1_40' title='bbox 232 540 592 603; x_wconf 71' lang='lat' dir='ltr'>imaginibus,</span> <span class='ocrx_word' id='word_1_41' title='bbox 610 551 757 601; x_wconf 88' lang='lat' dir='ltr'>quas</span> <span class='ocrx_word' id='word_1_42' title='bbox 770 538 1119 602; x_wconf 67' lang='lat' dir='ltr'>dispensatio</span> <span class='ocrx_word' id='word_1_43' title='bbox 1138 546 1407 604; x_wconf 87' lang='lat' dir='ltr'>suscepta</span> <span class='ocrx_word' id='word_1_44' title='bbox 1425 542 1716 604; x_wconf 88' lang='lat' dir='ltr'>poscebat,</span> 
     </span>
    </p>
   </div>
   <div class='ocr_carea' id='block_1_7' title="bbox 128 608 1720 676">
    <p class='ocr_par' dir='ltr' id='par_1_7' title="bbox 128 608 1720 676">
     <span class='ocr_line' id='line_1_7' title="bbox 128 608 1720 676; baseline 0 -13"><span class='ocrx_word' id='word_1_45' title='bbox 128 626 242 663; x_wconf 89' lang='lat' dir='ltr'>non</span> <span class='ocrx_word' id='word_1_46' title='bbox 273 623 403 675; x_wconf 60' lang='lat' dir='ltr'>qua}</span> <span class='ocrx_word' id='word_1_47' title='bbox 434 608 726 669; x_wconf 88' lang='lat' dir='ltr'>majestati</span> <span class='ocrx_word' id='word_1_48' title='bbox 761 608 917 659; x_wconf 84' lang='lat' dir='ltr'>illius</span> <span class='ocrx_word' id='word_1_49' title='bbox 946 612 1365 676; x_wconf 71' lang='lat' dir='ltr'>competebant.</span> <span class='ocrx_word' id='word_1_50' title='bbox 1387 612 1496 662; x_wconf 83' lang='lat' dir='ltr'>Sed</span> <span class='ocrx_word' id='word_1_51' title='bbox 1520 612 1720 663; x_wconf 88' lang='lat' dir='ltr'>videa-</span> 
     </span>
    </p>
   </div>
   <div class='ocr_carea' id='block_1_8' title="bbox 131 682 521 744">
    <p class='ocr_par' dir='ltr' id='par_1_8' title="bbox 131 682 521 744">
     <span class='ocr_line' id='line_1_8' title="bbox 131 682 521 744; baseline -0.01 -10"><span class='ocrx_word' id='word_1_52' title='bbox 131 697 260 734; x_wconf 86' lang='lat' dir='ltr'>mus</span> <span class='ocrx_word' id='word_1_53' title='bbox 287 682 521 744; x_wconf 89' lang='lat' dir='ltr'>reliqua.</span> 
     </span>
    </p>
   </div>
   <div class='ocr_carea' id='block_1_9' title="bbox 202 766 1721 831">
    <p class='ocr_par' dir='ltr' id='par_1_9' title="bbox 202 766 1721 831">
     <span class='ocr_line' id='line_1_9' title="bbox 202 766 1721 831; baseline -0.003 -9"><span class='ocrx_word' id='word_1_54' title='bbox 202 769 451 823; x_wconf 43' lang='lat' dir='ltr'>VersA&#39;l.</span> <span class='ocrx_word' id='word_1_55' title='bbox 478 796 537 806; x_wconf 96' lang='lat'><strong>—</strong></span> <span class='ocrx_word' id='word_1_56' title='bbox 568 768 628 817; x_wconf 87' lang='lat' dir='ltr'>Si</span> <span class='ocrx_word' id='word_1_57' title='bbox 661 766 851 830; x_wconf 83' lang='lat' dir='ltr'>Galgal</span> <span class='ocrx_word' id='word_1_58' title='bbox 877 766 1105 831; x_wconf 87' lang='lat' dir='ltr'>idolum,</span> <span class='ocrx_word' id='word_1_59' title='bbox 1128 772 1305 815; x_wconf 87' lang='lat' dir='ltr'>tamen</span> <span class='ocrx_word' id='word_1_60' title='bbox 1329 768 1541 831; x_wconf 79' lang='lat' dir='ltr'>frustra</span> <span class='ocrx_word' id='word_1_61' title='bbox 1564 775 1721 817; x_wconf 67' lang='lat' dir='ltr'>erant</span> 
     </span>
    </p>
   </div>
   <div class='ocr_carea' id='block_1_10' title="bbox 130 839 1719 905">
    <p class='ocr_par' dir='ltr' id='par_1_10' title="bbox 130 839 1719 905">
     <span class='ocr_line' id='line_1_10' title="bbox 130 839 1719 905; baseline 0.001 -16"><span class='ocrx_word' id='word_1_62' title='bbox 130 845 190 891; x_wconf 83' lang='lat' dir='ltr'>in</span> <span class='ocrx_word' id='word_1_63' title='bbox 216 842 400 905; x_wconf 84' lang='lat' dir='ltr'>Galgal</span> <span class='ocrx_word' id='word_1_64' title='bbox 426 839 585 888; x_wconf 82' lang='lat' dir='ltr'>bobus</span> <span class='ocrx_word' id='word_1_65' title='bbox 612 839 963 887; x_wconf 74' lang='lat' dir='ltr'>immolantes.</span> <span class='ocrx_word' id='word_1_66' title='bbox 992 839 1127 889; x_wconf 85' lang='lat' dir='ltr'>Post</span> <span class='ocrx_word' id='word_1_67' title='bbox 1149 851 1347 889; x_wconf 90' lang='lat' dir='ltr'>eorum</span> <span class='ocrx_word' id='word_1_68' title='bbox 1371 852 1719 891; x_wconf 82' lang='lat' dir='ltr'>commemo-</span> 
     </span>
    </p>
   </div>
   <div class='ocr_carea' id='block_1_11' title="bbox 126 909 1719 975">
    <p class='ocr_par' dir='ltr' id='par_1_11' title="bbox 126 909 1719 975">
     <span class='ocr_line' id='line_1_11' title="bbox 126 909 1719 975; baseline -0.001 -11"><span class='ocrx_word' id='word_1_69' title='bbox 126 914 421 973; x_wconf 72' lang='lat' dir='ltr'>rationem,</span> <span class='ocrx_word' id='word_1_70' title='bbox 445 922 577 974; x_wconf 68' lang='lat' dir='ltr'>qum</span> <span class='ocrx_word' id='word_1_71' title='bbox 602 913 912 959; x_wconf 89' lang='lat' dir='ltr'>clementer</span> <span class='ocrx_word' id='word_1_72' title='bbox 937 909 1169 971; x_wconf 76' lang='lat' dir='ltr'>egisset,</span> <span class='ocrx_word' id='word_1_73' title='bbox 1194 910 1432 961; x_wconf 85' lang='lat' dir='ltr'>reducta</span> <span class='ocrx_word' id='word_1_74' title='bbox 1444 917 1551 975; x_wconf 90' lang='lat' dir='ltr'>est,</span> <span class='ocrx_word' id='word_1_75' title='bbox 1565 912 1719 962; x_wconf 90' lang='lat' dir='ltr'>unde</span> 
     </span>
    </p>
   </div>
   <div class='ocr_carea' id='block_1_12' title="bbox 126 980 1716 1044">
    <p class='ocr_par' dir='ltr' id='par_1_12' title="bbox 126 980 1716 1044">
     <span class='ocr_line' id='line_1_12' title="bbox 126 980 1716 1044; baseline 0 -12"><span class='ocrx_word' id='word_1_76' title='bbox 126 986 309 1035; x_wconf 76' lang='lat' dir='ltr'>fuerat</span> <span class='ocrx_word' id='word_1_77' title='bbox 347 984 617 1032; x_wconf 86' lang='lat' dir='ltr'>incnoata</span> <span class='ocrx_word' id='word_1_78' title='bbox 648 980 1004 1043; x_wconf 81' lang='lat' dir='ltr'>conquestio,</span> <span class='ocrx_word' id='word_1_79' title='bbox 1032 992 1137 1031; x_wconf 90' lang='lat' dir='ltr'>suo</span> <span class='ocrx_word' id='word_1_80' title='bbox 1168 992 1363 1043; x_wconf 88' lang='lat' dir='ltr'>sensu,</span> <span class='ocrx_word' id='word_1_81' title='bbox 1392 984 1678 1044; x_wconf 72' lang='lat' dir='ltr'>ejusmodi</span> <span class='ocrx_word' id='word_1_82' title='bbox 1704 1000 1716 1039; x_wconf 92' lang='lat'><strong>;</strong></span> 
     </span>
    </p>
   </div>
   <div class='ocr_carea' id='block_1_13' title="bbox 126 1051 1722 1118">
    <p class='ocr_par' dir='ltr' id='par_1_13' title="bbox 126 1051 1722 1118">
     <span class='ocr_line' id='line_1_13' title="bbox 126 1051 1722 1118; baseline 0 -14"><span class='ocrx_word' id='word_1_83' title='bbox 126 1057 214 1105; x_wconf 79' lang='lat' dir='ltr'>En</span> <span class='ocrx_word' id='word_1_84' title='bbox 236 1066 365 1118; x_wconf 67' lang='lat' dir='ltr'>quae</span> <span class='ocrx_word' id='word_1_85' title='bbox 390 1052 607 1103; x_wconf 88' lang='lat' dir='ltr'>scelera</span> <span class='ocrx_word' id='word_1_86' title='bbox 628 1052 871 1114; x_wconf 65' lang='lat' dir='ltr'>ingrata:</span> <span class='ocrx_word' id='word_1_87' title='bbox 893 1051 1076 1114; x_wconf 88' lang='lat' dir='ltr'>plebis</span> <span class='ocrx_word' id='word_1_88' title='bbox 1093 1052 1351 1114; x_wconf 81' lang='lat' dir='ltr'>experior</span> <span class='ocrx_word' id='word_1_89' title='bbox 1370 1058 1500 1115; x_wconf 88' lang='lat' dir='ltr'>post</span> <span class='ocrx_word' id='word_1_90' title='bbox 1524 1058 1605 1103; x_wconf 91' lang='lat' dir='ltr'>tot</span> <span class='ocrx_word' id='word_1_91' title='bbox 1631 1055 1722 1104; x_wconf 79' lang='lat' dir='ltr'>be-</span> 
     </span>
    </p>
   </div>
   <div class='ocr_carea' id='block_1_14' title="bbox 122 1124 1718 1187">
    <p class='ocr_par' dir='ltr' id='par_1_14' title="bbox 122 1124 1718 1187">
     <span class='ocr_line' id='line_1_14' title="bbox 122 1124 1718 1187; baseline -0.001 -11"><span class='ocrx_word' id='word_1_92' title='bbox 122 1126 327 1177; x_wconf 86' lang='lat' dir='ltr'>nellcia</span> <span class='ocrx_word' id='word_1_93' title='bbox 342 1136 484 1185; x_wconf 88' lang='lat' dir='ltr'>mea,</span> <span class='ocrx_word' id='word_1_94' title='bbox 511 1126 642 1185; x_wconf 91' lang='lat' dir='ltr'>post</span> <span class='ocrx_word' id='word_1_95' title='bbox 668 1126 749 1172; x_wconf 89' lang='lat' dir='ltr'>tot</span> <span class='ocrx_word' id='word_1_96' title='bbox 766 1124 935 1180; x_wconf 86' lang='lat' dir='ltr'>dona,</span> <span class='ocrx_word' id='word_1_97' title='bbox 955 1125 1151 1184; x_wconf 79' lang='lat' dir='ltr'>totque</span> <span class='ocrx_word' id='word_1_98' title='bbox 1166 1125 1474 1186; x_wconf 85' lang='lat' dir='ltr'>miracula;</span> <span class='ocrx_word' id='word_1_99' title='bbox 1493 1130 1718 1187; x_wconf 87' lang='lat' dir='ltr'>apertos</span> 
     </span>
    </p>
   </div>
   <div class='ocr_carea' id='block_1_15' title="bbox 123 1195 1720 1257">
    <p class='ocr_par' dir='ltr' id='par_1_15' title="bbox 123 1195 1720 1257">
     <span class='ocr_line' id='line_1_15' title="bbox 123 1195 1720 1257; baseline 0 -12"><span class='ocrx_word' id='word_1_100' title='bbox 123 1198 188 1246; x_wconf 86' lang='lat' dir='ltr'>in</span> <span class='ocrx_word' id='word_1_101' title='bbox 200 1196 601 1246; x_wconf 83' lang='lat' dir='ltr'>contumeliam</span> <span class='ocrx_word' id='word_1_102' title='bbox 615 1203 802 1242; x_wconf 87' lang='lat' dir='ltr'>meam</span> <span class='ocrx_word' id='word_1_103' title='bbox 816 1196 1066 1242; x_wconf 82' lang='lat' dir='ltr'>sectatur</span> <span class='ocrx_word' id='word_1_104' title='bbox 1077 1208 1104 1241; x_wconf 90' lang='lat' dir='ltr'>e</span> <span class='ocrx_word' id='word_1_105' title='bbox 1113 1206 1312 1255; x_wconf 85' lang='lat' dir='ltr'>rrores,</span> <span class='ocrx_word' id='word_1_106' title='bbox 1326 1200 1383 1243; x_wconf 88' lang='lat' dir='ltr'>et</span> <span class='ocrx_word' id='word_1_107' title='bbox 1398 1206 1516 1244; x_wconf 86' lang='lat' dir='ltr'>non</span> <span class='ocrx_word' id='word_1_108' title='bbox 1531 1195 1720 1257; x_wconf 83' lang='lat' dir='ltr'>aliqua</span> 
     </span>
    </p>
   </div>
   <div class='ocr_carea' id='block_1_16' title="bbox 122 1262 1719 1329">
    <p class='ocr_par' dir='ltr' id='par_1_16' title="bbox 122 1262 1719 1329">
     <span class='ocr_line' id='line_1_16' title="bbox 122 1262 1719 1329; baseline -0.002 -13"><span class='ocrx_word' id='word_1_109' title='bbox 122 1270 593 1329; x_wconf 89' lang='lat' dir='ltr'>argumentorum</span> <span class='ocrx_word' id='word_1_110' title='bbox 610 1262 719 1311; x_wconf 90' lang='lat' dir='ltr'>sub</span> <span class='ocrx_word' id='word_1_111' title='bbox 728 1262 926 1312; x_wconf 87' lang='lat' dir='ltr'>tilitate</span> <span class='ocrx_word' id='word_1_112' title='bbox 949 1264 1478 1325; x_wconf 72' lang='lat' dir='ltr'>iecepta,conl&#39;essa3</span> <span class='ocrx_word' id='word_1_113' title='bbox 1489 1269 1719 1313; x_wconf 70' lang='lat' dir='ltr'>amentiae</span> 
     </span>
    </p>
   </div>
   <div class='ocr_carea' id='block_1_17' title="bbox 125 1333 1719 1401">
    <p class='ocr_par' dir='ltr' id='par_1_17' title="bbox 125 1333 1719 1401">
     <span class='ocr_line' id='line_1_17' title="bbox 125 1333 1719 1401; baseline -0.003 -14"><span class='ocrx_word' id='word_1_114' title='bbox 125 1337 495 1401; x_wconf 78' lang='lat' dir='ltr'>subjugatur!</span> <span class='ocrx_word' id='word_1_115' title='bbox 547 1334 606 1382; x_wconf 84' lang='lat' dir='ltr'>Si</span> <span class='ocrx_word' id='word_1_116' title='bbox 639 1333 829 1396; x_wconf 83' lang='lat' dir='ltr'>Galgal</span> <span class='ocrx_word' id='word_1_117' title='bbox 856 1333 1063 1381; x_wconf 85' lang='lat' dir='ltr'>idolum</span> <span class='ocrx_word' id='word_1_118' title='bbox 1089 1349 1101 1383; x_wconf 89' lang='lat'><strong>:</strong></span> <span class='ocrx_word' id='word_1_119' title='bbox 1130 1340 1309 1382; x_wconf 84' lang='lat' dir='ltr'>tamen</span> <span class='ocrx_word' id='word_1_120' title='bbox 1331 1335 1543 1397; x_wconf 82' lang='lat' dir='ltr'>frustra</span> <span class='ocrx_word' id='word_1_121' title='bbox 1563 1342 1719 1383; x_wconf 81' lang='lat' dir='ltr'>erant</span> 
     </span>
    </p>
   </div>
   <div class='ocr_carea' id='block_1_18' title="bbox 128 1402 1720 1471">
    <p class='ocr_par' dir='ltr' id='par_1_18' title="bbox 128 1402 1720 1471">
     <span class='ocr_line' id='line_1_18' title="bbox 128 1402 1720 1471; baseline 0.003 -17"><span class='ocrx_word' id='word_1_122' title='bbox 128 1423 191 1455; x_wconf 84' lang='lat' dir='ltr'>in</span> <span class='ocrx_word' id='word_1_123' title='bbox 233 1407 417 1471; x_wconf 79' lang='lat' dir='ltr'>Uulgal</span> <span class='ocrx_word' id='word_1_124' title='bbox 450 1404 790 1453; x_wconf 73' lang='lat' dir='ltr'>immolantes</span> <span class='ocrx_word' id='word_1_125' title='bbox 816 1402 991 1455; x_wconf 81' lang='lat' dir='ltr'>bobus.</span> <span class='ocrx_word' id='word_1_126' title='bbox 1032 1411 1113 1454; x_wconf 74' lang='lat' dir='ltr'>De</span> <span class='ocrx_word' id='word_1_127' title='bbox 1149 1417 1263 1468; x_wconf 86' lang='lat' dir='ltr'>quo</span> <span class='ocrx_word' id='word_1_128' title='bbox 1294 1407 1436 1470; x_wconf 88' lang='lat' dir='ltr'>loco,</span> <span class='ocrx_word' id='word_1_129' title='bbox 1465 1411 1524 1458; x_wconf 86' lang='lat' dir='ltr'>et</span> <span class='ocrx_word' id='word_1_130' title='bbox 1547 1418 1720 1470; x_wconf 81' lang='lat' dir='ltr'>supra</span> 
     </span>
    </p>
   </div>
   <div class='ocr_carea' id='block_1_19' title="bbox 121 1475 1716 1539">
    <p class='ocr_par' dir='ltr' id='par_1_19' title="bbox 121 1475 1716 1539">
     <span class='ocr_line' id='line_1_19' title="bbox 121 1475 1716 1539; baseline -0.002 -10"><span class='ocrx_word' id='word_1_131' title='bbox 121 1479 301 1530; x_wconf 82' lang='lat' dir='ltr'>dixit:</span> <span class='ocrx_word' id='word_1_132' title='bbox 324 1483 518 1526; x_wconf 85' lang='lat' dir='ltr'>Umnes</span> <span class='ocrx_word' id='word_1_133' title='bbox 541 1476 789 1538; x_wconf 68' lang='lat' dir='ltr'>nequitiae</span> <span class='ocrx_word' id='word_1_134' title='bbox 810 1490 996 1523; x_wconf 88' lang='lat' dir='ltr'>eorum</span> <span class='ocrx_word' id='word_1_135' title='bbox 1017 1475 1079 1522; x_wconf 85' lang='lat' dir='ltr'>in</span> <span class='ocrx_word' id='word_1_136' title='bbox 1097 1476 1303 1539; x_wconf 85' lang='lat' dir='ltr'>Gatgal.</span> <span class='ocrx_word' id='word_1_137' title='bbox 1323 1479 1716 1527; x_wconf 84' lang='lat' dir='ltr'>Percaussulcm</span> 
     </span>
    </p>
   </div>
   <div class='ocr_carea' id='block_1_20' title="bbox 122 1545 1719 1613">
    <p class='ocr_par' dir='ltr' id='par_1_20' title="bbox 122 1545 1719 1613">
     <span class='ocr_line' id='line_1_20' title="bbox 122 1545 1719 1613; baseline -0.001 -13"><span class='ocrx_word' id='word_1_138' title='bbox 122 1562 263 1613; x_wconf 86' lang='lat' dir='ltr'>ergo</span> <span class='ocrx_word' id='word_1_139' title='bbox 279 1546 761 1611; x_wconf 83' lang='lat' dir='ltr'>conjunctionem,</span> <span class='ocrx_word' id='word_1_140' title='bbox 785 1545 846 1595; x_wconf 88' lang='lat' dir='ltr'>id</span> <span class='ocrx_word' id='word_1_141' title='bbox 869 1551 977 1609; x_wconf 86' lang='lat' dir='ltr'>est,</span> <span class='ocrx_word' id='word_1_142' title='bbox 1010 1545 1089 1610; x_wconf 81' lang='lat' dir='ltr'>Si,</span> <span class='ocrx_word' id='word_1_143' title='bbox 1113 1548 1462 1598; x_wconf 87' lang='lat' dir='ltr'>sententiam</span> <span class='ocrx_word' id='word_1_144' title='bbox 1486 1549 1719 1600; x_wconf 88' lang='lat' dir='ltr'>convin-</span> 
     </span>
    </p>
   </div>
   <div class='ocr_carea' id='block_1_21' title="bbox 123 1617 1718 1682">
    <p class='ocr_par' dir='ltr' id='par_1_21' title="bbox 123 1617 1718 1682">
     <span class='ocr_line' id='line_1_21' title="bbox 123 1617 1718 1682; baseline 0 -12"><span class='ocrx_word' id='word_1_145' title='bbox 123 1623 313 1672; x_wconf 87' lang='lat' dir='ltr'>centis</span> <span class='ocrx_word' id='word_1_146' title='bbox 328 1617 575 1669; x_wconf 76' lang='lat' dir='ltr'>induxit.</span> <span class='ocrx_word' id='word_1_147' title='bbox 593 1617 655 1667; x_wconf 88' lang='lat' dir='ltr'>Id</span> <span class='ocrx_word' id='word_1_148' title='bbox 672 1622 778 1680; x_wconf 89' lang='lat' dir='ltr'>est,</span> <span class='ocrx_word' id='word_1_149' title='bbox 797 1629 929 1668; x_wconf 91' lang='lat' dir='ltr'>cum</span> <span class='ocrx_word' id='word_1_150' title='bbox 945 1619 1089 1667; x_wconf 89' lang='lat' dir='ltr'>nulli</span> <span class='ocrx_word' id='word_1_151' title='bbox 1101 1618 1175 1668; x_wconf 91' lang='lat' dir='ltr'>sit</span> <span class='ocrx_word' id='word_1_152' title='bbox 1191 1618 1451 1682; x_wconf 83' lang='lat' dir='ltr'>dubium,</span> <span class='ocrx_word' id='word_1_153' title='bbox 1468 1626 1599 1667; x_wconf 87' lang='lat' dir='ltr'>solas</span> <span class='ocrx_word' id='word_1_154' title='bbox 1610 1636 1718 1669; x_wconf 86' lang='lat' dir='ltr'>esse</span> 
     </span>
    </p>
   </div>
   <div class='ocr_carea' id='block_1_22' title="bbox 124 1690 1724 1756">
    <p class='ocr_par' dir='ltr' id='par_1_22' title="bbox 124 1690 1724 1756">
     <span class='ocr_line' id='line_1_22' title="bbox 124 1690 1724 1756; baseline -0.001 -15"><span class='ocrx_word' id='word_1_155' title='bbox 124 1704 192 1741; x_wconf 87' lang='lat' dir='ltr'>in</span> <span class='ocrx_word' id='word_1_156' title='bbox 213 1691 350 1755; x_wconf 85' lang='lat' dir='ltr'>ipsis</span> <span class='ocrx_word' id='word_1_157' title='bbox 372 1690 512 1741; x_wconf 91' lang='lat' dir='ltr'>locis</span> <span class='ocrx_word' id='word_1_158' title='bbox 527 1691 825 1739; x_wconf 86' lang='lat' dir='ltr'>brutarum</span> <span class='ocrx_word' id='word_1_159' title='bbox 846 1692 1135 1752; x_wconf 79' lang='lat' dir='ltr'>pecudum</span> <span class='ocrx_word' id='word_1_160' title='bbox 1148 1691 1426 1754; x_wconf 76' lang='lat' dir='ltr'>imagines</span> <span class='ocrx_word' id='word_1_161' title='bbox 1442 1693 1724 1756; x_wconf 86' lang='lat' dir='ltr'>collocatas,</span> 
     </span>
    </p>
   </div>
   <div class='ocr_carea' id='block_1_23' title="bbox 124 1760 1799 1842">
    <p class='ocr_par' dir='ltr' id='par_1_23' title="bbox 124 1760 1799 1842">
     <span class='ocr_line' id='line_1_23' title="bbox 124 1760 1799 1842; baseline -0.001 -30"><span class='ocrx_word' id='word_1_162' title='bbox 124 1764 411 1842; x_wconf 73' lang='lat' dir='ltr'>inquibus</span> <span class='ocrx_word' id='word_1_163' title='bbox 428 1769 645 1823; x_wconf 83' lang='lat' dir='ltr'>utique,</span> <span class='ocrx_word' id='word_1_164' title='bbox 660 1760 778 1810; x_wconf 78' lang='lat' dir='ltr'>etsi</span> <span class='ocrx_word' id='word_1_165' title='bbox 796 1764 953 1822; x_wconf 85' lang='lat' dir='ltr'>ipsas</span> <span class='ocrx_word' id='word_1_166' title='bbox 970 1762 1219 1823; x_wconf 88' lang='lat' dir='ltr'>pecudes</span> <span class='ocrx_word' id='word_1_167' title='bbox 1236 1764 1721 1825; x_wconf 71' lang='lat' dir='ltr'>statuissent,sup-</span> <span class='ocrx_word' id='word_1_168' title='bbox 1744 1768 1799 1842; x_wconf 85' lang='lat' dir='ltr'><strong>B</strong></span> 
     </span>
    </p>
   </div>
   <div class='ocr_carea' id='block_1_24' title="bbox 127 1834 1718 1899">
    <p class='ocr_par' dir='ltr' id='par_1_24' title="bbox 127 1834 1718 1899">
     <span class='ocr_line' id='line_1_24' title="bbox 127 1834 1718 1899; baseline -0.001 -15"><span class='ocrx_word' id='word_1_169' title='bbox 127 1834 471 1899; x_wconf 80' lang='lat' dir='ltr'>plicantibus</span> <span class='ocrx_word' id='word_1_170' title='bbox 490 1837 680 1882; x_wconf 71' lang='lat' dir='ltr'>tamen</span> <span class='ocrx_word' id='word_1_171' title='bbox 702 1840 1109 1899; x_wconf 21' lang='lat' dir='ltr'>processelnon</span> <span class='ocrx_word' id='word_1_172' title='bbox 1131 1838 1395 1896; x_wconf 90' lang='lat' dir='ltr'>possent:</span> <span class='ocrx_word' id='word_1_173' title='bbox 1414 1846 1570 1884; x_wconf 89' lang='lat' dir='ltr'>nunc</span> <span class='ocrx_word' id='word_1_174' title='bbox 1584 1850 1718 1898; x_wconf 81' lang='lat' dir='ltr'>vero,</span> 
     </span>
    </p>
   </div>
   <div class='ocr_carea' id='block_1_25' title="bbox 128 1901 1721 1965">
    <p class='ocr_par' dir='ltr' id='par_1_25' title="bbox 128 1901 1721 1965">
     <span class='ocr_line' id='line_1_25' title="bbox 128 1901 1721 1965; baseline 0.001 -12"><span class='ocrx_word' id='word_1_175' title='bbox 128 1917 267 1956; x_wconf 87' lang='lat' dir='ltr'>cum</span> <span class='ocrx_word' id='word_1_176' title='bbox 286 1918 472 1956; x_wconf 89' lang='lat' dir='ltr'>rerum</span> <span class='ocrx_word' id='word_1_177' title='bbox 498 1903 698 1955; x_wconf 84' lang='lat' dir='ltr'>vilium</span> <span class='ocrx_word' id='word_1_178' title='bbox 723 1903 921 1954; x_wconf 80' lang='lat' dir='ltr'>viliora</span> <span class='ocrx_word' id='word_1_179' title='bbox 942 1901 1055 1952; x_wconf 85' lang='lat' dir='ltr'>illic</span> <span class='ocrx_word' id='word_1_180' title='bbox 1086 1904 1451 1965; x_wconf 88' lang='lat' dir='ltr'>simulachra,</span> <span class='ocrx_word' id='word_1_181' title='bbox 1471 1906 1721 1957; x_wconf 89' lang='lat' dir='ltr'>sentien-</span> 
     </span>
    </p>
   </div>
   <div class='ocr_carea' id='block_1_26' title="bbox 128 1974 1719 2039">
    <p class='ocr_par' dir='ltr' id='par_1_26' title="bbox 128 1974 1719 2039">
     <span class='ocr_line' id='line_1_26' title="bbox 128 1974 1719 2039; baseline -0.001 -12"><span class='ocrx_word' id='word_1_182' title='bbox 128 1977 305 2039; x_wconf 85' lang='lat' dir='ltr'>dique</span> <span class='ocrx_word' id='word_1_183' title='bbox 326 1977 524 2039; x_wconf 80' lang='lat' dir='ltr'>ignara</span> <span class='ocrx_word' id='word_1_184' title='bbox 548 1977 826 2036; x_wconf 64' lang='lat' dir='ltr'>Vis-antur,</span> <span class='ocrx_word' id='word_1_185' title='bbox 844 1985 1033 2036; x_wconf 89' lang='lat' dir='ltr'>neque</span> <span class='ocrx_word' id='word_1_186' title='bbox 1057 1974 1182 2037; x_wconf 86' lang='lat' dir='ltr'>sibi,</span> <span class='ocrx_word' id='word_1_187' title='bbox 1197 1988 1382 2037; x_wconf 90' lang='lat' dir='ltr'>neque</span> <span class='ocrx_word' id='word_1_188' title='bbox 1396 1976 1521 2026; x_wconf 87' lang='lat' dir='ltr'>aliis</span> <span class='ocrx_word' id='word_1_189' title='bbox 1538 1992 1719 2037; x_wconf 81' lang='lat' dir='ltr'>quam-</span> 
     </span>
    </p>
   </div>
   <div class='ocr_carea' id='block_1_27' title="bbox 126 2044 1712 2112">
    <p class='ocr_par' dir='ltr' id='par_1_27' title="bbox 126 2044 1712 2112">
     <span class='ocr_line' id='line_1_27' title="bbox 126 2044 1712 2112; baseline -0.001 -15"><span class='ocrx_word' id='word_1_190' title='bbox 126 2050 285 2110; x_wconf 83' lang='lat' dir='ltr'>piam</span> <span class='ocrx_word' id='word_1_191' title='bbox 296 2046 598 2097; x_wconf 77' lang='lat' dir='ltr'>utilitatem</span> <span class='ocrx_word' id='word_1_192' title='bbox 615 2044 836 2107; x_wconf 80' lang='lat' dir='ltr'>datura,</span> <span class='ocrx_word' id='word_1_193' title='bbox 850 2051 1027 2091; x_wconf 87' lang='lat' dir='ltr'>tamen</span> <span class='ocrx_word' id='word_1_194' title='bbox 1044 2045 1253 2106; x_wconf 76' lang='lat' dir='ltr'>frustra</span> <span class='ocrx_word' id='word_1_195' title='bbox 1264 2051 1419 2093; x_wconf 87' lang='lat' dir='ltr'>erant</span> <span class='ocrx_word' id='word_1_196' title='bbox 1440 2047 1712 2112; x_wconf 50' lang='lat' dir='ltr'>[Aleruntj</span> 
     </span>
    </p>
   </div>
   <div class='ocr_carea' id='block_1_28' title="bbox 127 2115 1720 2180">
    <p class='ocr_par' dir='ltr' id='par_1_28' title="bbox 127 2115 1720 2180">
     <span class='ocr_line' id='line_1_28' title="bbox 127 2115 1720 2180; baseline 0.003 -15"><span class='ocrx_word' id='word_1_197' title='bbox 127 2121 191 2166; x_wconf 75' lang='lat' dir='ltr'>in</span> <span class='ocrx_word' id='word_1_198' title='bbox 229 2117 415 2180; x_wconf 84' lang='lat' dir='ltr'>Galgal</span> <span class='ocrx_word' id='word_1_199' title='bbox 446 2117 604 2164; x_wconf 82' lang='lat' dir='ltr'>bobus</span> <span class='ocrx_word' id='word_1_200' title='bbox 637 2116 976 2163; x_wconf 86' lang='lat' dir='ltr'>immolantes</span> <span class='ocrx_word' id='word_1_201' title='bbox 1002 2131 1014 2165; x_wconf 89' lang='lat'>:</span> <span class='ocrx_word' id='word_1_202' title='bbox 1037 2128 1104 2165; x_wconf 84' lang='lat' dir='ltr'>ac</span> <span class='ocrx_word' id='word_1_203' title='bbox 1130 2115 1178 2165; x_wconf 89' lang='lat' dir='ltr'>si</span> <span class='ocrx_word' id='word_1_204' title='bbox 1204 2116 1435 2180; x_wconf 83' lang='lat' dir='ltr'>diceret,</span> <span class='ocrx_word' id='word_1_205' title='bbox 1461 2119 1720 2170; x_wconf 88' lang='lat' dir='ltr'>credere-</span> 
     </span>
    </p>
   </div>
   <div class='ocr_carea' id='block_1_29' title="bbox 129 2186 1728 2251">
    <p class='ocr_par' dir='ltr' id='par_1_29' title="bbox 129 2186 1728 2251">
     <span class='ocr_line' id='line_1_29' title="bbox 129 2186 1728 2251; baseline 0.001 -12"><span class='ocrx_word' id='word_1_206' title='bbox 129 2195 296 2239; x_wconf 89' lang='lat' dir='ltr'>turne</span> <span class='ocrx_word' id='word_1_207' title='bbox 317 2192 424 2237; x_wconf 85' lang='lat' dir='ltr'>hoc</span> <span class='ocrx_word' id='word_1_208' title='bbox 447 2186 727 2237; x_wconf 85' lang='lat' dir='ltr'>committi</span> <span class='ocrx_word' id='word_1_209' title='bbox 747 2198 919 2249; x_wconf 82' lang='lat' dir='ltr'>posse</span> <span class='ocrx_word' id='word_1_210' title='bbox 948 2191 1259 2248; x_wconf 84' lang='lat' dir='ltr'>antequam</span> <span class='ocrx_word' id='word_1_211' title='bbox 1282 2189 1459 2251; x_wconf 74' lang='lat' dir='ltr'>iteret,</span> <span class='ocrx_word' id='word_1_212' title='bbox 1486 2194 1551 2238; x_wconf 92' lang='lat' dir='ltr'>ut</span> <span class='ocrx_word' id='word_1_213' title='bbox 1569 2202 1728 2251; x_wconf 83' lang='lat' dir='ltr'>aper-</span> 
     </span>
    </p>
   </div>
   <div class='ocr_carea' id='block_1_30' title="bbox 129 2258 1722 2323">
    <p class='ocr_par' dir='ltr' id='par_1_30' title="bbox 129 2258 1722 2323">
     <span class='ocr_line' id='line_1_30' title="bbox 129 2258 1722 2323; baseline 0 -12"><span class='ocrx_word' id='word_1_214' title='bbox 129 2266 252 2311; x_wconf 90' lang='lat' dir='ltr'>tam</span> <span class='ocrx_word' id='word_1_215' title='bbox 276 2258 575 2310; x_wconf 71' lang='lat' dir='ltr'>stultitiam</span> <span class='ocrx_word' id='word_1_216' title='bbox 598 2268 655 2308; x_wconf 87' lang='lat' dir='ltr'>et</span> <span class='ocrx_word' id='word_1_217' title='bbox 678 2258 1095 2321; x_wconf 83' lang='lat' dir='ltr'>profanitatem,</span> <span class='ocrx_word' id='word_1_218' title='bbox 1121 2261 1266 2308; x_wconf 87' lang='lat' dir='ltr'>nihil</span> <span class='ocrx_word' id='word_1_219' title='bbox 1289 2259 1347 2308; x_wconf 91' lang='lat' dir='ltr'>in</span> <span class='ocrx_word' id='word_1_220' title='bbox 1371 2272 1431 2309; x_wconf 90' lang='lat' dir='ltr'>se</span> <span class='ocrx_word' id='word_1_221' title='bbox 1453 2266 1722 2323; x_wconf 81' lang='lat' dir='ltr'>amplius,</span> 
     </span>
    </p>
   </div>
   <div class='ocr_carea' id='block_1_31' title="bbox 125 2330 1719 2394">
    <p class='ocr_par' dir='ltr' id='par_1_31' title="bbox 125 2330 1719 2394">
     <span class='ocr_line' id='line_1_31' title="bbox 125 2330 1719 2394; baseline -0.002 -12"><span class='ocrx_word' id='word_1_222' title='bbox 125 2343 303 2394; x_wconf 81' lang='lat' dir='ltr'>quam</span> <span class='ocrx_word' id='word_1_223' title='bbox 328 2342 551 2381; x_wconf 88' lang='lat' dir='ltr'>reatum</span> <span class='ocrx_word' id='word_1_224' title='bbox 576 2330 842 2379; x_wconf 87' lang='lat' dir='ltr'>ultimum</span> <span class='ocrx_word' id='word_1_225' title='bbox 868 2330 1276 2390; x_wconf 89' lang='lat' dir='ltr'>continentem,</span> <span class='ocrx_word' id='word_1_226' title='bbox 1290 2331 1452 2393; x_wconf 87' lang='lat' dir='ltr'>plebs</span> <span class='ocrx_word' id='word_1_227' title='bbox 1468 2335 1719 2390; x_wconf 85' lang='lat' dir='ltr'>quondam</span> 
     </span>
    </p>
   </div>
   <div class='ocr_carea' id='block_1_32' title="bbox 129 2403 1721 2464">
    <p class='ocr_par' dir='ltr' id='par_1_32' title="bbox 129 2403 1721 2464">
     <span class='ocr_line' id='line_1_32' title="bbox 129 2403 1721 2464; baseline 0.001 -11"><span class='ocrx_word' id='word_1_228' title='bbox 129 2405 437 2453; x_wconf 74' lang='lat' dir='ltr'>virtutibus</span> <span class='ocrx_word' id='word_1_229' title='bbox 461 2404 613 2451; x_wconf 87' lang='lat' dir='ltr'>clara</span> <span class='ocrx_word' id='word_1_230' title='bbox 637 2405 1002 2463; x_wconf 76' lang='lat' dir='ltr'>sequeretur?</span> <span class='ocrx_word' id='word_1_231' title='bbox 1024 2407 1268 2464; x_wconf 88' lang='lat' dir='ltr'>postque</span> <span class='ocrx_word' id='word_1_232' title='bbox 1294 2410 1309 2429; x_wconf 84' lang='lat'>&#39;</span> <span class='ocrx_word' id='word_1_233' title='bbox 1335 2403 1463 2452; x_wconf 80' lang='lat' dir='ltr'>illos</span> <span class='ocrx_word' id='word_1_234' title='bbox 1492 2406 1640 2453; x_wconf 89' lang='lat' dir='ltr'>ritus</span> <span class='ocrx_word' id='word_1_235' title='bbox 1665 2408 1721 2455; x_wconf 93' lang='lat' dir='ltr'>et</span> 
     </span>
    </p>
   </div>
   <div class='ocr_carea' id='block_1_33' title="bbox 125 2473 1723 2539">
    <p class='ocr_par' dir='ltr' id='par_1_33' title="bbox 125 2473 1723 2539">
     <span class='ocr_line' id='line_1_33' title="bbox 125 2473 1723 2539; baseline 0.001 -13"><span class='ocrx_word' id='word_1_236' title='bbox 125 2477 428 2539; x_wconf 85' lang='lat' dir='ltr'>majestate</span> <span class='ocrx_word' id='word_1_237' title='bbox 451 2485 811 2536; x_wconf 82' lang='lat' dir='ltr'>reVerenuos,</span> <span class='ocrx_word' id='word_1_238' title='bbox 824 2474 898 2523; x_wconf 88' lang='lat' dir='ltr'>ad</span> <span class='ocrx_word' id='word_1_239' title='bbox 913 2474 1042 2523; x_wconf 87' lang='lat' dir='ltr'>vilia</span> <span class='ocrx_word' id='word_1_240' title='bbox 1061 2473 1441 2524; x_wconf 84' lang='lat' dir='ltr'>i&#39;anaticorum</span> <span class='ocrx_word' id='word_1_241' title='bbox 1454 2474 1723 2527; x_wconf 85' lang='lat' dir='ltr'>instituta</span> 
     </span>
    </p>
   </div>
   <div class='ocr_carea' id='block_1_34' title="bbox 124 2543 1723 2609">
    <p class='ocr_par' dir='ltr' id='par_1_34' title="bbox 124 2543 1723 2609">
     <span class='ocr_line' id='line_1_34' title="bbox 124 2543 1723 2609; baseline 0.001 -13"><span class='ocrx_word' id='word_1_242' title='bbox 124 2550 517 2607; x_wconf 81' lang='lat' dir='ltr'>descenderet,</span> <span class='ocrx_word' id='word_1_243' title='bbox 542 2549 713 2607; x_wconf 90' lang='lat' dir='ltr'>atque</span> <span class='ocrx_word' id='word_1_244' title='bbox 736 2543 904 2607; x_wconf 88' lang='lat' dir='ltr'>idola,</span> <span class='ocrx_word' id='word_1_245' title='bbox 925 2544 1010 2596; x_wconf 85' lang='lat' dir='ltr'>vel</span> <span class='ocrx_word' id='word_1_246' title='bbox 1025 2545 1383 2595; x_wconf 84' lang='lat' dir='ltr'>mediocriter</span> <span class='ocrx_word' id='word_1_247' title='bbox 1396 2546 1723 2609; x_wconf 86' lang='lat' dir='ltr'>sapientum</span> 
     </span>
    </p>
   </div>
   <div class='ocr_carea' id='block_1_35' title="bbox 126 2615 1722 2681">
    <p class='ocr_par' dir='ltr' id='par_1_35' title="bbox 126 2615 1722 2681">
     <span class='ocr_line' id='line_1_35' title="bbox 126 2615 1722 2681; baseline 0.001 -14"><span class='ocrx_word' id='word_1_248' title='bbox 126 2618 391 2681; x_wconf 83' lang='lat' dir='ltr'>subjecta</span> <span class='ocrx_word' id='word_1_249' title='bbox 422 2617 655 2679; x_wconf 83' lang='lat' dir='ltr'>derisui,</span> <span class='ocrx_word' id='word_1_250' title='bbox 701 2615 929 2679; x_wconf 76' lang='lat' dir='ltr'>frustra,</span> <span class='ocrx_word' id='word_1_251' title='bbox 972 2616 1031 2665; x_wconf 88' lang='lat' dir='ltr'>id</span> <span class='ocrx_word' id='word_1_252' title='bbox 1065 2620 1171 2679; x_wconf 88' lang='lat' dir='ltr'>est,</span> <span class='ocrx_word' id='word_1_253' title='bbox 1213 2617 1432 2679; x_wconf 85' lang='lat' dir='ltr'>absque</span> <span class='ocrx_word' id='word_1_254' title='bbox 1474 2618 1602 2681; x_wconf 88' lang='lat' dir='ltr'>ulla,</span> <span class='ocrx_word' id='word_1_255' title='bbox 1633 2618 1722 2669; x_wconf 87' lang='lat' dir='ltr'>vel</span> 
     </span>
    </p>
   </div>
   <div class='ocr_carea' id='block_1_36' title="bbox 124 2686 1723 2750">
    <p class='ocr_par' dir='ltr' id='par_1_36' title="bbox 124 2686 1723 2750">
     <span class='ocr_line' id='line_1_36' title="bbox 124 2686 1723 2750; baseline 0 -10"><span class='ocrx_word' id='word_1_256' title='bbox 124 2692 321 2740; x_wconf 77' lang='lat' dir='ltr'>breVis</span> <span class='ocrx_word' id='word_1_257' title='bbox 345 2688 631 2738; x_wconf 88' lang='lat' dir='ltr'>commodi</span> <span class='ocrx_word' id='word_1_258' title='bbox 648 2686 911 2737; x_wconf 85' lang='lat' dir='ltr'>uitilitate</span> <span class='ocrx_word' id='word_1_259' title='bbox 928 2690 1244 2750; x_wconf 88' lang='lat' dir='ltr'>suspiceret</span> <span class='ocrx_word' id='word_1_260' title='bbox 1258 2692 1282 2737; x_wconf 68' lang='grc' dir='ltr'><strong><em>τ</em></strong></span> <span class='ocrx_word' id='word_1_261' title='bbox 1298 2689 1404 2738; x_wconf 65' lang='lat' dir='ltr'>Sed</span> <span class='ocrx_word' id='word_1_262' title='bbox 1422 2700 1554 2738; x_wconf 90' lang='lat' dir='ltr'>cum</span> <span class='ocrx_word' id='word_1_263' title='bbox 1570 2694 1723 2740; x_wconf 89' lang='lat' dir='ltr'>esset</span> 
     </span>
    </p>
   </div>
   <div class='ocr_carea' id='block_1_37' title="bbox 124 2758 1724 2823">
    <p class='ocr_par' dir='ltr' id='par_1_37' title="bbox 124 2758 1724 2823">
     <span class='ocr_line' id='line_1_37' title="bbox 124 2758 1724 2823; baseline -0.001 -11"><span class='ocrx_word' id='word_1_264' title='bbox 124 2759 383 2812; x_wconf 84' lang='lat' dir='ltr'>amentia</span> <span class='ocrx_word' id='word_1_265' title='bbox 402 2761 600 2810; x_wconf 85' lang='lat' dir='ltr'>clarior</span> <span class='ocrx_word' id='word_1_266' title='bbox 611 2758 720 2822; x_wconf 90' lang='lat' dir='ltr'>die,</span> <span class='ocrx_word' id='word_1_267' title='bbox 736 2758 786 2808; x_wconf 90' lang='lat' dir='ltr'>si</span> <span class='ocrx_word' id='word_1_268' title='bbox 806 2759 1056 2808; x_wconf 85' lang='lat' dir='ltr'>hominis</span> <span class='ocrx_word' id='word_1_269' title='bbox 1067 2759 1384 2821; x_wconf 87' lang='lat' dir='ltr'>pecudibus</span> <span class='ocrx_word' id='word_1_270' title='bbox 1405 2772 1513 2823; x_wconf 90' lang='lat' dir='ltr'>sup</span> <span class='ocrx_word' id='word_1_271' title='bbox 1516 2760 1724 2823; x_wconf 85' lang='lat' dir='ltr'>plican-</span> 
     </span>
    </p>
   </div>
   <div class='ocr_carea' id='block_1_38' title="bbox 127 2827 1723 2897">
    <p class='ocr_par' dir='ltr' id='par_1_38' title="bbox 127 2827 1723 2897">
     <span class='ocr_line' id='line_1_38' title="bbox 127 2827 1723 2897; baseline 0.001 -15"><span class='ocrx_word' id='word_1_272' title='bbox 127 2832 275 2882; x_wconf 90' lang='lat' dir='ltr'>dum</span> <span class='ocrx_word' id='word_1_273' title='bbox 298 2836 582 2894; x_wconf 87' lang='lat' dir='ltr'>putarent,</span> <span class='ocrx_word' id='word_1_274' title='bbox 607 2831 725 2880; x_wconf 84' lang='lat' dir='ltr'>fore</span> <span class='ocrx_word' id='word_1_275' title='bbox 745 2836 936 2881; x_wconf 86' lang='lat' dir='ltr'>tamen</span> <span class='ocrx_word' id='word_1_276' title='bbox 962 2832 1175 2894; x_wconf 86' lang='lat' dir='ltr'>turbas,</span> <span class='ocrx_word' id='word_1_277' title='bbox 1201 2827 1379 2897; x_wconf 74' lang='lat'><strong>466</strong></span> <span class='ocrx_word' id='word_1_278' title='bbox 1403 2842 1534 2893; x_wconf 60' lang='lat' dir='ltr'>quae</span> <span class='ocrx_word' id='word_1_279' title='bbox 1559 2833 1667 2882; x_wconf 90' lang='lat' dir='ltr'>sibi</span> <span class='ocrx_word' id='word_1_280' title='bbox 1689 2845 1723 2884; x_wconf 89' lang='lat' dir='ltr'>a</span> 
     </span>
    </p>
   </div>
   <div class='ocr_carea' id='block_1_39' title="bbox 126 2903 1724 2966">
    <p class='ocr_par' dir='ltr' id='par_1_39' title="bbox 126 2903 1724 2966">
     <span class='ocr_line' id='line_1_39' title="bbox 126 2903 1724 2966; baseline -0.001 -12"><span class='ocrx_word' id='word_1_281' title='bbox 126 2906 309 2954; x_wconf 85' lang='lat' dir='ltr'>boum</span> <span class='ocrx_word' id='word_1_282' title='bbox 330 2904 678 2966; x_wconf 83' lang='lat' dir='ltr'>imaginibus</span> <span class='ocrx_word' id='word_1_283' title='bbox 698 2903 1053 2953; x_wconf 71' lang='lat' dir='ltr'>ftehcntatem</span> <span class='ocrx_word' id='word_1_284' title='bbox 1068 2904 1312 2953; x_wconf 82' lang='lat' dir='ltr'>conferri</span> <span class='ocrx_word' id='word_1_285' title='bbox 1325 2916 1495 2966; x_wconf 86' lang='lat' dir='ltr'>posse</span> <span class='ocrx_word' id='word_1_286' title='bbox 1508 2908 1724 2952; x_wconf 79' lang='lat' dir='ltr'>arbitra-</span> 
     </span>
    </p>
   </div>
   <div class='ocr_carea' id='block_1_40' title="bbox 125 2974 1723 3040">
    <p class='ocr_par' dir='ltr' id='par_1_40' title="bbox 125 2974 1723 3040">
     <span class='ocr_line' id='line_1_40' title="bbox 125 2974 1723 3040; baseline -0.001 -15"><span class='ocrx_word' id='word_1_287' title='bbox 125 2980 333 3027; x_wconf 83' lang='lat' dir='ltr'>rentur</span> <span class='ocrx_word' id='word_1_288' title='bbox 353 2976 375 3003; x_wconf 79' lang='grc'>⁸⁵</span> <span class='ocrx_word' id='word_1_289' title='bbox 395 2979 420 3025; x_wconf 72' lang='lat' dir='ltr'>‘I</span> <span class='ocrx_word' id='word_1_290' title='bbox 444 2977 591 3023; x_wconf 66' lang='lat' dir='ltr'>Nam</span> <span class='ocrx_word' id='word_1_291' title='bbox 621 2979 668 3021; x_wconf 88' lang='lat' dir='ltr'>et</span> <span class='ocrx_word' id='word_1_292' title='bbox 713 2974 914 3022; x_wconf 86' lang='lat' dir='ltr'>altaria</span> <span class='ocrx_word' id='word_1_293' title='bbox 936 2989 1142 3035; x_wconf 87' lang='lat' dir='ltr'>eorum,</span> <span class='ocrx_word' id='word_1_294' title='bbox 1177 2990 1334 3037; x_wconf 77' lang='lat' dir='ltr'>quasi</span> <span class='ocrx_word' id='word_1_295' title='bbox 1362 2990 1536 3023; x_wconf 78' lang='lat' dir='ltr'>acervi</span> <span class='ocrx_word' id='word_1_296' title='bbox 1562 2990 1723 3040; x_wconf 80' lang='lat' dir='ltr'>super</span> 
     </span>
    </p>
   </div>
   <div class='ocr_carea' id='block_1_41' title="bbox 119 3047 1730 3112">
    <p class='ocr_par' dir='ltr' id='par_1_41' title="bbox 119 3047 1730 3112">
     <span class='ocr_line' id='line_1_41' title="bbox 119 3047 1730 3112; baseline 0.001 -17"><span class='ocrx_word' id='word_1_297' title='bbox 119 3048 297 3095; x_wconf 84' lang='lat' dir='ltr'>sulcos</span> <span class='ocrx_word' id='word_1_298' title='bbox 313 3047 454 3108; x_wconf 81' lang='lat' dir='ltr'>agri.</span> <span class='ocrx_word' id='word_1_299' title='bbox 480 3050 906 3109; x_wconf 57' lang='lat' dir='ltr'>Consequenter</span> <span class='ocrx_word' id='word_1_300' title='bbox 934 3052 1125 3097; x_wconf 88' lang='lat' dir='ltr'>autem</span> <span class='ocrx_word' id='word_1_301' title='bbox 1150 3048 1418 3110; x_wconf 73' lang='lat' dir='ltr'>profanos</span> <span class='ocrx_word' id='word_1_302' title='bbox 1442 3047 1604 3112; x_wconf 90' lang='lat' dir='ltr'>ritus,</span> <span class='ocrx_word' id='word_1_303' title='bbox 1636 3048 1730 3097; x_wconf 89' lang='lat' dir='ltr'>ob-</span> 
     </span>
    </p>
   </div>
   <div class='ocr_carea' id='block_1_42' title="bbox 122 3118 1723 3182">
    <p class='ocr_par' dir='ltr' id='par_1_42' title="bbox 122 3118 1723 3182">
     <span class='ocr_line' id='line_1_42' title="bbox 122 3118 1723 3182; baseline 0.001 -15"><span class='ocrx_word' id='word_1_304' title='bbox 122 3120 516 3169; x_wconf 82' lang='lat' dir='ltr'>servationum</span> <span class='ocrx_word' id='word_1_305' title='bbox 541 3130 771 3180; x_wconf 88' lang='lat' dir='ltr'>quoque</span> <span class='ocrx_word' id='word_1_306' title='bbox 799 3118 987 3169; x_wconf 74' lang='lat' dir='ltr'>vilitis</span> <span class='ocrx_word' id='word_1_307' title='bbox 1019 3119 1144 3181; x_wconf 89' lang='lat' dir='ltr'>ipsa</span> <span class='ocrx_word' id='word_1_308' title='bbox 1172 3118 1478 3182; x_wconf 88' lang='lat' dir='ltr'>convincit,</span> <span class='ocrx_word' id='word_1_309' title='bbox 1514 3124 1579 3170; x_wconf 91' lang='lat' dir='ltr'>ut</span> <span class='ocrx_word' id='word_1_310' title='bbox 1602 3120 1723 3169; x_wconf 88' lang='lat' dir='ltr'>sine</span> 
     </span>
    </p>
   </div>
   <div class='ocr_carea' id='block_1_43' title="bbox 116 3190 1724 3254">
    <p class='ocr_par' dir='ltr' id='par_1_43' title="bbox 116 3190 1724 3254">
     <span class='ocr_line' id='line_1_43' title="bbox 116 3190 1724 3254; baseline 0.001 -14"><span class='ocrx_word' id='word_1_311' title='bbox 116 3190 314 3252; x_wconf 86' lang='lat' dir='ltr'>aliquo</span> <span class='ocrx_word' id='word_1_312' title='bbox 336 3194 593 3239; x_wconf 83' lang='lat' dir='ltr'>iocorum</span> <span class='ocrx_word' id='word_1_313' title='bbox 616 3190 841 3240; x_wconf 89' lang='lat' dir='ltr'>delectu</span> <span class='ocrx_word' id='word_1_314' title='bbox 858 3203 987 3240; x_wconf 87' lang='lat' dir='ltr'>aras</span> <span class='ocrx_word' id='word_1_315' title='bbox 1003 3194 1324 3253; x_wconf 76' lang='lat' dir='ltr'>exstruunt,</span> <span class='ocrx_word' id='word_1_316' title='bbox 1350 3194 1407 3241; x_wconf 90' lang='lat' dir='ltr'>et</span> <span class='ocrx_word' id='word_1_317' title='bbox 1419 3191 1724 3254; x_wconf 84' lang='lat' dir='ltr'>probrosos</span> 
     </span>
    </p>
   </div>
   <div class='ocr_carea' id='block_1_44' title="bbox 115 3262 1723 3325">
    <p class='ocr_par' dir='ltr' id='par_1_44' title="bbox 115 3262 1723 3325">
     <span class='ocr_line' id='line_1_44' title="bbox 115 3262 1723 3325; baseline 0.001 -14"><span class='ocrx_word' id='word_1_318' title='bbox 115 3262 267 3311; x_wconf 82' lang='lat' dir='ltr'>deos</span> <span class='ocrx_word' id='word_1_319' title='bbox 302 3262 687 3311; x_wconf 87' lang='lat' dir='ltr'>tumultuariis</span> <span class='ocrx_word' id='word_1_320' title='bbox 727 3272 1064 3312; x_wconf 84' lang='lat' dir='ltr'>venerentur</span> <span class='ocrx_word' id='word_1_321' title='bbox 1085 3263 1537 3325; x_wconf 67' lang='lat' dir='ltr'>altaribusErgo</span> <span class='ocrx_word' id='word_1_322' title='bbox 1556 3264 1723 3325; x_wconf 89' lang='lat' dir='ltr'>quasi</span> 
     </span>
    </p>
   </div>
   <div class='ocr_carea' id='block_1_45' title="bbox 116 3332 1727 3401">
    <p class='ocr_par' dir='ltr' id='par_1_45' title="bbox 116 3332 1727 3401">
     <span class='ocr_line' id='line_1_45' title="bbox 116 3332 1727 3401; baseline 0.002 -20"><span class='ocrx_word' id='word_1_323' title='bbox 116 3344 260 3381; x_wconf 89' lang='lat' dir='ltr'>cum</span> <span class='ocrx_word' id='word_1_324' title='bbox 285 3333 503 3394; x_wconf 85' lang='lat' dir='ltr'>gemitu</span> <span class='ocrx_word' id='word_1_325' title='bbox 525 3339 584 3383; x_wconf 90' lang='lat' dir='ltr'>et</span> <span class='ocrx_word' id='word_1_326' title='bbox 605 3332 1003 3395; x_wconf 82' lang='lat' dir='ltr'>admiratione,</span> <span class='ocrx_word' id='word_1_327' title='bbox 1022 3344 1196 3395; x_wconf 88' lang='lat' dir='ltr'>quam</span> <span class='ocrx_word' id='word_1_328' title='bbox 1209 3333 1590 3384; x_wconf 89' lang='lat' dir='ltr'>disseruimus</span> <span class='ocrx_word' id='word_1_329' title='bbox 1600 3346 1727 3401; x_wconf 89' lang='lat' dir='ltr'>pro-</span> 
     </span>
    </p>
   </div>
   <div class='ocr_carea' id='block_1_46' title="bbox 112 3405 1724 3467">
    <p class='ocr_par' dir='ltr' id='par_1_46' title="bbox 112 3405 1724 3467">
     <span class='ocr_line' id='line_1_46' title="bbox 112 3405 1724 3467; baseline 0 -14"><span class='ocrx_word' id='word_1_330' title='bbox 112 3405 241 3453; x_wconf 86' lang='lat' dir='ltr'>lata</span> <span class='ocrx_word' id='word_1_331' title='bbox 275 3415 392 3453; x_wconf 85' lang='lat' dir='ltr'>vox</span> <span class='ocrx_word' id='word_1_332' title='bbox 408 3407 532 3453; x_wconf 84' lang='lat' dir='ltr'>est:</span> <span class='ocrx_word' id='word_1_333' title='bbox 566 3406 627 3451; x_wconf 66' lang='lat' dir='ltr'>Si</span> <span class='ocrx_word' id='word_1_334' title='bbox 659 3405 849 3466; x_wconf 83' lang='lat' dir='ltr'>Uatgat</span> <span class='ocrx_word' id='word_1_335' title='bbox 872 3405 1097 3467; x_wconf 86' lang='lat' dir='ltr'>idolum,</span> <span class='ocrx_word' id='word_1_336' title='bbox 1126 3412 1306 3453; x_wconf 87' lang='lat' dir='ltr'>tamen</span> <span class='ocrx_word' id='word_1_337' title='bbox 1338 3405 1547 3467; x_wconf 81' lang='lat' dir='ltr'>frustra</span> <span class='ocrx_word' id='word_1_338' title='bbox 1570 3410 1724 3453; x_wconf 87' lang='lat' dir='ltr'>erant</span> 
     </span>
    </p>
   </div>
   <div class='ocr_carea' id='block_1_47' title="bbox 112 3473 1725 3537">
    <p class='ocr_par' dir='ltr' id='par_1_47' title="bbox 112 3473 1725 3537">
     <span class='ocr_line' id='line_1_47' title="bbox 112 3473 1725 3537; baseline 0.002 -15"><span class='ocrx_word' id='word_1_339' title='bbox 112 3477 174 3522; x_wconf 82' lang='lat' dir='ltr'>in</span> <span class='ocrx_word' id='word_1_340' title='bbox 224 3473 416 3537; x_wconf 76' lang='grc' dir='ltr'>ϐαλθαί</span> <span class='ocrx_word' id='word_1_341' title='bbox 449 3474 607 3522; x_wconf 82' lang='lat' dir='ltr'>bobus</span> <span class='ocrx_word' id='word_1_342' title='bbox 651 3476 991 3524; x_wconf 87' lang='lat' dir='ltr'>immolantes</span> <span class='ocrx_word' id='word_1_343' title='bbox 1021 3491 1033 3526; x_wconf 90' lang='lat'><strong>:</strong></span> <span class='ocrx_word' id='word_1_344' title='bbox 1083 3490 1218 3524; x_wconf 87' lang='lat' dir='ltr'>nam</span> <span class='ocrx_word' id='word_1_345' title='bbox 1239 3481 1283 3525; x_wconf 89' lang='lat' dir='ltr'>et</span> <span class='ocrx_word' id='word_1_346' title='bbox 1307 3476 1512 3525; x_wconf 85' lang='lat' dir='ltr'>altaria</span> <span class='ocrx_word' id='word_1_347' title='bbox 1536 3491 1725 3525; x_wconf 85' lang='lat' dir='ltr'>eorum</span> 
     </span>
    </p>
   </div>
   <div class='ocr_carea' id='block_1_48' title="bbox 111 3547 1727 3612">
    <p class='ocr_par' dir='ltr' id='par_1_48' title="bbox 111 3547 1727 3612">
     <span class='ocr_line' id='line_1_48' title="bbox 111 3547 1727 3612; baseline 0.003 -17"><span class='ocrx_word' id='word_1_348' title='bbox 111 3548 283 3611; x_wconf 85' lang='lat' dir='ltr'>quasi</span> <span class='ocrx_word' id='word_1_349' title='bbox 299 3547 473 3595; x_wconf 79' lang='lat' dir='ltr'>acervi</span> <span class='ocrx_word' id='word_1_350' title='bbox 497 3561 658 3611; x_wconf 82' lang='lat' dir='ltr'>super</span> <span class='ocrx_word' id='word_1_351' title='bbox 679 3547 850 3596; x_wconf 83' lang='lat' dir='ltr'>sulcos</span> <span class='ocrx_word' id='word_1_352' title='bbox 872 3548 1013 3611; x_wconf 88' lang='lat' dir='ltr'>agri.</span> <span class='ocrx_word' id='word_1_353' title='bbox 1039 3549 1149 3599; x_wconf 86' lang='lat' dir='ltr'>Sed</span> <span class='ocrx_word' id='word_1_354' title='bbox 1173 3547 1311 3611; x_wconf 83' lang='lat' dir='ltr'>quid</span> <span class='ocrx_word' id='word_1_355' title='bbox 1334 3549 1727 3612; x_wconf 79' lang='lat' dir='ltr'>subjiciat,au-</span> 
     </span>
    </p>
   </div>
   <div class='ocr_carea' id='block_1_49' title="bbox 116 3620 374 3669">
    <p class='ocr_par' dir='ltr' id='par_1_49' title="bbox 116 3620 374 3669">
     <span class='ocr_line' id='line_1_49' title="bbox 116 3620 374 3669; baseline -0.008 -1"><span class='ocrx_word' id='word_1_356' title='bbox 116 3620 374 3669; x_wconf 85' lang='lat' dir='ltr'>diamus.</span> 
     </span>
    </p>
   </div>
   <div class='ocr_carea' id='block_1_50' title="bbox 185 3706 1727 3773">
    <p class='ocr_par' dir='ltr' id='par_1_50' title="bbox 185 3706 1727 3773">
     <span class='ocr_line' id='line_1_50' title="bbox 185 3706 1727 3773; baseline -0.001 -14"><span class='ocrx_word' id='word_1_357' title='bbox 185 3709 352 3759; x_wconf 89' lang='lat' dir='ltr'>Vers.</span> <span class='ocrx_word' id='word_1_358' title='bbox 380 3706 471 3760; x_wconf 75' lang='lat'>1‘2.</span> <span class='ocrx_word' id='word_1_359' title='bbox 518 3706 605 3761; x_wconf 88' lang='grc'>13.</span> <span class='ocrx_word' id='word_1_360' title='bbox 644 3734 704 3745; x_wconf 88' lang='grc'><strong><em>-</em></strong></span> <span class='ocrx_word' id='word_1_361' title='bbox 726 3707 886 3771; x_wconf 87' lang='lat' dir='ltr'>Fugit</span> <span class='ocrx_word' id='word_1_362' title='bbox 908 3708 1072 3757; x_wconf 88' lang='lat' dir='ltr'>Jacob</span> <span class='ocrx_word' id='word_1_363' title='bbox 1098 3708 1160 3756; x_wconf 89' lang='lat' dir='ltr'>in</span> <span class='ocrx_word' id='word_1_364' title='bbox 1182 3709 1455 3771; x_wconf 74' lang='lat' dir='ltr'>regionem</span> <span class='ocrx_word' id='word_1_365' title='bbox 1482 3709 1659 3773; x_wconf 75' lang='lat' dir='ltr'>Syrias</span> <span class='ocrx_word' id='word_1_366' title='bbox 1682 3716 1727 3758; x_wconf 89' lang='lat' dir='ltr'>et</span> 
     </span>
    </p>
   </div>
   <div class='ocr_carea' id='block_1_51' title="bbox 113 3778 1729 3845">
    <p class='ocr_par' dir='ltr' id='par_1_51' title="bbox 113 3778 1729 3845">
     <span class='ocr_line' id='line_1_51' title="bbox 113 3778 1729 3845; baseline 0.002 -18"><span class='ocrx_word' id='word_1_367' title='bbox 113 3781 339 3827; x_wconf 77' lang='lat' dir='ltr'>servivit</span> <span class='ocrx_word' id='word_1_368' title='bbox 360 3778 527 3828; x_wconf 85' lang='lat' dir='ltr'>Israel</span> <span class='ocrx_word' id='word_1_369' title='bbox 548 3780 610 3827; x_wconf 86' lang='lat' dir='ltr'>in</span> <span class='ocrx_word' id='word_1_370' title='bbox 633 3793 876 3839; x_wconf 69' lang='lat' dir='ltr'>uxorem,</span> <span class='ocrx_word' id='word_1_371' title='bbox 903 3784 949 3827; x_wconf 88' lang='lat' dir='ltr'>et</span> <span class='ocrx_word' id='word_1_372' title='bbox 972 3779 1033 3828; x_wconf 87' lang='lat' dir='ltr'>in</span> <span class='ocrx_word' id='word_1_373' title='bbox 1061 3795 1226 3829; x_wconf 76' lang='lat' dir='ltr'>uxore</span> <span class='ocrx_word' id='word_1_374' title='bbox 1249 3780 1504 3831; x_wconf 82' lang='lat' dir='ltr'>°servivit.</span> <span class='ocrx_word' id='word_1_375' title='bbox 1519 3782 1583 3828; x_wconf 83' lang='lat' dir='ltr'>In</span> <span class='ocrx_word' id='word_1_376' title='bbox 1596 3796 1729 3845; x_wconf 84' lang='lat' dir='ltr'>pro-</span> 
     </span>
    </p>
   </div>
   <div class='ocr_carea' id='block_1_52' title="bbox 111 3852 1728 3917">
    <p class='ocr_par' dir='ltr' id='par_1_52' title="bbox 111 3852 1728 3917">
     <span class='ocr_line' id='line_1_52' title="bbox 111 3852 1728 3917; baseline 0.001 -18"><span class='ocrx_word' id='word_1_377' title='bbox 111 3852 289 3915; x_wconf 81' lang='lat' dir='ltr'>pheta</span> <span class='ocrx_word' id='word_1_378' title='bbox 319 3856 499 3900; x_wconf 88' lang='lat' dir='ltr'>autem</span> <span class='ocrx_word' id='word_1_379' title='bbox 517 3853 708 3899; x_wconf 75' lang='lat' dir='ltr'>eduxit</span> <span class='ocrx_word' id='word_1_380' title='bbox 729 3852 997 3900; x_wconf 85' lang='lat' dir='ltr'>Dominus</span> <span class='ocrx_word' id='word_1_381' title='bbox 1020 3853 1184 3901; x_wconf 87' lang='lat' dir='ltr'>Israel</span> <span class='ocrx_word' id='word_1_382' title='bbox 1214 3853 1277 3901; x_wconf 87' lang='lat' dir='ltr'>de</span> <span class='ocrx_word' id='word_1_383' title='bbox 1300 3852 1552 3917; x_wconf 61' lang='lat' dir='ltr'>rEgypto,</span> <span class='ocrx_word' id='word_1_384' title='bbox 1594 3860 1642 3901; x_wconf 85' lang='lat' dir='ltr'>et</span> <span class='ocrx_word' id='word_1_385' title='bbox 1664 3854 1728 3902; x_wconf 87' lang='lat' dir='ltr'>in</span> 
     </span>
    </p>
   </div>
   <div class='ocr_carea' id='block_1_53' title="bbox 108 3923 1729 3987">
    <p class='ocr_par' dir='ltr' id='par_1_53' title="bbox 108 3923 1729 3987">
     <span class='ocr_line' id='line_1_53' title="bbox 108 3923 1729 3987; baseline 0.004 -17"><span class='ocrx_word' id='word_1_386' title='bbox 108 3924 391 3987; x_wconf 76' lang='lat' dir='ltr'>propheta</span> <span class='ocrx_word' id='word_1_387' title='bbox 419 3923 658 3972; x_wconf 85' lang='lat' dir='ltr'>salvatus</span> <span class='ocrx_word' id='word_1_388' title='bbox 680 3928 768 3972; x_wconf 89' lang='lat' dir='ltr'>est.</span> <span class='ocrx_word' id='word_1_389' title='bbox 804 3923 949 3984; x_wconf 84' lang='lat' dir='ltr'>Quia</span> <span class='ocrx_word' id='word_1_390' title='bbox 980 3936 1099 3974; x_wconf 90' lang='lat' dir='ltr'>non</span> <span class='ocrx_word' id='word_1_391' title='bbox 1130 3924 1422 3976; x_wconf 64' lang='lat' dir='ltr'>historicas</span> <span class='ocrx_word' id='word_1_392' title='bbox 1451 3925 1729 3977; x_wconf 87' lang='lat' dir='ltr'>narratio-</span> 
     </span>
    </p>
   </div>
   <div class='ocr_carea' id='block_1_54' title="bbox 115 3995 1725 4060">
    <p class='ocr_par' dir='ltr' id='par_1_54' title="bbox 115 3995 1725 4060">
     <span class='ocr_line' id='line_1_54' title="bbox 115 3995 1725 4060; baseline 0.003 -17"><span class='ocrx_word' id='word_1_393' title='bbox 115 3995 217 4044; x_wconf 86' lang='lat' dir='ltr'>nis</span> <span class='ocrx_word' id='word_1_394' title='bbox 242 4000 440 4046; x_wconf 89' lang='lat' dir='ltr'>tenore</span> <span class='ocrx_word' id='word_1_395' title='bbox 463 3997 1064 4047; x_wconf 88' lang='lat' dir='ltr'>commemorationem</span> <span class='ocrx_word' id='word_1_396' title='bbox 1103 3997 1300 4047; x_wconf 90' lang='lat' dir='ltr'>intulit</span> <span class='ocrx_word' id='word_1_397' title='bbox 1336 4002 1725 4060; x_wconf 83' lang='lat' dir='ltr'>antiquorum,</span> 
     </span>
    </p>
   </div>
   <div class='ocr_carea' id='block_1_55' title="bbox 115 4066 1730 4132">
    <p class='ocr_par' dir='ltr' id='par_1_55' title="bbox 115 4066 1730 4132">
     <span class='ocr_line' id='line_1_55' title="bbox 115 4066 1730 4132; baseline 0.002 -16"><span class='ocrx_word' id='word_1_398' title='bbox 115 4066 227 4116; x_wconf 88' lang='lat' dir='ltr'>sed</span> <span class='ocrx_word' id='word_1_399' title='bbox 253 4068 367 4116; x_wconf 88' lang='lat' dir='ltr'>sub</span> <span class='ocrx_word' id='word_1_400' title='bbox 383 4068 601 4131; x_wconf 87' lang='lat' dir='ltr'>impetu</span> <span class='ocrx_word' id='word_1_401' title='bbox 615 4073 673 4117; x_wconf 89' lang='lat' dir='ltr'>et</span> <span class='ocrx_word' id='word_1_402' title='bbox 683 4066 876 4118; x_wconf 88' lang='lat' dir='ltr'>dolore</span> <span class='ocrx_word' id='word_1_403' title='bbox 887 4068 1199 4131; x_wconf 80' lang='lat' dir='ltr'>degeneres</span> <span class='ocrx_word' id='word_1_404' title='bbox 1216 4072 1478 4131; x_wconf 89' lang='lat' dir='ltr'>posteros</span> <span class='ocrx_word' id='word_1_405' title='bbox 1489 4081 1730 4132; x_wconf 89' lang='lat' dir='ltr'>arguen-</span> 
     </span>
    </p>
   </div>
   <div class='ocr_carea' id='block_1_56' title="bbox 114 4136 1730 4203">
    <p class='ocr_par' dir='ltr' id='par_1_56' title="bbox 114 4136 1730 4203">
     <span class='ocr_line' id='line_1_56' title="bbox 114 4136 1730 4203; baseline 0.002 -17"><span class='ocrx_word' id='word_1_406' title='bbox 114 4136 198 4201; x_wconf 90' lang='lat' dir='ltr'>di,</span> <span class='ocrx_word' id='word_1_407' title='bbox 218 4138 461 4188; x_wconf 81' lang='lat' dir='ltr'>recoluit</span> <span class='ocrx_word' id='word_1_408' title='bbox 483 4138 633 4188; x_wconf 81' lang='lat' dir='ltr'>facta</span> <span class='ocrx_word' id='word_1_409' title='bbox 654 4150 971 4202; x_wconf 75' lang='lat' dir='ltr'>majorum:</span> <span class='ocrx_word' id='word_1_410' title='bbox 999 4141 1127 4190; x_wconf 89' lang='lat' dir='ltr'>ideo</span> <span class='ocrx_word' id='word_1_411' title='bbox 1150 4142 1314 4203; x_wconf 84' lang='lat' dir='ltr'>quasi</span> <span class='ocrx_word' id='word_1_412' title='bbox 1330 4143 1730 4189; x_wconf 79' lang='lat' dir='ltr'>iluctuubundus</span> 
     </span>
    </p>
   </div>
   <div class='ocr_carea' id='block_1_57' title="bbox 113 4210 1731 4275">
    <p class='ocr_par' dir='ltr' id='par_1_57' title="bbox 113 4210 1731 4275">
     <span class='ocr_line' id='line_1_57' title="bbox 113 4210 1731 4275; baseline 0.002 -16"><span class='ocrx_word' id='word_1_413' title='bbox 113 4221 318 4259; x_wconf 90' lang='lat' dir='ltr'>sermo</span> <span class='ocrx_word' id='word_1_414' title='bbox 340 4210 718 4273; x_wconf 84' lang='lat' dir='ltr'>progreditur,</span> <span class='ocrx_word' id='word_1_415' title='bbox 742 4215 804 4260; x_wconf 88' lang='lat' dir='ltr'>ut</span> <span class='ocrx_word' id='word_1_416' title='bbox 828 4212 1072 4261; x_wconf 88' lang='lat' dir='ltr'>invicem</span> <span class='ocrx_word' id='word_1_417' title='bbox 1096 4212 1205 4261; x_wconf 83' lang='lat' dir='ltr'>sibi</span> <span class='ocrx_word' id='word_1_418' title='bbox 1227 4213 1591 4275; x_wconf 80' lang='lat' dir='ltr'>exprobratio</span> <span class='ocrx_word' id='word_1_419' title='bbox 1604 4212 1731 4263; x_wconf 88' lang='lat' dir='ltr'>lau-</span> 
     </span>
    </p>
   </div>
   <div class='ocr_carea' id='block_1_58' title="bbox 112 4280 1732 4346">
    <p class='ocr_par' dir='ltr' id='par_1_58' title="bbox 112 4280 1732 4346">
     <span class='ocr_line' id='line_1_58' title="bbox 112 4280 1732 4346; baseline 0.004 -17"><span class='ocrx_word' id='word_1_420' title='bbox 112 4281 400 4342; x_wconf 82' lang='lat' dir='ltr'>datioque</span> <span class='ocrx_word' id='word_1_421' title='bbox 411 4280 700 4346; x_wconf 86' lang='lat' dir='ltr'>succedat,</span> <span class='ocrx_word' id='word_1_422' title='bbox 713 4285 786 4332; x_wconf 89' lang='lat' dir='ltr'>ob</span> <span class='ocrx_word' id='word_1_423' title='bbox 784 4284 1209 4346; x_wconf 70' lang='lat' dir='ltr'>jurgationique</span> <span class='ocrx_word' id='word_1_424' title='bbox 1220 4283 1448 4346; x_wconf 89' lang='lat' dir='ltr'>pondus</span> <span class='ocrx_word' id='word_1_425' title='bbox 1461 4284 1732 4346; x_wconf 62' lang='lat' dir='ltr'>praedica-</span> 
     </span>
    </p>
   </div>
   <div class='ocr_carea' id='block_1_59' title="bbox 114 4352 1731 4419">
    <p class='ocr_par' dir='ltr' id='par_1_59' title="bbox 114 4352 1731 4419">
     <span class='ocr_line' id='line_1_59' title="bbox 114 4352 1731 4419; baseline 0.003 -17"><span class='ocrx_word' id='word_1_426' title='bbox 114 4352 197 4402; x_wconf 89' lang='lat' dir='ltr'>tio</span> <span class='ocrx_word' id='word_1_427' title='bbox 212 4354 478 4414; x_wconf 59' lang='lat' dir='ltr'>antiquae</span> <span class='ocrx_word' id='word_1_428' title='bbox 493 4353 552 4415; x_wconf 67' lang='grc' dir='ltr'>[Α</span> <span class='ocrx_word' id='word_1_429' title='bbox 563 4358 635 4403; x_wconf 85' lang='lat' dir='ltr'>nt.</span> <span class='ocrx_word' id='word_1_430' title='bbox 654 4354 909 4417; x_wconf 77' lang='lat' dir='ltr'>antiqua]</span> <span class='ocrx_word' id='word_1_431' title='bbox 931 4355 1245 4405; x_wconf 82' lang='lat' dir='ltr'>nobilitatis</span> <span class='ocrx_word' id='word_1_432' title='bbox 1261 4354 1353 4419; x_wconf 85' lang='lat' dir='ltr'>adj</span> <span class='ocrx_word' id='word_1_433' title='bbox 1365 4361 1731 4419; x_wconf 83' lang='lat' dir='ltr'>ungat.Proin-</span> 
     </span>
    </p>
   </div>
   <div class='ocr_carea' id='block_1_60' title="bbox 109 4424 1731 4490">
    <p class='ocr_par' dir='ltr' id='par_1_60' title="bbox 109 4424 1731 4490">
     <span class='ocr_line' id='line_1_60' title="bbox 109 4424 1731 4490; baseline 0.004 -16"><span class='ocrx_word' id='word_1_434' title='bbox 109 4424 208 4487; x_wconf 89' lang='lat' dir='ltr'>de,</span> <span class='ocrx_word' id='word_1_435' title='bbox 230 4430 299 4474; x_wconf 89' lang='lat' dir='ltr'>ut</span> <span class='ocrx_word' id='word_1_436' title='bbox 322 4424 666 4487; x_wconf 88' lang='lat' dir='ltr'>instituerat,</span> <span class='ocrx_word' id='word_1_437' title='bbox 691 4426 917 4476; x_wconf 85' lang='lat' dir='ltr'>labores</span> <span class='ocrx_word' id='word_1_438' title='bbox 942 4427 1093 4477; x_wconf 87' lang='lat' dir='ltr'>beati</span> <span class='ocrx_word' id='word_1_439' title='bbox 1116 4428 1312 4490; x_wconf 83' lang='lat' dir='ltr'>Jacob,</span> <span class='ocrx_word' id='word_1_440' title='bbox 1343 4432 1441 4490; x_wconf 86' lang='lat' dir='ltr'>qui</span> <span class='ocrx_word' id='word_1_441' title='bbox 1471 4433 1529 4480; x_wconf 83' lang='lat' dir='ltr'>et</span> <span class='ocrx_word' id='word_1_442' title='bbox 1552 4432 1731 4482; x_wconf 85' lang='lat' dir='ltr'>Israel</span> 
     </span>
    </p>
   </div>
   <div class='ocr_carea' id='block_1_61' title="bbox 108 4497 1725 4562">
    <p class='ocr_par' dir='ltr' id='par_1_61' title="bbox 108 4497 1725 4562">
     <span class='ocr_line' id='line_1_61' title="bbox 108 4497 1725 4562; baseline 0.004 -18"><span class='ocrx_word' id='word_1_443' title='bbox 108 4497 449 4559; x_wconf 88' lang='lat' dir='ltr'>appellatus</span> <span class='ocrx_word' id='word_1_444' title='bbox 459 4500 564 4559; x_wconf 89' lang='lat' dir='ltr'>est,</span> <span class='ocrx_word' id='word_1_445' title='bbox 585 4509 686 4560; x_wconf 90' lang='lat' dir='ltr'>pro</span> <span class='ocrx_word' id='word_1_446' title='bbox 695 4501 1014 4561; x_wconf 87' lang='lat' dir='ltr'>ventusque</span> <span class='ocrx_word' id='word_1_447' title='bbox 1025 4498 1461 4559; x_wconf 72' lang='lat' dir='ltr'>dinumeratcuj</span> <span class='ocrx_word' id='word_1_448' title='bbox 1473 4516 1532 4549; x_wconf 90' lang='lat' dir='ltr'>us</span> <span class='ocrx_word' id='word_1_449' title='bbox 1548 4506 1655 4562; x_wconf 85' lang='lat' dir='ltr'>utiq</span> <span class='ocrx_word' id='word_1_450' title='bbox 1666 4517 1725 4550; x_wconf 90' lang='lat' dir='ltr'>ue</span> 
     </span>
    </p>
   </div>
   <div class='ocr_carea' id='block_1_62' title="bbox 1818 541 3411 611">
    <p class='ocr_par' dir='ltr' id='par_1_62' title="bbox 1818 541 3411 611">
     <span class='ocr_line' id='line_1_62' title="bbox 1818 541 3411 611; baseline 0.006 -22"><span class='ocrx_word' id='word_1_451' title='bbox 1818 541 1972 604; x_wconf 89' lang='lat' dir='ltr'>pivit.</span> <span class='ocrx_word' id='word_1_452' title='bbox 1998 542 2067 589; x_wconf 87' lang='lat' dir='ltr'>Et</span> <span class='ocrx_word' id='word_1_453' title='bbox 2089 552 2162 589; x_wconf 94' lang='lat' dir='ltr'>ne</span> <span class='ocrx_word' id='word_1_454' title='bbox 2196 541 2483 603; x_wconf 89' lang='lat' dir='ltr'>gratuitus</span> <span class='ocrx_word' id='word_1_455' title='bbox 2515 548 2671 594; x_wconf 87' lang='lat' dir='ltr'>esset</span> <span class='ocrx_word' id='word_1_456' title='bbox 2698 545 2858 595; x_wconf 90' lang='lat' dir='ltr'>labor</span> <span class='ocrx_word' id='word_1_457' title='bbox 2877 549 3140 609; x_wconf 79' lang='lat' dir='ltr'>generosi</span> <span class='ocrx_word' id='word_1_458' title='bbox 3158 548 3411 611; x_wconf 84' lang='lat' dir='ltr'>juvenis,</span> 
     </span>
    </p>
   </div>
   <div class='ocr_carea' id='block_1_63' title="bbox 1818 612 3414 678">
    <p class='ocr_par' dir='ltr' id='par_1_63' title="bbox 1818 612 3414 678">
     <span class='ocr_line' id='line_1_63' title="bbox 1818 612 3414 678; baseline 0.008 -19"><span class='ocrx_word' id='word_1_459' title='bbox 1818 615 2026 671; x_wconf 62' lang='lat' dir='ltr'>amatae</span> <span class='ocrx_word' id='word_1_460' title='bbox 2038 612 2278 672; x_wconf 85' lang='lat' dir='ltr'>virginis</span> <span class='ocrx_word' id='word_1_461' title='bbox 2294 612 2527 674; x_wconf 88' lang='lat' dir='ltr'>nuptias</span> <span class='ocrx_word' id='word_1_462' title='bbox 2542 615 2829 665; x_wconf 88' lang='lat' dir='ltr'>toleranda</span> <span class='ocrx_word' id='word_1_463' title='bbox 2841 616 3124 678; x_wconf 88' lang='lat' dir='ltr'>septennii</span> <span class='ocrx_word' id='word_1_464' title='bbox 3136 619 3414 671; x_wconf 87' lang='lat' dir='ltr'>servitute</span> 
     </span>
    </p>
   </div>
   <div class='ocr_carea' id='block_1_64' title="bbox 1815 680 3413 751">
    <p class='ocr_par' dir='ltr' id='par_1_64' title="bbox 1815 680 3413 751">
     <span class='ocr_line' id='line_1_64' title="bbox 1815 680 3413 751; baseline 0.006 -20"><span class='ocrx_word' id='word_1_465' title='bbox 1815 680 2122 744; x_wconf 83' lang='lat' dir='ltr'>despondit</span> <span class='ocrx_word' id='word_1_466' title='bbox 2146 696 2157 730; x_wconf 91' lang='lat'>:</span> <span class='ocrx_word' id='word_1_467' title='bbox 2209 682 2268 731; x_wconf 89' lang='lat' dir='ltr'>in</span> <span class='ocrx_word' id='word_1_468' title='bbox 2311 694 2425 744; x_wconf 89' lang='lat' dir='ltr'>quo</span> <span class='ocrx_word' id='word_1_469' title='bbox 2452 688 2702 746; x_wconf 88' lang='lat' dir='ltr'>tempore</span> <span class='ocrx_word' id='word_1_470' title='bbox 2726 698 2859 735; x_wconf 92' lang='lat' dir='ltr'>cum</span> <span class='ocrx_word' id='word_1_471' title='bbox 2880 698 3093 750; x_wconf 89' lang='lat' dir='ltr'>magna</span> <span class='ocrx_word' id='word_1_472' title='bbox 3123 690 3248 751; x_wconf 83' lang='lat' dir='ltr'>ejus</span> <span class='ocrx_word' id='word_1_473' title='bbox 3269 690 3413 739; x_wconf 85' lang='lat' dir='ltr'>ildes</span> 
     </span>
    </p>
   </div>
   <div class='ocr_carea' id='block_1_65' title="bbox 1817 752 3414 823">
    <p class='ocr_par' dir='ltr' id='par_1_65' title="bbox 1817 752 3414 823">
     <span class='ocr_line' id='line_1_65' title="bbox 1817 752 3414 823; baseline 0.006 -23"><span class='ocrx_word' id='word_1_474' title='bbox 1817 752 2215 815; x_wconf 82' lang='lat' dir='ltr'>industriaque</span> <span class='ocrx_word' id='word_1_475' title='bbox 2249 754 2550 816; x_wconf 89' lang='lat' dir='ltr'>patuisset,</span> <span class='ocrx_word' id='word_1_476' title='bbox 2574 756 2867 806; x_wconf 87' lang='lat' dir='ltr'>servitutis</span> <span class='ocrx_word' id='word_1_477' title='bbox 2900 761 2956 807; x_wconf 87' lang='lat' dir='ltr'>et</span> <span class='ocrx_word' id='word_1_478' title='bbox 2978 758 3309 817; x_wconf 84' lang='lat' dir='ltr'>nuptiarum</span> <span class='ocrx_word' id='word_1_479' title='bbox 3321 772 3414 823; x_wconf 88' lang='lat' dir='ltr'>ge-</span> 
     </span>
    </p>
   </div>
   <div class='ocr_carea' id='block_1_66' title="bbox 1816 823 3408 891">
    <p class='ocr_par' dir='ltr' id='par_1_66' title="bbox 1816 823 3408 891">
     <span class='ocr_line' id='line_1_66' title="bbox 1816 823 3408 891; baseline 0.004 -18"><span class='ocrx_word' id='word_1_480' title='bbox 1816 825 2033 874; x_wconf 87' lang='lat' dir='ltr'>minata</span> <span class='ocrx_word' id='word_1_481' title='bbox 2056 823 2307 873; x_wconf 87' lang='lat' dir='ltr'>conditio</span> <span class='ocrx_word' id='word_1_482' title='bbox 2325 828 2431 874; x_wconf 88' lang='lat' dir='ltr'>est.</span> <span class='ocrx_word' id='word_1_483' title='bbox 2451 825 2572 874; x_wconf 84' lang='lat' dir='ltr'>Hoc</span> <span class='ocrx_word' id='word_1_484' title='bbox 2594 826 2682 875; x_wconf 89' lang='lat' dir='ltr'>est</span> <span class='ocrx_word' id='word_1_485' title='bbox 2705 827 2855 875; x_wconf 88' lang='lat' dir='ltr'>enim</span> <span class='ocrx_word' id='word_1_486' title='bbox 2867 828 3022 889; x_wconf 90' lang='lat' dir='ltr'>quod</span> <span class='ocrx_word' id='word_1_487' title='bbox 3045 828 3143 891; x_wconf 89' lang='lat' dir='ltr'>ait,</span> <span class='ocrx_word' id='word_1_488' title='bbox 3162 830 3223 877; x_wconf 86' lang='lat' dir='ltr'>in</span> <span class='ocrx_word' id='word_1_489' title='bbox 3238 844 3408 879; x_wconf 72' lang='lat' dir='ltr'>umore</span> 
     </span>
    </p>
   </div>
   <div class='ocr_carea' id='block_1_67' title="bbox 1816 893 3411 963">
    <p class='ocr_par' dir='ltr' id='par_1_67' title="bbox 1816 893 3411 963">
     <span class='ocr_line' id='line_1_67' title="bbox 1816 893 3411 963; baseline 0.007 -22"><span class='ocrx_word' id='word_1_490' title='bbox 1816 895 2047 955; x_wconf 80' lang='lat' dir='ltr'>servivit,</span> <span class='ocrx_word' id='word_1_491' title='bbox 2073 894 2129 944; x_wconf 86' lang='lat' dir='ltr'>id</span> <span class='ocrx_word' id='word_1_492' title='bbox 2167 899 2273 958; x_wconf 87' lang='lat' dir='ltr'>est,</span> <span class='ocrx_word' id='word_1_493' title='bbox 2306 893 2561 944; x_wconf 75' lang='lat' dir='ltr'>ofﬁcium</span> <span class='ocrx_word' id='word_1_494' title='bbox 2584 896 2869 957; x_wconf 87' lang='lat' dir='ltr'>pastorale</span> <span class='ocrx_word' id='word_1_495' title='bbox 2902 909 3002 959; x_wconf 89' lang='lat' dir='ltr'>pro</span> <span class='ocrx_word' id='word_1_496' title='bbox 3036 898 3411 963; x_wconf 87' lang='lat' dir='ltr'>impetrandis</span> 
     </span>
    </p>
   </div>
   <div class='ocr_carea' id='block_1_68' title="bbox 1818 965 3416 1029">
    <p class='ocr_par' dir='ltr' id='par_1_68' title="bbox 1818 965 3416 1029">
     <span class='ocr_line' id='line_1_68' title="bbox 1818 965 3416 1029; baseline 0.005 -14"><span class='ocrx_word' id='word_1_497' title='bbox 1818 966 2057 1028; x_wconf 87' lang='lat' dir='ltr'>nuptiis,</span> <span class='ocrx_word' id='word_1_498' title='bbox 2083 965 2235 1016; x_wconf 90' lang='lat' dir='ltr'>sicut</span> <span class='ocrx_word' id='word_1_499' title='bbox 2256 965 2496 1015; x_wconf 87' lang='lat' dir='ltr'>historia</span> <span class='ocrx_word' id='word_1_500' title='bbox 2519 970 2731 1029; x_wconf 88' lang='lat' dir='ltr'>narrat,</span> <span class='ocrx_word' id='word_1_501' title='bbox 2755 968 3030 1017; x_wconf 83' lang='lat' dir='ltr'>exercuit.</span> <span class='ocrx_word' id='word_1_502' title='bbox 3045 970 3208 1029; x_wconf 90' lang='lat' dir='ltr'>Quod</span> <span class='ocrx_word' id='word_1_503' title='bbox 3219 975 3416 1022; x_wconf 88' lang='lat' dir='ltr'>autem</span> 
     </span>
    </p>
   </div>
   <div class='ocr_carea' id='block_1_69' title="bbox 1817 1036 3418 1101">
    <p class='ocr_par' dir='ltr' id='par_1_69' title="bbox 1817 1036 3418 1101">
     <span class='ocr_line' id='line_1_69' title="bbox 1817 1036 3418 1101; baseline 0.004 -15"><span class='ocrx_word' id='word_1_504' title='bbox 1817 1036 1913 1100; x_wconf 86' lang='lat' dir='ltr'>ait,</span> <span class='ocrx_word' id='word_1_505' title='bbox 1960 1036 2026 1083; x_wconf 87' lang='lat' dir='ltr'>Et</span> <span class='ocrx_word' id='word_1_506' title='bbox 2068 1037 2127 1083; x_wconf 84' lang='lat' dir='ltr'>in</span> <span class='ocrx_word' id='word_1_507' title='bbox 2181 1051 2351 1084; x_wconf 67' lang='lat' dir='ltr'>umore</span> <span class='ocrx_word' id='word_1_508' title='bbox 2393 1036 2629 1099; x_wconf 81' lang='lat' dir='ltr'>servivit,</span> <span class='ocrx_word' id='word_1_509' title='bbox 2655 1036 2713 1086; x_wconf 88' lang='lat' dir='ltr'>id</span> <span class='ocrx_word' id='word_1_510' title='bbox 2742 1042 2850 1096; x_wconf 86' lang='lat' dir='ltr'>est,</span> <span class='ocrx_word' id='word_1_511' title='bbox 2875 1042 3127 1101; x_wconf 85' lang='lat' dir='ltr'>conjugii</span> <span class='ocrx_word' id='word_1_512' title='bbox 3157 1041 3418 1092; x_wconf 86' lang='lat' dir='ltr'>mercede</span> 
     </span>
    </p>
   </div>
   <div class='ocr_carea' id='block_1_70' title="bbox 1817 1108 3420 1173">
    <p class='ocr_par' dir='ltr' id='par_1_70' title="bbox 1817 1108 3420 1173">
     <span class='ocr_line' id='line_1_70' title="bbox 1817 1108 3420 1173; baseline 0.001 -16"><span class='ocrx_word' id='word_1_513' title='bbox 1817 1108 2109 1170; x_wconf 81' lang='lat' dir='ltr'>proposita</span> <span class='ocrx_word' id='word_1_514' title='bbox 2135 1119 2370 1170; x_wconf 86' lang='lat' dir='ltr'>gregem</span> <span class='ocrx_word' id='word_1_515' title='bbox 2395 1110 2578 1158; x_wconf 88' lang='lat' dir='ltr'>soceri</span> <span class='ocrx_word' id='word_1_516' title='bbox 2603 1108 3005 1159; x_wconf 77' lang='lat' dir='ltr'>custodivitJn</span> <span class='ocrx_word' id='word_1_517' title='bbox 3026 1112 3295 1173; x_wconf 81' lang='lat' dir='ltr'>propheta</span> <span class='ocrx_word' id='word_1_518' title='bbox 3317 1127 3420 1159; x_wconf 87' lang='lat' dir='ltr'>au-</span> 
     </span>
    </p>
   </div>
   <div class='ocr_carea' id='block_1_71' title="bbox 1819 1178 3419 1241">
    <p class='ocr_par' dir='ltr' id='par_1_71' title="bbox 1819 1178 3419 1241">
     <span class='ocr_line' id='line_1_71' title="bbox 1819 1178 3419 1241; baseline 0.003 -17"><span class='ocrx_word' id='word_1_519' title='bbox 1819 1184 1919 1225; x_wconf 91' lang='lat' dir='ltr'>tem</span> <span class='ocrx_word' id='word_1_520' title='bbox 1957 1179 2172 1226; x_wconf 83' lang='lat' dir='ltr'>eductus</span> <span class='ocrx_word' id='word_1_521' title='bbox 2218 1184 2307 1240; x_wconf 85' lang='lat' dir='ltr'>est,</span> <span class='ocrx_word' id='word_1_522' title='bbox 2341 1180 2609 1241; x_wconf 87' lang='lat' dir='ltr'>quoniam</span> <span class='ocrx_word' id='word_1_523' title='bbox 2654 1178 2843 1227; x_wconf 69' lang='lat' dir='ltr'>eduxit</span> <span class='ocrx_word' id='word_1_524' title='bbox 2870 1179 3140 1227; x_wconf 78' lang='lat' dir='ltr'>Dominus</span> <span class='ocrx_word' id='word_1_525' title='bbox 3163 1181 3330 1229; x_wconf 84' lang='lat' dir='ltr'>Israel</span> <span class='ocrx_word' id='word_1_526' title='bbox 3358 1182 3419 1229; x_wconf 86' lang='lat' dir='ltr'>de</span> 
     </span>
    </p>
   </div>
   <div class='ocr_carea' id='block_1_72' title="bbox 1817 1248 3420 1313">
    <p class='ocr_par' dir='ltr' id='par_1_72' title="bbox 1817 1248 3420 1313">
     <span class='ocr_line' id='line_1_72' title="bbox 1817 1248 3420 1313; baseline 0.004 -17"><span class='ocrx_word' id='word_1_527' title='bbox 1817 1248 2069 1311; x_wconf 54' lang='lat' dir='ltr'>.«Egypto,</span> <span class='ocrx_word' id='word_1_528' title='bbox 2093 1255 2138 1297; x_wconf 89' lang='lat' dir='ltr'>et</span> <span class='ocrx_word' id='word_1_529' title='bbox 2168 1250 2229 1296; x_wconf 88' lang='lat' dir='ltr'>in</span> <span class='ocrx_word' id='word_1_530' title='bbox 2251 1251 2519 1312; x_wconf 81' lang='lat' dir='ltr'>propheta</span> <span class='ocrx_word' id='word_1_531' title='bbox 2541 1255 2780 1298; x_wconf 85' lang='lat' dir='ltr'>servatus</span> <span class='ocrx_word' id='word_1_532' title='bbox 2803 1254 2891 1297; x_wconf 87' lang='lat' dir='ltr'>est.</span> <span class='ocrx_word' id='word_1_533' title='bbox 2921 1255 2968 1299; x_wconf 85' lang='lat' dir='ltr'><strong>A</strong></span> <span class='ocrx_word' id='word_1_534' title='bbox 2998 1252 3187 1313; x_wconf 78' lang='lat' dir='ltr'>parvis</span> <span class='ocrx_word' id='word_1_535' title='bbox 3211 1251 3420 1303; x_wconf 86' lang='lat' dir='ltr'>nemde</span> 
     </span>
    </p>
   </div>
   <div class='ocr_carea' id='block_1_73' title="bbox 1817 1319 3422 1385">
    <p class='ocr_par' dir='ltr' id='par_1_73' title="bbox 1817 1319 3422 1385">
     <span class='ocr_line' id='line_1_73' title="bbox 1817 1319 3422 1385; baseline 0.003 -17"><span class='ocrx_word' id='word_1_536' title='bbox 1817 1319 2090 1380; x_wconf 87' lang='lat' dir='ltr'>exordiis,</span> <span class='ocrx_word' id='word_1_537' title='bbox 2116 1323 2173 1369; x_wconf 91' lang='lat' dir='ltr'>et</span> <span class='ocrx_word' id='word_1_538' title='bbox 2198 1323 2340 1370; x_wconf 88' lang='lat' dir='ltr'>adeo</span> <span class='ocrx_word' id='word_1_539' title='bbox 2367 1320 2558 1382; x_wconf 87' lang='lat' dir='ltr'>parvis</span> <span class='ocrx_word' id='word_1_540' title='bbox 2578 1324 2639 1370; x_wconf 91' lang='lat' dir='ltr'>ut</span> <span class='ocrx_word' id='word_1_541' title='bbox 2661 1332 2830 1383; x_wconf 89' lang='lat' dir='ltr'>opere</span> <span class='ocrx_word' id='word_1_542' title='bbox 2858 1322 3210 1373; x_wconf 90' lang='lat' dir='ltr'>mercenario</span> <span class='ocrx_word' id='word_1_543' title='bbox 3228 1333 3422 1385; x_wconf 86' lang='lat' dir='ltr'>pasce-</span> 
     </span>
    </p>
   </div>
   <div class='ocr_carea' id='block_1_74' title="bbox 1818 1390 3419 1455">
    <p class='ocr_par' dir='ltr' id='par_1_74' title="bbox 1818 1390 3419 1455">
     <span class='ocr_line' id='line_1_74' title="bbox 1818 1390 3419 1455; baseline 0.002 -15"><span class='ocrx_word' id='word_1_544' title='bbox 1818 1396 1992 1449; x_wconf 89' lang='lat' dir='ltr'>retur,</span> <span class='ocrx_word' id='word_1_545' title='bbox 2022 1404 2209 1453; x_wconf 88' lang='lat' dir='ltr'>usque</span> <span class='ocrx_word' id='word_1_546' title='bbox 2240 1390 2312 1440; x_wconf 86' lang='lat' dir='ltr'>ad</span> <span class='ocrx_word' id='word_1_547' title='bbox 2332 1402 2458 1441; x_wconf 89' lang='lat' dir='ltr'>eam</span> <span class='ocrx_word' id='word_1_548' title='bbox 2482 1391 2940 1455; x_wconf 87' lang='lat' dir='ltr'>magnitudinem</span> <span class='ocrx_word' id='word_1_549' title='bbox 2964 1394 3159 1455; x_wconf 89' lang='lat' dir='ltr'>populi</span> <span class='ocrx_word' id='word_1_550' title='bbox 3187 1394 3419 1446; x_wconf 88' lang='lat' dir='ltr'>divitia-</span> 
     </span>
    </p>
   </div>
   <div class='ocr_carea' id='block_1_75' title="bbox 1818 1461 3421 1525">
    <p class='ocr_par' dir='ltr' id='par_1_75' title="bbox 1818 1461 3421 1525">
     <span class='ocr_line' id='line_1_75' title="bbox 1818 1461 3421 1525; baseline 0.001 -15"><span class='ocrx_word' id='word_1_551' title='bbox 1818 1473 2062 1524; x_wconf 91' lang='lat' dir='ltr'>rumque</span> <span class='ocrx_word' id='word_1_552' title='bbox 2081 1461 2360 1525; x_wconf 87' lang='lat' dir='ltr'>pervenit,</span> <span class='ocrx_word' id='word_1_553' title='bbox 2381 1466 2442 1511; x_wconf 90' lang='lat' dir='ltr'>ut</span> <span class='ocrx_word' id='word_1_554' title='bbox 2464 1475 2594 1512; x_wconf 92' lang='lat' dir='ltr'>eum</span> <span class='ocrx_word' id='word_1_555' title='bbox 2607 1463 2729 1525; x_wconf 89' lang='lat' dir='ltr'>jam</span> <span class='ocrx_word' id='word_1_556' title='bbox 2750 1465 3031 1525; x_wconf 63' lang='lat' dir='ltr'>zEgyptus</span> <span class='ocrx_word' id='word_1_557' title='bbox 3052 1467 3168 1514; x_wconf 90' lang='lat' dir='ltr'>tota</span> <span class='ocrx_word' id='word_1_558' title='bbox 3181 1468 3421 1523; x_wconf 85' lang='lat' dir='ltr'>quodam-</span> 
     </span>
    </p>
   </div>
   <div class='ocr_carea' id='block_1_76' title="bbox 1817 1531 3417 1596">
    <p class='ocr_par' dir='ltr' id='par_1_76' title="bbox 1817 1531 3417 1596">
     <span class='ocr_line' id='line_1_76' title="bbox 1817 1531 3417 1596; baseline 0.001 -15"><span class='ocrx_word' id='word_1_559' title='bbox 1817 1532 1988 1582; x_wconf 90' lang='lat' dir='ltr'>modo</span> <span class='ocrx_word' id='word_1_560' title='bbox 2002 1544 2202 1596; x_wconf 76' lang='lat' dir='ltr'>capere</span> <span class='ocrx_word' id='word_1_561' title='bbox 2213 1545 2325 1582; x_wconf 90' lang='lat' dir='ltr'>non</span> <span class='ocrx_word' id='word_1_562' title='bbox 2342 1531 2570 1595; x_wconf 83' lang='lat' dir='ltr'>valeret,</span> <span class='ocrx_word' id='word_1_563' title='bbox 2584 1537 2758 1594; x_wconf 89' lang='lat' dir='ltr'>atque</span> <span class='ocrx_word' id='word_1_564' title='bbox 2768 1538 2833 1583; x_wconf 89' lang='lat' dir='ltr'>ut</span> <span class='ocrx_word' id='word_1_565' title='bbox 2842 1537 3026 1596; x_wconf 91' lang='lat' dir='ltr'>primo</span> <span class='ocrx_word' id='word_1_566' title='bbox 3038 1535 3286 1582; x_wconf 66' lang='lat' dir='ltr'>rusticitati</span> <span class='ocrx_word' id='word_1_567' title='bbox 3304 1539 3417 1595; x_wconf 83' lang='lat' dir='ltr'>ejus</span> 
     </span>
    </p>
   </div>
   <div class='ocr_carea' id='block_1_77' title="bbox 1816 1602 3415 1670">
    <p class='ocr_par' dir='ltr' id='par_1_77' title="bbox 1816 1602 3415 1670">
     <span class='ocr_line' id='line_1_77' title="bbox 1816 1602 3415 1670; baseline 0.003 -18"><span class='ocrx_word' id='word_1_568' title='bbox 1816 1602 2130 1665; x_wconf 87' lang='lat' dir='ltr'>inviderat,</span> <span class='ocrx_word' id='word_1_569' title='bbox 2158 1603 2240 1652; x_wconf 90' lang='lat' dir='ltr'>sic</span> <span class='ocrx_word' id='word_1_570' title='bbox 2271 1602 2541 1666; x_wconf 89' lang='lat' dir='ltr'>deinceps</span> <span class='ocrx_word' id='word_1_571' title='bbox 2565 1604 2883 1654; x_wconf 85' lang='lat' dir='ltr'>liberationi</span> <span class='ocrx_word' id='word_1_572' title='bbox 2912 1604 3063 1667; x_wconf 85' lang='lat' dir='ltr'>[Sup.</span> <span class='ocrx_word' id='word_1_573' title='bbox 3092 1605 3415 1670; x_wconf 88' lang='lat' dir='ltr'>invideret],</span> 
     </span>
    </p>
   </div>
   <div class='ocr_carea' id='block_1_78' title="bbox 1826 1673 3418 1739">
    <p class='ocr_par' dir='ltr' id='par_1_78' title="bbox 1826 1673 3418 1739">
     <span class='ocr_line' id='line_1_78' title="bbox 1826 1673 3418 1739; baseline 0.003 -15"><span class='ocrx_word' id='word_1_574' title='bbox 1826 1678 1884 1724; x_wconf 92' lang='lat' dir='ltr'>et</span> <span class='ocrx_word' id='word_1_575' title='bbox 1899 1673 2114 1724; x_wconf 77' lang='lat' dir='ltr'>Pharao</span> <span class='ocrx_word' id='word_1_576' title='bbox 2138 1686 2269 1724; x_wconf 90' lang='lat' dir='ltr'>cum</span> <span class='ocrx_word' id='word_1_577' title='bbox 2295 1674 2417 1723; x_wconf 90' lang='lat' dir='ltr'>suis</span> <span class='ocrx_word' id='word_1_578' title='bbox 2440 1675 2645 1737; x_wconf 88' lang='lat' dir='ltr'>periret</span> <span class='ocrx_word' id='word_1_579' title='bbox 2666 1674 3013 1738; x_wconf 86' lang='lat' dir='ltr'>agminibus,</span> <span class='ocrx_word' id='word_1_580' title='bbox 3039 1674 3307 1739; x_wconf 83' lang='lat' dir='ltr'>illamque</span> <span class='ocrx_word' id='word_1_581' title='bbox 3330 1684 3418 1729; x_wconf 89' lang='lat' dir='ltr'>at—</span> 
     </span>
    </p>
   </div>
   <div class='ocr_carea' id='block_1_79' title="bbox 1824 1743 3420 1808">
    <p class='ocr_par' dir='ltr' id='par_1_79' title="bbox 1824 1743 3420 1808">
     <span class='ocr_line' id='line_1_79' title="bbox 1824 1743 3420 1808; baseline 0.003 -15"><span class='ocrx_word' id='word_1_582' title='bbox 1824 1745 1972 1794; x_wconf 68' lang='lat' dir='ltr'>trit&#39;ae</span> <span class='ocrx_word' id='word_1_583' title='bbox 1996 1745 2223 1808; x_wconf 63' lang='lat' dir='ltr'>ngypti</span> <span class='ocrx_word' id='word_1_584' title='bbox 2256 1743 2514 1807; x_wconf 87' lang='lat' dir='ltr'>gloriam,</span> <span class='ocrx_word' id='word_1_585' title='bbox 2540 1745 2693 1794; x_wconf 87' lang='lat' dir='ltr'>haud</span> <span class='ocrx_word' id='word_1_586' title='bbox 2725 1745 2996 1795; x_wconf 89' lang='lat' dir='ltr'>humanis</span> <span class='ocrx_word' id='word_1_587' title='bbox 3023 1745 3221 1795; x_wconf 76' lang='lat' dir='ltr'>vii-bus</span> <span class='ocrx_word' id='word_1_588' title='bbox 3244 1751 3420 1798; x_wconf 66' lang='lat' dir='ltr'>caste-</span> 
     </span>
    </p>
   </div>
   <div class='ocr_carea' id='block_1_80' title="bbox 1821 1816 3419 1879">
    <p class='ocr_par' dir='ltr' id='par_1_80' title="bbox 1821 1816 3419 1879">
     <span class='ocr_line' id='line_1_80' title="bbox 1821 1816 3419 1879; baseline 0 -14"><span class='ocrx_word' id='word_1_589' title='bbox 1821 1828 1946 1866; x_wconf 89' lang='lat' dir='ltr'>rum</span> <span class='ocrx_word' id='word_1_590' title='bbox 1963 1820 2079 1866; x_wconf 87' lang='lat' dir='ltr'>tam</span> <span class='ocrx_word' id='word_1_591' title='bbox 2102 1816 2445 1866; x_wconf 89' lang='lat' dir='ltr'>deciarantis</span> <span class='ocrx_word' id='word_1_592' title='bbox 2459 1820 2685 1879; x_wconf 87' lang='lat' dir='ltr'>patrum</span> <span class='ocrx_word' id='word_1_593' title='bbox 2708 1816 2945 1878; x_wconf 89' lang='lat' dir='ltr'>meritis,</span> <span class='ocrx_word' id='word_1_594' title='bbox 2961 1828 3137 1877; x_wconf 90' lang='lat' dir='ltr'>quam</span> <span class='ocrx_word' id='word_1_595' title='bbox 3155 1820 3419 1865; x_wconf 80' lang='lat' dir='ltr'>instituen-</span> 
     </span>
    </p>
   </div>
   <div class='ocr_carea' id='block_1_81' title="bbox 1822 1886 3422 1949">
    <p class='ocr_par' dir='ltr' id='par_1_81' title="bbox 1822 1886 3422 1949">
     <span class='ocr_line' id='line_1_81' title="bbox 1822 1886 3422 1949; baseline -0.001 -13"><span class='ocrx_word' id='word_1_596' title='bbox 1822 1886 1910 1936; x_wconf 89' lang='lat' dir='ltr'>dis</span> <span class='ocrx_word' id='word_1_597' title='bbox 1929 1887 2108 1938; x_wconf 87' lang='lat' dir='ltr'>sacris</span> <span class='ocrx_word' id='word_1_598' title='bbox 2131 1886 2358 1948; x_wconf 79' lang='lat' dir='ltr'>ritibus,</span> <span class='ocrx_word' id='word_1_599' title='bbox 2379 1893 2789 1949; x_wconf 86' lang='lat' dir='ltr'>agnosceretse</span> <span class='ocrx_word' id='word_1_600' title='bbox 2812 1892 3210 1938; x_wconf 88' lang='lat' dir='ltr'>consecutum.</span> <span class='ocrx_word' id='word_1_601' title='bbox 3230 1890 3422 1949; x_wconf 79' lang='lat' dir='ltr'>Nequa-</span> 
     </span>
    </p>
   </div>
   <div class='ocr_carea' id='block_1_82' title="bbox 1822 1953 3417 2023">
    <p class='ocr_par' dir='ltr' id='par_1_82' title="bbox 1822 1953 3417 2023">
     <span class='ocr_line' id='line_1_82' title="bbox 1822 1953 3417 2023; baseline 0 -15"><span class='ocrx_word' id='word_1_602' title='bbox 1822 1969 1995 2021; x_wconf 86' lang='lat' dir='ltr'>quam</span> <span class='ocrx_word' id='word_1_603' title='bbox 2026 1970 2154 2008; x_wconf 90' lang='lat' dir='ltr'>vero</span> <span class='ocrx_word' id='word_1_604' title='bbox 2205 1953 2380 2023; x_wconf 74' lang='lat'>467</span> <span class='ocrx_word' id='word_1_605' title='bbox 2414 1960 2473 2007; x_wconf 91' lang='lat' dir='ltr'>in</span> <span class='ocrx_word' id='word_1_606' title='bbox 2509 1956 2653 2008; x_wconf 91' lang='lat' dir='ltr'>duce</span> <span class='ocrx_word' id='word_1_607' title='bbox 2677 1956 2870 2021; x_wconf 86' lang='lat' dir='ltr'>aliquo</span> <span class='ocrx_word' id='word_1_608' title='bbox 2893 1956 3180 2022; x_wconf 83' lang='lat' dir='ltr'>bellicoso,</span> <span class='ocrx_word' id='word_1_609' title='bbox 3212 1959 3315 2009; x_wconf 89' lang='lat' dir='ltr'>sed</span> <span class='ocrx_word' id='word_1_610' title='bbox 3355 1959 3417 2008; x_wconf 80' lang='lat' dir='ltr'>in</span> 
     </span>
    </p>
   </div>
   <div class='ocr_carea' id='block_1_83' title="bbox 1819 2027 3412 2093">
    <p class='ocr_par' dir='ltr' id='par_1_83' title="bbox 1819 2027 3412 2093">
     <span class='ocr_line' id='line_1_83' title="bbox 1819 2027 3412 2093; baseline 0.001 -17"><span class='ocrx_word' id='word_1_611' title='bbox 1819 2030 2085 2093; x_wconf 81' lang='lat' dir='ltr'>propheta</span> <span class='ocrx_word' id='word_1_612' title='bbox 2107 2037 2346 2077; x_wconf 86' lang='lat' dir='ltr'>servatus</span> <span class='ocrx_word' id='word_1_613' title='bbox 2361 2033 2430 2076; x_wconf 89' lang='lat' dir='ltr'>est</span> <span class='ocrx_word' id='word_1_614' title='bbox 2448 2042 2461 2091; x_wconf 90' lang='lat'><strong>;</strong></span> <span class='ocrx_word' id='word_1_615' title='bbox 2483 2027 2748 2080; x_wconf 88' lang='lat' dir='ltr'>videhcet</span> <span class='ocrx_word' id='word_1_616' title='bbox 2772 2030 2938 2079; x_wconf 89' lang='lat' dir='ltr'>beato</span> <span class='ocrx_word' id='word_1_617' title='bbox 2954 2030 3171 2093; x_wconf 84' lang='lat' dir='ltr'>Moyse,</span> <span class='ocrx_word' id='word_1_618' title='bbox 3187 2032 3284 2092; x_wconf 88' lang='lat' dir='ltr'>qui</span> <span class='ocrx_word' id='word_1_619' title='bbox 3299 2046 3412 2078; x_wconf 83' lang='lat' dir='ltr'>eum</span> 
     </span>
    </p>
   </div>
   <div class='ocr_carea' id='block_1_84' title="bbox 1822 2100 3415 2165">
    <p class='ocr_par' dir='ltr' id='par_1_84' title="bbox 1822 2100 3415 2165">
     <span class='ocr_line' id='line_1_84' title="bbox 1822 2100 3415 2165; baseline 0.002 -13"><span class='ocrx_word' id='word_1_620' title='bbox 1822 2102 2057 2152; x_wconf 85' lang='lat' dir='ltr'>famosis</span> <span class='ocrx_word' id='word_1_621' title='bbox 2100 2100 2229 2165; x_wconf 90' lang='lat' dir='ltr'>illis,</span> <span class='ocrx_word' id='word_1_622' title='bbox 2268 2113 2401 2164; x_wconf 68' lang='lat' dir='ltr'>quae</span> <span class='ocrx_word' id='word_1_623' title='bbox 2435 2100 2701 2165; x_wconf 84' lang='lat' dir='ltr'>legimus,</span> <span class='ocrx_word' id='word_1_624' title='bbox 2739 2102 3028 2152; x_wconf 88' lang='lat' dir='ltr'>miraculis</span> <span class='ocrx_word' id='word_1_625' title='bbox 3072 2102 3415 2155; x_wconf 83' lang='lat' dir='ltr'>vendicavit.</span> 
     </span>
    </p>
   </div>
   <div class='ocr_carea' id='block_1_85' title="bbox 1823 2173 3417 2238">
    <p class='ocr_par' dir='ltr' id='par_1_85' title="bbox 1823 2173 3417 2238">
     <span class='ocr_line' id='line_1_85' title="bbox 1823 2173 3417 2238; baseline 0.001 -15"><span class='ocrx_word' id='word_1_626' title='bbox 1823 2174 1963 2232; x_wconf 65' lang='lat' dir='ltr'>Quas</span> <span class='ocrx_word' id='word_1_627' title='bbox 2003 2186 2137 2236; x_wconf 88' lang='lat' dir='ltr'>ergo</span> <span class='ocrx_word' id='word_1_628' title='bbox 2167 2173 2273 2223; x_wconf 89' lang='lat' dir='ltr'>erit</span> <span class='ocrx_word' id='word_1_629' title='bbox 2315 2173 2455 2223; x_wconf 86' lang='lat' dir='ltr'>satis</span> <span class='ocrx_word' id='word_1_630' title='bbox 2487 2175 2661 2235; x_wconf 85' lang='lat' dir='ltr'>digna</span> <span class='ocrx_word' id='word_1_631' title='bbox 2694 2176 3051 2236; x_wconf 89' lang='lat' dir='ltr'>conquestio,</span> <span class='ocrx_word' id='word_1_632' title='bbox 3076 2174 3230 2236; x_wconf 91' lang='lat' dir='ltr'>quod</span> <span class='ocrx_word' id='word_1_633' title='bbox 3255 2186 3417 2238; x_wconf 86' lang='lat' dir='ltr'>gens,</span> 
     </span>
    </p>
   </div>
   <div class='ocr_carea' id='block_1_86' title="bbox 1824 2242 3422 2307">
    <p class='ocr_par' dir='ltr' id='par_1_86' title="bbox 1824 2242 3422 2307">
     <span class='ocr_line' id='line_1_86' title="bbox 1824 2242 3422 2307; baseline 0.001 -14"><span class='ocrx_word' id='word_1_634' title='bbox 1824 2256 1955 2307; x_wconf 67' lang='lat' dir='ltr'>quae</span> <span class='ocrx_word' id='word_1_635' title='bbox 1978 2244 2149 2294; x_wconf 80' lang='lat' dir='ltr'>fuerit</span> <span class='ocrx_word' id='word_1_636' title='bbox 2172 2249 2290 2295; x_wconf 89' lang='lat' dir='ltr'>tam</span> <span class='ocrx_word' id='word_1_637' title='bbox 2307 2242 2517 2294; x_wconf 85' lang='lat' dir='ltr'>illustri</span> <span class='ocrx_word' id='word_1_638' title='bbox 2533 2246 2707 2307; x_wconf 89' lang='lat' dir='ltr'>stirpe</span> <span class='ocrx_word' id='word_1_639' title='bbox 2719 2249 3094 2307; x_wconf 89' lang='lat' dir='ltr'>consptenua,</span> <span class='ocrx_word' id='word_1_640' title='bbox 3115 2257 3271 2295; x_wconf 92' lang='lat' dir='ltr'>nunc</span> <span class='ocrx_word' id='word_1_641' title='bbox 3285 2252 3422 2297; x_wconf 89' lang='lat' dir='ltr'>stui-</span> 
     </span>
    </p>
   </div>
   <div class='ocr_carea' id='block_1_87' title="bbox 1824 2314 3329 2378">
    <p class='ocr_par' dir='ltr' id='par_1_87' title="bbox 1824 2314 3329 2378">
     <span class='ocr_line' id='line_1_87' title="bbox 1824 2314 3329 2378; baseline 0.001 -15"><span class='ocrx_word' id='word_1_642' title='bbox 1824 2314 1959 2365; x_wconf 88' lang='lat' dir='ltr'>dina</span> <span class='ocrx_word' id='word_1_643' title='bbox 1991 2315 2258 2378; x_wconf 88' lang='lat' dir='ltr'>insignis,</span> <span class='ocrx_word' id='word_1_644' title='bbox 2283 2320 2340 2365; x_wconf 91' lang='lat' dir='ltr'>et</span> <span class='ocrx_word' id='word_1_645' title='bbox 2374 2314 2511 2365; x_wconf 88' lang='lat' dir='ltr'>solis</span> <span class='ocrx_word' id='word_1_646' title='bbox 2536 2321 2670 2377; x_wconf 84' lang='lat' dir='ltr'>agat</span> <span class='ocrx_word' id='word_1_647' title='bbox 2696 2314 2921 2365; x_wconf 83' lang='lat' dir='ltr'>famosa</span> <span class='ocrx_word' id='word_1_648' title='bbox 2954 2316 3329 2365; x_wconf 78' lang='lat' dir='ltr'>criminibus?</span> 
     </span>
    </p>
   </div>
   <div class='ocr_carea' id='block_1_88' title="bbox 1888 2385 3421 2450">
    <p class='ocr_par' dir='ltr' id='par_1_88' title="bbox 1888 2385 3421 2450">
     <span class='ocr_line' id='line_1_88' title="bbox 1888 2385 3421 2450; baseline -0.001 -15"><span class='ocrx_word' id='word_1_649' title='bbox 1888 2388 2045 2435; x_wconf 84' lang='lat' dir='ltr'>Vers.</span> <span class='ocrx_word' id='word_1_650' title='bbox 2078 2386 2162 2438; x_wconf 79' lang='grc'>14.</span> <span class='ocrx_word' id='word_1_651' title='bbox 2196 2414 2254 2421; x_wconf 90' lang='grc'><strong><em>-</em></strong></span> <span class='ocrx_word' id='word_1_652' title='bbox 2277 2386 2362 2434; x_wconf 89' lang='lat' dir='ltr'>Ad</span> <span class='ocrx_word' id='word_1_653' title='bbox 2385 2385 2739 2434; x_wconf 83' lang='lat' dir='ltr'>iracundiam</span> <span class='ocrx_word' id='word_1_654' title='bbox 2764 2400 2846 2433; x_wconf 86' lang='lat' dir='ltr'>me</span> <span class='ocrx_word' id='word_1_655' title='bbox 2861 2387 3167 2448; x_wconf 84' lang='lat' dir='ltr'>provocavit</span> <span class='ocrx_word' id='word_1_656' title='bbox 3182 2386 3421 2450; x_wconf 77' lang='lat' dir='ltr'>Effraim</span> 
     </span>
    </p>
   </div>
   <div class='ocr_carea' id='block_1_89' title="bbox 1821 2457 3422 2521">
    <p class='ocr_par' dir='ltr' id='par_1_89' title="bbox 1821 2457 3422 2521">
     <span class='ocr_line' id='line_1_89' title="bbox 1821 2457 3422 2521; baseline 0.002 -17"><span class='ocrx_word' id='word_1_657' title='bbox 1821 2458 1884 2505; x_wconf 81' lang='lat' dir='ltr'>in</span> <span class='ocrx_word' id='word_1_658' title='bbox 1913 2458 2379 2505; x_wconf 85' lang='lat' dir='ltr'>amaritudinibus</span> <span class='ocrx_word' id='word_1_659' title='bbox 2401 2457 2532 2521; x_wconf 89' lang='lat' dir='ltr'>suis,</span> <span class='ocrx_word' id='word_1_660' title='bbox 2558 2462 2602 2505; x_wconf 87' lang='lat' dir='ltr'>et</span> <span class='ocrx_word' id='word_1_661' title='bbox 2632 2459 2857 2521; x_wconf 84' lang='lat' dir='ltr'>sanguis</span> <span class='ocrx_word' id='word_1_662' title='bbox 2886 2458 3002 2521; x_wconf 83' lang='lat' dir='ltr'>ejus</span> <span class='ocrx_word' id='word_1_663' title='bbox 3025 2473 3185 2521; x_wconf 85' lang='lat' dir='ltr'>super</span> <span class='ocrx_word' id='word_1_664' title='bbox 3199 2472 3322 2507; x_wconf 87' lang='lat' dir='ltr'>eum</span> <span class='ocrx_word' id='word_1_665' title='bbox 3336 2473 3422 2507; x_wconf 80' lang='lat' dir='ltr'>ve-</span> 
     </span>
    </p>
   </div>
   <div class='ocr_carea' id='block_1_90' title="bbox 1823 2528 3418 2592">
    <p class='ocr_par' dir='ltr' id='par_1_90' title="bbox 1823 2528 3418 2592">
     <span class='ocr_line' id='line_1_90' title="bbox 1823 2528 3418 2592; baseline 0.002 -16"><span class='ocrx_word' id='word_1_666' title='bbox 1823 2529 1947 2592; x_wconf 86' lang='lat' dir='ltr'>niet,</span> <span class='ocrx_word' id='word_1_667' title='bbox 1995 2534 2039 2577; x_wconf 89' lang='lat' dir='ltr'>et</span> <span class='ocrx_word' id='word_1_668' title='bbox 2067 2528 2420 2592; x_wconf 83' lang='lat' dir='ltr'>opprobrium</span> <span class='ocrx_word' id='word_1_669' title='bbox 2467 2528 2581 2590; x_wconf 86' lang='lat' dir='ltr'>ejus</span> <span class='ocrx_word' id='word_1_670' title='bbox 2621 2530 2854 2577; x_wconf 82' lang='lat' dir='ltr'>restituet</span> <span class='ocrx_word' id='word_1_671' title='bbox 2901 2531 2947 2577; x_wconf 84' lang='lat' dir='ltr'>ei</span> <span class='ocrx_word' id='word_1_672' title='bbox 2983 2530 3250 2577; x_wconf 86' lang='lat' dir='ltr'>Dominus</span> <span class='ocrx_word' id='word_1_673' title='bbox 3270 2545 3418 2580; x_wconf 87' lang='lat' dir='ltr'>suus.</span> 
     </span>
    </p>
   </div>
   <div class='ocr_carea' id='block_1_91' title="bbox 1822 2598 3425 2663">
    <p class='ocr_par' dir='ltr' id='par_1_91' title="bbox 1822 2598 3425 2663">
     <span class='ocr_line' id='line_1_91' title="bbox 1822 2598 3425 2663; baseline -0.001 -13"><span class='ocrx_word' id='word_1_674' title='bbox 1822 2602 1897 2650; x_wconf 88' lang='lat' dir='ltr'>Co</span> <span class='ocrx_word' id='word_1_675' title='bbox 1905 2611 2298 2650; x_wconf 89' lang='lat' dir='ltr'>mmemorario</span> <span class='ocrx_word' id='word_1_676' title='bbox 2320 2605 2547 2663; x_wconf 86' lang='lat' dir='ltr'>patrum</span> <span class='ocrx_word' id='word_1_677' title='bbox 2565 2599 2811 2650; x_wconf 85' lang='lat' dir='ltr'>reddidit</span> <span class='ocrx_word' id='word_1_678' title='bbox 2827 2598 3072 2650; x_wconf 79' lang='lat' dir='ltr'>ﬁliorum</span> <span class='ocrx_word' id='word_1_679' title='bbox 3084 2601 3300 2652; x_wconf 87' lang='lat' dir='ltr'>crimen</span> <span class='ocrx_word' id='word_1_680' title='bbox 3312 2605 3425 2650; x_wconf 83' lang='lat' dir='ltr'>lior-</span> 
     </span>
    </p>
   </div>
   <div class='ocr_carea' id='block_1_92' title="bbox 1820 2670 3413 2735">
    <p class='ocr_par' dir='ltr' id='par_1_92' title="bbox 1820 2670 3413 2735">
     <span class='ocr_line' id='line_1_92' title="bbox 1820 2670 3413 2735; baseline 0.002 -16"><span class='ocrx_word' id='word_1_681' title='bbox 1820 2670 2020 2732; x_wconf 87' lang='lat' dir='ltr'>ridius,</span> <span class='ocrx_word' id='word_1_682' title='bbox 2044 2670 2219 2732; x_wconf 87' lang='lat' dir='ltr'>idque</span> <span class='ocrx_word' id='word_1_683' title='bbox 2240 2671 2457 2720; x_wconf 88' lang='lat' dir='ltr'>indicat</span> <span class='ocrx_word' id='word_1_684' title='bbox 2480 2670 2820 2720; x_wconf 77' lang='lat' dir='ltr'>exclamatio</span> <span class='ocrx_word' id='word_1_685' title='bbox 2851 2671 3113 2732; x_wconf 90' lang='lat' dir='ltr'>subjecta</span> <span class='ocrx_word' id='word_1_686' title='bbox 3138 2674 3413 2735; x_wconf 89' lang='lat' dir='ltr'>censoris,</span> 
     </span>
    </p>
   </div>
   <div class='ocr_carea' id='block_1_93' title="bbox 1822 2740 3417 2804">
    <p class='ocr_par' dir='ltr' id='par_1_93' title="bbox 1822 2740 3417 2804">
     <span class='ocr_line' id='line_1_93' title="bbox 1822 2740 3417 2804; baseline 0.001 -13"><span class='ocrx_word' id='word_1_687' title='bbox 1822 2744 2002 2803; x_wconf 88' lang='lat' dir='ltr'>quise</span> <span class='ocrx_word' id='word_1_688' title='bbox 2021 2740 2096 2791; x_wconf 81' lang='lat' dir='ltr'>ad</span> <span class='ocrx_word' id='word_1_689' title='bbox 2118 2740 2555 2791; x_wconf 86' lang='lat' dir='ltr'>amaritudinem</span> <span class='ocrx_word' id='word_1_690' title='bbox 2579 2745 2636 2791; x_wconf 80' lang='lat' dir='ltr'>et</span> <span class='ocrx_word' id='word_1_691' title='bbox 2662 2740 3135 2804; x_wconf 83' lang='lat' dir='ltr'>indignationem,</span> <span class='ocrx_word' id='word_1_692' title='bbox 3172 2752 3305 2803; x_wconf 75' lang='lat' dir='ltr'>quae</span> <span class='ocrx_word' id='word_1_693' title='bbox 3328 2742 3417 2792; x_wconf 83' lang='lat' dir='ltr'>in—</span> 
     </span>
    </p>
   </div>
   <div class='ocr_carea' id='block_1_94' title="bbox 1822 2811 3416 2875">
    <p class='ocr_par' dir='ltr' id='par_1_94' title="bbox 1822 2811 3416 2875">
     <span class='ocr_line' id='line_1_94' title="bbox 1822 2811 3416 2875; baseline 0 -14"><span class='ocrx_word' id='word_1_694' title='bbox 1822 2812 2209 2875; x_wconf 85' lang='lat' dir='ltr'>pejusalutum</span> <span class='ocrx_word' id='word_1_695' title='bbox 2224 2812 2346 2873; x_wconf 87' lang='lat' dir='ltr'>iret,</span> <span class='ocrx_word' id='word_1_696' title='bbox 2364 2811 2634 2862; x_wconf 89' lang='lat' dir='ltr'>adactum</span> <span class='ocrx_word' id='word_1_697' title='bbox 2660 2823 2790 2862; x_wconf 89' lang='lat' dir='ltr'>esse</span> <span class='ocrx_word' id='word_1_698' title='bbox 2810 2816 3070 2862; x_wconf 89' lang='lat' dir='ltr'>testatur.</span> <span class='ocrx_word' id='word_1_699' title='bbox 3092 2813 3153 2861; x_wconf 85' lang='lat' dir='ltr'>Ei</span> <span class='ocrx_word' id='word_1_700' title='bbox 3178 2812 3309 2863; x_wconf 88' lang='lat' dir='ltr'>ideo</span> <span class='ocrx_word' id='word_1_701' title='bbox 3330 2812 3416 2864; x_wconf 88' lang='lat' dir='ltr'>vi-</span> 
     </span>
    </p>
   </div>
   <div class='ocr_carea' id='block_1_95' title="bbox 1820 2883 3416 2947">
    <p class='ocr_par' dir='ltr' id='par_1_95' title="bbox 1820 2883 3416 2947">
     <span class='ocr_line' id='line_1_95' title="bbox 1820 2883 3416 2947; baseline 0.001 -15"><span class='ocrx_word' id='word_1_702' title='bbox 1820 2896 1955 2947; x_wconf 80' lang='lat' dir='ltr'>gore</span> <span class='ocrx_word' id='word_1_703' title='bbox 1977 2883 2109 2933; x_wconf 87' lang='lat' dir='ltr'>licet</span> <span class='ocrx_word' id='word_1_704' title='bbox 2133 2883 2555 2946; x_wconf 86' lang='lat' dir='ltr'>pronuntiantis</span> <span class='ocrx_word' id='word_1_705' title='bbox 2587 2884 2962 2946; x_wconf 84' lang='lat' dir='ltr'>insurgens,a</span> <span class='ocrx_word' id='word_1_706' title='bbox 2986 2895 3048 2934; x_wconf 91' lang='lat' dir='ltr'>se</span> <span class='ocrx_word' id='word_1_707' title='bbox 3076 2887 3272 2934; x_wconf 82' lang='lat' dir='ltr'>tamen</span> <span class='ocrx_word' id='word_1_708' title='bbox 3298 2885 3416 2935; x_wconf 88' lang='lat' dir='ltr'>vin-</span> 
     </span>
    </p>
   </div>
   <div class='ocr_carea' id='block_1_96' title="bbox 1820 2953 3416 3017">
    <p class='ocr_par' dir='ltr' id='par_1_96' title="bbox 1820 2953 3416 3017">
     <span class='ocr_line' id='line_1_96' title="bbox 1820 2953 3416 3017; baseline -0.002 -13"><span class='ocrx_word' id='word_1_709' title='bbox 1820 2956 1990 3005; x_wconf 65' lang='lat' dir='ltr'>dictae</span> <span class='ocrx_word' id='word_1_710' title='bbox 2014 2954 2197 3017; x_wconf 89' lang='lat' dir='ltr'>ipsius</span> <span class='ocrx_word' id='word_1_711' title='bbox 2210 2954 2427 3017; x_wconf 89' lang='lat' dir='ltr'>repellit</span> <span class='ocrx_word' id='word_1_712' title='bbox 2443 2953 2738 3017; x_wconf 87' lang='lat' dir='ltr'>invidiam,</span> <span class='ocrx_word' id='word_1_713' title='bbox 2759 2953 3199 3017; x_wconf 88' lang='lat' dir='ltr'>ellaboratisque</span> <span class='ocrx_word' id='word_1_714' title='bbox 3214 2956 3416 3015; x_wconf 83' lang='lat' dir='ltr'>suppli-</span> 
     </span>
    </p>
   </div>
   <div class='ocr_carea' id='block_1_97' title="bbox 1826 3024 3413 3089">
    <p class='ocr_par' dir='ltr' id='par_1_97' title="bbox 1826 3024 3413 3089">
     <span class='ocr_line' id='line_1_97' title="bbox 1826 3024 3413 3089; baseline 0 -13"><span class='ocrx_word' id='word_1_715' title='bbox 1826 3026 1928 3076; x_wconf 87' lang='lat' dir='ltr'>ciis</span> <span class='ocrx_word' id='word_1_716' title='bbox 1973 3025 2205 3075; x_wconf 76' lang='lat' dir='ltr'>Elfraim</span> <span class='ocrx_word' id='word_1_717' title='bbox 2235 3024 2519 3076; x_wconf 87' lang='lat' dir='ltr'>interiisse</span> <span class='ocrx_word' id='word_1_718' title='bbox 2570 3028 2895 3087; x_wconf 89' lang='lat' dir='ltr'>denunciat,</span> <span class='ocrx_word' id='word_1_719' title='bbox 2930 3025 3027 3089; x_wconf 89' lang='lat' dir='ltr'>qui</span> <span class='ocrx_word' id='word_1_720' title='bbox 3077 3026 3413 3076; x_wconf 86' lang='lat' dir='ltr'>salutarium</span> 
     </span>
    </p>
   </div>
   <div class='ocr_carea' id='block_1_98' title="bbox 1828 3096 3415 3161">
    <p class='ocr_par' dir='ltr' id='par_1_98' title="bbox 1828 3096 3415 3161">
     <span class='ocr_line' id='line_1_98' title="bbox 1828 3096 3415 3161; baseline 0.001 -15"><span class='ocrx_word' id='word_1_721' title='bbox 1828 3096 2257 3159; x_wconf 87' lang='lat' dir='ltr'>discipiiuarum</span> <span class='ocrx_word' id='word_1_722' title='bbox 2281 3096 2553 3159; x_wconf 88' lang='lat' dir='ltr'>desertor,</span> <span class='ocrx_word' id='word_1_723' title='bbox 2575 3108 2638 3147; x_wconf 90' lang='lat' dir='ltr'>se</span> <span class='ocrx_word' id='word_1_724' title='bbox 2655 3108 2889 3160; x_wconf 88' lang='lat' dir='ltr'>prorsus</span> <span class='ocrx_word' id='word_1_725' title='bbox 2905 3100 3151 3156; x_wconf 87' lang='lat' dir='ltr'>auctore,</span> <span class='ocrx_word' id='word_1_726' title='bbox 3170 3096 3415 3161; x_wconf 88' lang='lat' dir='ltr'>etdege—</span> 
     </span>
    </p>
   </div>
   <div class='ocr_carea' id='block_1_99' title="bbox 1828 3168 2386 3219">
    <p class='ocr_par' dir='ltr' id='par_1_99' title="bbox 1828 3168 2386 3219">
     <span class='ocr_line' id='line_1_99' title="bbox 1828 3168 2386 3219; baseline -0.005 0"><span class='ocrx_word' id='word_1_727' title='bbox 1828 3168 2046 3219; x_wconf 88' lang='lat' dir='ltr'>neravit</span> <span class='ocrx_word' id='word_1_728' title='bbox 2079 3177 2135 3219; x_wconf 88' lang='lat' dir='ltr'>et</span> <span class='ocrx_word' id='word_1_729' title='bbox 2158 3168 2386 3218; x_wconf 90' lang='lat' dir='ltr'>corruit.</span> 
     </span>
    </p>
   </div>
   <div class='ocr_carea' id='block_1_100' title="bbox 2413 3265 2830 3316">
    <p class='ocr_par' dir='ltr' id='par_1_100' title="bbox 2413 3265 2830 3316">
     <span class='ocr_line' id='line_1_100' title="bbox 2413 3265 2830 3316; baseline -0.002 0"><span class='ocrx_word' id='word_1_730' title='bbox 2413 3265 2645 3316; x_wconf 87' lang='lat' dir='ltr'>CAPUT</span> <span class='ocrx_word' id='word_1_731' title='bbox 2680 3266 2830 3316; x_wconf 85' lang='lat' dir='ltr'>XIII.</span> 
     </span>
    </p>
   </div>
   <div class='ocr_carea' id='block_1_101' title="bbox 1887 3352 3423 3418">
    <p class='ocr_par' dir='ltr' id='par_1_101' title="bbox 1887 3352 3423 3418">
     <span class='ocr_line' id='line_1_101' title="bbox 1887 3352 3423 3418; baseline -0.001 -13"><span class='ocrx_word' id='word_1_732' title='bbox 1887 3356 2046 3406; x_wconf 88' lang='lat' dir='ltr'>Vers.</span> <span class='ocrx_word' id='word_1_733' title='bbox 2097 3354 2143 3407; x_wconf 90' lang='grc'>1.</span> <span class='ocrx_word' id='word_1_734' title='bbox 2187 3352 2239 3407; x_wconf 75' lang='lat'>‘2.</span> <span class='ocrx_word' id='word_1_735' title='bbox 2292 3382 2349 3391; x_wconf 92' lang='lat'><strong>—</strong></span> <span class='ocrx_word' id='word_1_736' title='bbox 2398 3354 2667 3418; x_wconf 85' lang='lat' dir='ltr'>Loquente</span> <span class='ocrx_word' id='word_1_737' title='bbox 2702 3353 2961 3418; x_wconf 78' lang='lat' dir='ltr'>E/fraim,</span> <span class='ocrx_word' id='word_1_738' title='bbox 3003 3354 3200 3404; x_wconf 82' lang='lat' dir='ltr'>horror</span> <span class='ocrx_word' id='word_1_739' title='bbox 3222 3354 3423 3403; x_wconf 81' lang='lat' dir='ltr'>invasit</span> 
     </span>
    </p>
   </div>
   <div class='ocr_carea' id='block_1_102' title="bbox 1823 3425 3422 3489">
    <p class='ocr_par' dir='ltr' id='par_1_102' title="bbox 1823 3425 3422 3489">
     <span class='ocr_line' id='line_1_102' title="bbox 1823 3425 3422 3489; baseline -0.002 -13"><span class='ocrx_word' id='word_1_740' title='bbox 1823 3428 2008 3489; x_wconf 85' lang='lat' dir='ltr'>Israel,</span> <span class='ocrx_word' id='word_1_741' title='bbox 2036 3431 2082 3474; x_wconf 89' lang='lat' dir='ltr'>et</span> <span class='ocrx_word' id='word_1_742' title='bbox 2106 3425 2329 3489; x_wconf 83' lang='lat' dir='ltr'>deliquit</span> <span class='ocrx_word' id='word_1_743' title='bbox 2346 3425 2406 3473; x_wconf 87' lang='lat' dir='ltr'>in</span> <span class='ocrx_word' id='word_1_744' title='bbox 2429 3426 2586 3485; x_wconf 88' lang='lat' dir='ltr'>Baat,</span> <span class='ocrx_word' id='word_1_745' title='bbox 2611 3430 2657 3473; x_wconf 88' lang='lat' dir='ltr'>et</span> <span class='ocrx_word' id='word_1_746' title='bbox 2678 3430 2925 3474; x_wconf 87' lang='lat' dir='ltr'>mortuus</span> <span class='ocrx_word' id='word_1_747' title='bbox 2943 3429 3032 3475; x_wconf 89' lang='lat' dir='ltr'>est.</span> <span class='ocrx_word' id='word_1_748' title='bbox 3057 3425 3125 3473; x_wconf 82' lang='lat' dir='ltr'>Et</span> <span class='ocrx_word' id='word_1_749' title='bbox 3146 3440 3295 3473; x_wconf 85' lang='lat' dir='ltr'>nunc</span> <span class='ocrx_word' id='word_1_750' title='bbox 3318 3425 3422 3474; x_wconf 87' lang='lat' dir='ltr'>ad-</span> 
     </span>
    </p>
   </div>
   <div class='ocr_carea' id='block_1_103' title="bbox 1825 3495 3424 3560">
    <p class='ocr_par' dir='ltr' id='par_1_103' title="bbox 1825 3495 3424 3560">
     <span class='ocr_line' id='line_1_103' title="bbox 1825 3495 3424 3560; baseline -0.003 -13"><span class='ocrx_word' id='word_1_751' title='bbox 1825 3498 2082 3547; x_wconf 84' lang='lat' dir='ltr'>diderunt</span> <span class='ocrx_word' id='word_1_752' title='bbox 2112 3497 2185 3545; x_wconf 84' lang='lat' dir='ltr'>ad</span> <span class='ocrx_word' id='word_1_753' title='bbox 2204 3497 2557 3560; x_wconf 81' lang='lat' dir='ltr'>peccandum,</span> <span class='ocrx_word' id='word_1_754' title='bbox 2581 3497 2923 3559; x_wconf 78' lang='lat' dir='ltr'>feceruntque</span> <span class='ocrx_word' id='word_1_755' title='bbox 2944 3495 3047 3544; x_wconf 85' lang='lat' dir='ltr'>sibi</span> <span class='ocrx_word' id='word_1_756' title='bbox 3069 3496 3334 3558; x_wconf 81' lang='lat' dir='ltr'>conﬂatile</span> <span class='ocrx_word' id='word_1_757' title='bbox 3361 3496 3424 3544; x_wconf 90' lang='lat' dir='ltr'>de</span> 
     </span>
    </p>
   </div>
   <div class='ocr_carea' id='block_1_104' title="bbox 1824 3568 3425 3634">
    <p class='ocr_par' dir='ltr' id='par_1_104' title="bbox 1824 3568 3425 3634">
     <span class='ocr_line' id='line_1_104' title="bbox 1824 3568 3425 3634; baseline -0.001 -16"><span class='ocrx_word' id='word_1_758' title='bbox 1824 3575 2047 3634; x_wconf 86' lang='lat' dir='ltr'>argento</span> <span class='ocrx_word' id='word_1_759' title='bbox 2075 3583 2190 3629; x_wconf 89' lang='lat' dir='ltr'>suo,</span> <span class='ocrx_word' id='word_1_760' title='bbox 2229 3568 2388 3632; x_wconf 85' lang='lat' dir='ltr'>quasi</span> <span class='ocrx_word' id='word_1_761' title='bbox 2422 3568 2840 3617; x_wconf 84' lang='lat' dir='ltr'>similitudinem</span> <span class='ocrx_word' id='word_1_762' title='bbox 2880 3568 3171 3627; x_wconf 87' lang='lat' dir='ltr'>idolorum,</span> <span class='ocrx_word' id='word_1_763' title='bbox 3204 3568 3425 3629; x_wconf 83' lang='lat' dir='ltr'>factura</span> 
     </span>
    </p>
   </div>
   <div class='ocr_carea' id='block_1_105' title="bbox 1827 3639 3424 3704">
    <p class='ocr_par' dir='ltr' id='par_1_105' title="bbox 1827 3639 3424 3704">
     <span class='ocr_line' id='line_1_105' title="bbox 1827 3639 3424 3704; baseline -0.003 -14"><span class='ocrx_word' id='word_1_764' title='bbox 1827 3643 2101 3704; x_wconf 78' lang='lat' dir='ltr'>artiﬁcum</span> <span class='ocrx_word' id='word_1_765' title='bbox 2139 3646 2307 3689; x_wconf 85' lang='lat' dir='ltr'>totum</span> <span class='ocrx_word' id='word_1_766' title='bbox 2341 3646 2429 3699; x_wconf 88' lang='lat' dir='ltr'>est,</span> <span class='ocrx_word' id='word_1_767' title='bbox 2467 3640 2552 3688; x_wconf 83' lang='lat' dir='ltr'>his</span> <span class='ocrx_word' id='word_1_768' title='bbox 2576 3640 2682 3704; x_wconf 87' lang='lat' dir='ltr'>ipsi</span> <span class='ocrx_word' id='word_1_769' title='bbox 2706 3641 2912 3703; x_wconf 86' lang='lat' dir='ltr'>dicunt,</span> <span class='ocrx_word' id='word_1_770' title='bbox 2943 3639 3222 3687; x_wconf 85' lang='lat' dir='ltr'>lmmolate</span> <span class='ocrx_word' id='word_1_771' title='bbox 3245 3640 3424 3688; x_wconf 88' lang='lat' dir='ltr'>homi—</span> 
     </span>
    </p>
   </div>
   <div class='ocr_carea' id='block_1_106' title="bbox 1828 3711 3424 3775">
    <p class='ocr_par' dir='ltr' id='par_1_106' title="bbox 1828 3711 3424 3775">
     <span class='ocr_line' id='line_1_106' title="bbox 1828 3711 3424 3775; baseline 0 -15"><span class='ocrx_word' id='word_1_772' title='bbox 1828 3728 1934 3775; x_wconf 83' lang='lat' dir='ltr'>nes,</span> <span class='ocrx_word' id='word_1_773' title='bbox 1961 3712 2153 3761; x_wconf 86' lang='lat' dir='ltr'>vitulos</span> <span class='ocrx_word' id='word_1_774' title='bbox 2169 3711 2474 3761; x_wconf 84' lang='lat' dir='ltr'>adorantes.</span> <span class='ocrx_word' id='word_1_775' title='bbox 2499 3711 2965 3774; x_wconf 84' lang='lat' dir='ltr'>Induxiteorum,</span> <span class='ocrx_word' id='word_1_776' title='bbox 2979 3722 3110 3773; x_wconf 85' lang='lat' dir='ltr'>quae</span> <span class='ocrx_word' id='word_1_777' title='bbox 3125 3713 3424 3773; x_wconf 88' lang='lat' dir='ltr'>atempore</span> 
     </span>
    </p>
   </div>
   <div class='ocr_carea' id='block_1_107' title="bbox 1825 3781 3425 3843">
    <p class='ocr_par' dir='ltr' id='par_1_107' title="bbox 1825 3781 3425 3843">
     <span class='ocr_line' id='line_1_107' title="bbox 1825 3781 3425 3843; baseline -0.002 -8"><span class='ocrx_word' id='word_1_778' title='bbox 1825 3785 2142 3836; x_wconf 87' lang='lat' dir='ltr'>divisarum</span> <span class='ocrx_word' id='word_1_779' title='bbox 2155 3784 2409 3834; x_wconf 90' lang='lat' dir='ltr'>tribuum</span> <span class='ocrx_word' id='word_1_780' title='bbox 2421 3787 2834 3834; x_wconf 89' lang='lat' dir='ltr'>commiserant</span> <span class='ocrx_word' id='word_1_781' title='bbox 2850 3783 3218 3843; x_wconf 90' lang='lat' dir='ltr'>mentionem,</span> <span class='ocrx_word' id='word_1_782' title='bbox 3239 3781 3343 3832; x_wconf 89' lang='lat' dir='ltr'>sed</span> <span class='ocrx_word' id='word_1_783' title='bbox 3357 3794 3425 3833; x_wconf 93' lang='lat' dir='ltr'>eo</span> 
     </span>
    </p>
   </div>
   <div class='ocr_carea' id='block_1_108' title="bbox 1828 3852 3428 3918">
    <p class='ocr_par' dir='ltr' id='par_1_108' title="bbox 1828 3852 3428 3918">
     <span class='ocr_line' id='line_1_108' title="bbox 1828 3852 3428 3918; baseline -0.001 -12"><span class='ocrx_word' id='word_1_784' title='bbox 1828 3856 2043 3916; x_wconf 90' lang='lat' dir='ltr'>ordine,</span> <span class='ocrx_word' id='word_1_785' title='bbox 2070 3868 2242 3918; x_wconf 82' lang='lat' dir='ltr'>quem</span> <span class='ocrx_word' id='word_1_786' title='bbox 2275 3855 2595 3918; x_wconf 87' lang='lat' dir='ltr'>indignatio</span> <span class='ocrx_word' id='word_1_787' title='bbox 2620 3855 2824 3918; x_wconf 85' lang='lat' dir='ltr'>magis,</span> <span class='ocrx_word' id='word_1_788' title='bbox 2852 3866 3025 3917; x_wconf 88' lang='lat' dir='ltr'>quam</span> <span class='ocrx_word' id='word_1_789' title='bbox 3048 3852 3301 3904; x_wconf 88' lang='lat' dir='ltr'>narratio</span> <span class='ocrx_word' id='word_1_790' title='bbox 3324 3865 3428 3916; x_wconf 83' lang='lat' dir='ltr'>po-</span> 
     </span>
    </p>
   </div>
   <div class='ocr_carea' id='block_1_109' title="bbox 1829 3925 3429 3989">
    <p class='ocr_par' dir='ltr' id='par_1_109' title="bbox 1829 3925 3429 3989">
     <span class='ocr_line' id='line_1_109' title="bbox 1829 3925 3429 3989; baseline -0.003 -12"><span class='ocrx_word' id='word_1_791' title='bbox 1829 3928 2103 3978; x_wconf 78' lang='lat' dir='ltr'>stulabat.</span> <span class='ocrx_word' id='word_1_792' title='bbox 2139 3926 2371 3976; x_wconf 76' lang='lat' dir='ltr'>Eiiraim</span> <span class='ocrx_word' id='word_1_793' title='bbox 2406 3925 2690 3989; x_wconf 89' lang='lat' dir='ltr'>siquidem</span> <span class='ocrx_word' id='word_1_794' title='bbox 2721 3927 2781 3974; x_wconf 90' lang='lat' dir='ltr'>in</span> <span class='ocrx_word' id='word_1_795' title='bbox 2803 3927 3076 3988; x_wconf 73' lang='lat' dir='ltr'>praesenti</span> <span class='ocrx_word' id='word_1_796' title='bbox 3099 3927 3241 3985; x_wconf 89' lang='lat' dir='ltr'>loco,</span> <span class='ocrx_word' id='word_1_797' title='bbox 3276 3925 3429 3974; x_wconf 87' lang='lat' dir='ltr'>Jero-</span> 
     </span>
    </p>
   </div>
   <div class='ocr_carea' id='block_1_110' title="bbox 1828 3994 3431 4061">
    <p class='ocr_par' dir='ltr' id='par_1_110' title="bbox 1828 3994 3431 4061">
     <span class='ocr_line' id='line_1_110' title="bbox 1828 3994 3431 4061; baseline -0.002 -12"><span class='ocrx_word' id='word_1_798' title='bbox 1828 4000 1999 4049; x_wconf 86' lang='lat' dir='ltr'>boam</span> <span class='ocrx_word' id='word_1_799' title='bbox 2028 3998 2342 4061; x_wconf 85' lang='lat' dir='ltr'>principem</span> <span class='ocrx_word' id='word_1_800' title='bbox 2364 3996 2668 4047; x_wconf 89' lang='lat' dir='ltr'>divisionis</span> <span class='ocrx_word' id='word_1_801' title='bbox 2702 3995 2967 4059; x_wconf 80' lang='lat' dir='ltr'>appetlat,</span> <span class='ocrx_word' id='word_1_802' title='bbox 2985 3996 3101 4058; x_wconf 89' lang='lat' dir='ltr'>qui,</span> <span class='ocrx_word' id='word_1_803' title='bbox 3120 4000 3184 4045; x_wconf 90' lang='lat' dir='ltr'>ut</span> <span class='ocrx_word' id='word_1_804' title='bbox 3201 3994 3431 4045; x_wconf 85' lang='lat' dir='ltr'>simula-</span> 
     </span>
    </p>
   </div>
   <div class='ocr_carea' id='block_1_111' title="bbox 1829 4065 3432 4130">
    <p class='ocr_par' dir='ltr' id='par_1_111' title="bbox 1829 4065 3432 4130">
     <span class='ocr_line' id='line_1_111' title="bbox 1829 4065 3432 4130; baseline -0.002 -11"><span class='ocrx_word' id='word_1_805' title='bbox 1829 4069 1965 4120; x_wconf 75' lang='lat' dir='ltr'>chra</span> <span class='ocrx_word' id='word_1_806' title='bbox 1986 4080 2289 4118; x_wconf 75' lang='lat' dir='ltr'>vaccarum</span> <span class='ocrx_word' id='word_1_807' title='bbox 2313 4069 2560 4130; x_wconf 88' lang='lat' dir='ltr'>populus</span> <span class='ocrx_word' id='word_1_808' title='bbox 2584 4070 2966 4127; x_wconf 86' lang='lat' dir='ltr'>veneraretur,</span> <span class='ocrx_word' id='word_1_809' title='bbox 3001 4065 3197 4116; x_wconf 85' lang='lat' dir='ltr'>edixit.</span> <span class='ocrx_word' id='word_1_810' title='bbox 3224 4067 3432 4115; x_wconf 80' lang='lat' dir='ltr'>Postea</span> 
     </span>
    </p>
   </div>
   <div class='ocr_carea' id='block_1_112' title="bbox 1828 4136 3428 4197">
    <p class='ocr_par' dir='ltr' id='par_1_112' title="bbox 1828 4136 3428 4197">
     <span class='ocr_line' id='line_1_112' title="bbox 1828 4136 3428 4197; baseline -0.005 -6"><span class='ocrx_word' id='word_1_811' title='bbox 1828 4153 1967 4192; x_wconf 90' lang='lat' dir='ltr'>vero</span> <span class='ocrx_word' id='word_1_812' title='bbox 1994 4138 2129 4190; x_wconf 84' lang='lat' dir='ltr'>Baal</span> <span class='ocrx_word' id='word_1_813' title='bbox 2152 4139 2286 4188; x_wconf 90' lang='lat' dir='ltr'>idoli</span> <span class='ocrx_word' id='word_1_814' title='bbox 2315 4138 2538 4188; x_wconf 81' lang='lat' dir='ltr'>cultum</span> <span class='ocrx_word' id='word_1_815' title='bbox 2561 4137 2760 4188; x_wconf 84' lang='lat' dir='ltr'>Achab</span> <span class='ocrx_word' id='word_1_816' title='bbox 2783 4150 2916 4187; x_wconf 91' lang='lat' dir='ltr'>cum</span> <span class='ocrx_word' id='word_1_817' title='bbox 2942 4136 3173 4187; x_wconf 87' lang='lat' dir='ltr'>Jesabel</span> <span class='ocrx_word' id='word_1_818' title='bbox 3190 4139 3428 4197; x_wconf 79' lang='lat' dir='ltr'>suscepit,</span> 
     </span>
    </p>
   </div>
   <div class='ocr_carea' id='block_1_113' title="bbox 1830 4207 3431 4276">
    <p class='ocr_par' dir='ltr' id='par_1_113' title="bbox 1830 4207 3431 4276">
     <span class='ocr_line' id='line_1_113' title="bbox 1830 4207 3431 4276; baseline -0.005 -12"><span class='ocrx_word' id='word_1_819' title='bbox 1830 4225 2008 4276; x_wconf 89' lang='lat' dir='ltr'>quam</span> <span class='ocrx_word' id='word_1_820' title='bbox 2032 4211 2246 4275; x_wconf 85' lang='lat' dir='ltr'>profani</span> <span class='ocrx_word' id='word_1_821' title='bbox 2256 4216 2430 4263; x_wconf 86' lang='lat' dir='ltr'>tatem</span> <span class='ocrx_word' id='word_1_822' title='bbox 2455 4212 2601 4261; x_wconf 81' lang='lat' dir='ltr'>Hieu</span> <span class='ocrx_word' id='word_1_823' title='bbox 2618 4209 2921 4261; x_wconf 89' lang='lat' dir='ltr'>severitate</span> <span class='ocrx_word' id='word_1_824' title='bbox 2945 4218 3198 4270; x_wconf 86' lang='lat' dir='ltr'>congrua</span> <span class='ocrx_word' id='word_1_825' title='bbox 3219 4207 3431 4270; x_wconf 83' lang='lat' dir='ltr'>legitur</span> 
     </span>
    </p>
   </div>
   <div class='ocr_carea' id='block_1_114' title="bbox 1830 4280 3429 4341">
    <p class='ocr_par' dir='ltr' id='par_1_114' title="bbox 1830 4280 3429 4341">
     <span class='ocr_line' id='line_1_114' title="bbox 1830 4280 3429 4341; baseline -0.006 -4"><span class='ocrx_word' id='word_1_826' title='bbox 1830 4284 2176 4337; x_wconf 79' lang='lat' dir='ltr'>vindicasse.</span> <span class='ocrx_word' id='word_1_827' title='bbox 2212 4282 2455 4334; x_wconf 88' lang='lat' dir='ltr'>Proinde</span> <span class='ocrx_word' id='word_1_828' title='bbox 2502 4283 2616 4332; x_wconf 88' lang='lat' dir='ltr'>ista</span> <span class='ocrx_word' id='word_1_829' title='bbox 2647 4280 2932 4331; x_wconf 89' lang='lat' dir='ltr'>idolorum</span> <span class='ocrx_word' id='word_1_830' title='bbox 2967 4284 3343 4341; x_wconf 88' lang='lat' dir='ltr'>consecratio,</span> <span class='ocrx_word' id='word_1_831' title='bbox 3369 4282 3429 4328; x_wconf 91' lang='lat' dir='ltr'>et</span> 
     </span>
    </p>
   </div>
   <div class='ocr_carea' id='block_1_115' title="bbox 1830 4351 3426 4420">
    <p class='ocr_par' dir='ltr' id='par_1_115' title="bbox 1830 4351 3426 4420">
     <span class='ocr_line' id='line_1_115' title="bbox 1830 4351 3426 4420; baseline -0.007 -13"><span class='ocrx_word' id='word_1_832' title='bbox 1830 4357 2014 4420; x_wconf 89' lang='lat' dir='ltr'>prima</span> <span class='ocrx_word' id='word_1_833' title='bbox 2046 4355 2288 4418; x_wconf 76' lang='lat' dir='ltr'>cuepitin</span> <span class='ocrx_word' id='word_1_834' title='bbox 2305 4352 2531 4417; x_wconf 90' lang='lat' dir='ltr'>populo,</span> <span class='ocrx_word' id='word_1_835' title='bbox 2555 4354 2602 4403; x_wconf 88' lang='lat' dir='ltr'>ei</span> <span class='ocrx_word' id='word_1_836' title='bbox 2628 4351 2828 4403; x_wconf 89' lang='lat' dir='ltr'>ultimo</span> <span class='ocrx_word' id='word_1_837' title='bbox 2855 4356 3108 4412; x_wconf 87' lang='lat' dir='ltr'>tempore</span> <span class='ocrx_word' id='word_1_838' title='bbox 3120 4351 3426 4410; x_wconf 82' lang='lat' dir='ltr'>conquievit,</span> 
     </span>
    </p>
   </div>
   <div class='ocr_carea' id='block_1_116' title="bbox 1830 4424 3427 4490">
    <p class='ocr_par' dir='ltr' id='par_1_116' title="bbox 1830 4424 3427 4490">
     <span class='ocr_line' id='line_1_116' title="bbox 1830 4424 3427 4490; baseline -0.007 -6"><span class='ocrx_word' id='word_1_839' title='bbox 1830 4434 1939 4484; x_wconf 92' lang='lat' dir='ltr'>Sed</span> <span class='ocrx_word' id='word_1_840' title='bbox 1962 4444 2095 4483; x_wconf 90' lang='lat' dir='ltr'>cum</span> <span class='ocrx_word' id='word_1_841' title='bbox 2118 4433 2209 4482; x_wconf 89' lang='lat' dir='ltr'>hic</span> <span class='ocrx_word' id='word_1_842' title='bbox 2234 4431 2308 4481; x_wconf 91' lang='lat' dir='ltr'>sit</span> <span class='ocrx_word' id='word_1_843' title='bbox 2333 4430 2423 4480; x_wconf 88' lang='lat' dir='ltr'>his</span> <span class='ocrx_word' id='word_1_844' title='bbox 2435 4430 2571 4481; x_wconf 70' lang='lat' dir='ltr'>orla)</span> <span class='ocrx_word' id='word_1_845' title='bbox 2600 4427 2757 4489; x_wconf 92' lang='lat' dir='ltr'>ordo,</span> <span class='ocrx_word' id='word_1_846' title='bbox 2773 4439 2948 4490; x_wconf 91' lang='lat' dir='ltr'>quem</span> <span class='ocrx_word' id='word_1_847' title='bbox 2973 4424 3249 4487; x_wconf 80' lang='lat' dir='ltr'>diximus,</span> <span class='ocrx_word' id='word_1_848' title='bbox 3269 4436 3427 4474; x_wconf 88' lang='lat' dir='ltr'>nunc</span> 
     </span>
    </p>
   </div>
   <div class='ocr_carea' id='block_1_117' title="bbox 1834 4494 3428 4568">
    <p class='ocr_par' dir='ltr' id='par_1_117' title="bbox 1834 4494 3428 4568">
     <span class='ocr_line' id='line_1_117' title="bbox 1834 4494 3428 4568; baseline -0.009 -12"><span class='ocrx_word' id='word_1_849' title='bbox 1834 4508 2051 4568; x_wconf 88' lang='lat' dir='ltr'>partem</span> <span class='ocrx_word' id='word_1_850' title='bbox 2063 4504 2190 4567; x_wconf 88' lang='lat' dir='ltr'>ejus</span> <span class='ocrx_word' id='word_1_851' title='bbox 2210 4502 2449 4552; x_wconf 87' lang='lat' dir='ltr'>mutavit</span> <span class='ocrx_word' id='word_1_852' title='bbox 2464 4502 2630 4553; x_wconf 89' lang='lat' dir='ltr'>invec</span> <span class='ocrx_word' id='word_1_853' title='bbox 2639 4503 2730 4550; x_wconf 78' lang='lat' dir='ltr'>tio.</span> <span class='ocrx_word' id='word_1_854' title='bbox 2746 4501 2850 4561; x_wconf 91' lang='lat' dir='ltr'>Loq</span> <span class='ocrx_word' id='word_1_855' title='bbox 2862 4513 2920 4546; x_wconf 91' lang='lat' dir='ltr'>ue</span> <span class='ocrx_word' id='word_1_856' title='bbox 2927 4503 3010 4546; x_wconf 86' lang='lat' dir='ltr'>nte</span> <span class='ocrx_word' id='word_1_857' title='bbox 3022 4497 3175 4547; x_wconf 89' lang='lat' dir='ltr'>enim</span> <span class='ocrx_word' id='word_1_858' title='bbox 3188 4494 3428 4559; x_wconf 76' lang='lat' dir='ltr'>E/fraim</span> 
     </span>
    </p>
   </div>
   <div class='ocr_carea' id='block_1_118' title="bbox 110 4564 3429 4638">
    <p class='ocr_par' dir='ltr' id='par_1_118' title="bbox 110 4564 3429 4638">
     <span class='ocr_line' id='line_1_118' title="bbox 110 4564 3429 4638; baseline 0 -22"><span class='ocrx_word' id='word_1_859' title='bbox 110 4567 364 4617; x_wconf 87' lang='lat' dir='ltr'>nomine</span> <span class='ocrx_word' id='word_1_860' title='bbox 395 4578 540 4629; x_wconf 81' lang='lat' dir='ltr'>gens</span> <span class='ocrx_word' id='word_1_861' title='bbox 572 4573 693 4619; x_wconf 88' lang='lat' dir='ltr'>tota</span> <span class='ocrx_word' id='word_1_862' title='bbox 717 4569 997 4631; x_wconf 82' lang='lat' dir='ltr'>signatur.</span> <span class='ocrx_word' id='word_1_863' title='bbox 1020 4572 1254 4635; x_wconf 80' lang='lat' dir='ltr'>Propter</span> <span class='ocrx_word' id='word_1_864' title='bbox 1278 4571 1431 4635; x_wconf 90' lang='lat' dir='ltr'>quod</span> <span class='ocrx_word' id='word_1_865' title='bbox 1458 4577 1515 4623; x_wconf 89' lang='lat' dir='ltr'>et</span> <span class='ocrx_word' id='word_1_866' title='bbox 1540 4572 1723 4636; x_wconf 85' lang='lat' dir='ltr'>ipsius</span> <span class='ocrx_word' id='word_1_867' title='bbox 1756 4564 1815 4637; x_wconf 89' lang='lat' dir='ltr'>D</span> <span class='ocrx_word' id='word_1_868' title='bbox 1833 4564 1892 4627; x_wconf 80' lang='lat' dir='ltr'>id</span> <span class='ocrx_word' id='word_1_869' title='bbox 1916 4580 2021 4638; x_wconf 84' lang='lat' dir='ltr'>est,</span> <span class='ocrx_word' id='word_1_870' title='bbox 2046 4564 2119 4624; x_wconf 87' lang='lat' dir='ltr'>ad</span> <span class='ocrx_word' id='word_1_871' title='bbox 2152 4575 2373 4625; x_wconf 89' lang='lat' dir='ltr'>cultum</span> <span class='ocrx_word' id='word_1_872' title='bbox 2400 4572 2737 4623; x_wconf 66' lang='lat' dir='ltr'>daemonum</span> <span class='ocrx_word' id='word_1_873' title='bbox 2760 4568 3429 4620; x_wconf 88' lang='lat' dir='ltr'>convocanteJeroboam</span> 
     </span>
    </p>
   </div>
   <div class='ocr_carea' id='block_1_119' title="bbox 110 4639 1730 4708">
    <p class='ocr_par' dir='ltr' id='par_1_119' title="bbox 110 4639 1730 4708">
     <span class='ocr_line' id='line_1_119' title="bbox 110 4639 1730 4708; baseline 0.005 -19"><span class='ocrx_word' id='word_1_874' title='bbox 110 4650 417 4702; x_wconf 74' lang='lat' dir='ltr'>praecipue</span> <span class='ocrx_word' id='word_1_875' title='bbox 439 4639 633 4690; x_wconf 88' lang='lat' dir='ltr'>intulit</span> <span class='ocrx_word' id='word_1_876' title='bbox 654 4641 1021 4705; x_wconf 84' lang='lat' dir='ltr'>mentionem,</span> <span class='ocrx_word' id='word_1_877' title='bbox 1049 4646 1221 4706; x_wconf 75' lang='lat' dir='ltr'>atque</span> <span class='ocrx_word' id='word_1_878' title='bbox 1244 4652 1308 4694; x_wconf 89' lang='lat' dir='ltr'>ut</span> <span class='ocrx_word' id='word_1_879' title='bbox 1330 4645 1517 4696; x_wconf 84' lang='lat' dir='ltr'>dicere</span> <span class='ocrx_word' id='word_1_880' title='bbox 1537 4658 1730 4708; x_wconf 79' lang='lat' dir='ltr'>coepe-</span> 
     </span>
    </p>
   </div>
   <div class='ocr_carea' id='block_1_120' title="bbox 108 4710 1732 4781">
    <p class='ocr_par' dir='ltr' id='par_1_120' title="bbox 108 4710 1732 4781">
     <span class='ocr_line' id='line_1_120' title="bbox 108 4710 1732 4781; baseline 0.005 -22"><span class='ocrx_word' id='word_1_881' title='bbox 108 4723 344 4781; x_wconf 62' lang='lat' dir='ltr'>ramus,</span> <span class='ocrx_word' id='word_1_882' title='bbox 377 4711 554 4761; x_wconf 82' lang='lat' dir='ltr'>Jacob</span> <span class='ocrx_word' id='word_1_883' title='bbox 580 4710 693 4773; x_wconf 87' lang='lat' dir='ltr'>ille,</span> <span class='ocrx_word' id='word_1_884' title='bbox 707 4711 777 4762; x_wconf 89' lang='lat' dir='ltr'>de</span> <span class='ocrx_word' id='word_1_885' title='bbox 801 4715 971 4777; x_wconf 89' lang='lat' dir='ltr'>cujus</span> <span class='ocrx_word' id='word_1_886' title='bbox 997 4718 1169 4777; x_wconf 87' lang='lat' dir='ltr'>stirpe</span> <span class='ocrx_word' id='word_1_887' title='bbox 1195 4714 1732 4781; x_wconf 76' lang='lat' dir='ltr'>dessendunt,con-</span> 
     </span>
    </p>
   </div>
   <div class='ocr_carea' id='block_1_121' title="bbox 108 4780 1731 4848">
    <p class='ocr_par' dir='ltr' id='par_1_121' title="bbox 108 4780 1731 4848">
     <span class='ocr_line' id='line_1_121' title="bbox 108 4780 1731 4848; baseline 0.002 -16"><span class='ocrx_word' id='word_1_888' title='bbox 108 4780 267 4832; x_wconf 77' lang='lat' dir='ltr'>siliis</span> <span class='ocrx_word' id='word_1_889' title='bbox 288 4788 509 4833; x_wconf 69' lang='lat' dir='ltr'>sancta:</span> <span class='ocrx_word' id='word_1_890' title='bbox 531 4784 731 4834; x_wconf 82' lang='lat' dir='ltr'>matris</span> <span class='ocrx_word' id='word_1_891' title='bbox 754 4786 1179 4848; x_wconf 88' lang='lat' dir='ltr'>obtemperans,</span> <span class='ocrx_word' id='word_1_892' title='bbox 1196 4788 1258 4836; x_wconf 91' lang='lat' dir='ltr'>in</span> <span class='ocrx_word' id='word_1_893' title='bbox 1277 4788 1396 4838; x_wconf 91' lang='lat' dir='ltr'>Deo</span> <span class='ocrx_word' id='word_1_894' title='bbox 1418 4800 1524 4838; x_wconf 90' lang='lat' dir='ltr'>suo</span> <span class='ocrx_word' id='word_1_895' title='bbox 1542 4795 1731 4837; x_wconf 87' lang='lat' dir='ltr'>tantum</span> 
     </span>
    </p>
   </div>
   <div class='ocr_carea' id='block_1_122' title="bbox 108 4854 1734 4923">
    <p class='ocr_par' dir='ltr' id='par_1_122' title="bbox 108 4854 1734 4923">
     <span class='ocr_line' id='line_1_122' title="bbox 108 4854 1734 4923; baseline 0.005 -20"><span class='ocrx_word' id='word_1_896' title='bbox 108 4866 294 4917; x_wconf 87' lang='lat' dir='ltr'>spem</span> <span class='ocrx_word' id='word_1_897' title='bbox 307 4866 379 4904; x_wconf 88' lang='lat' dir='ltr'>ac</span> <span class='ocrx_word' id='word_1_898' title='bbox 400 4854 672 4905; x_wconf 80' lang='lat' dir='ltr'>ﬁduciam</span> <span class='ocrx_word' id='word_1_899' title='bbox 688 4856 900 4907; x_wconf 69' lang='lat' dir='ltr'>futuraa</span> <span class='ocrx_word' id='word_1_900' title='bbox 916 4860 1309 4921; x_wconf 88' lang='lat' dir='ltr'>prosperitatis</span> <span class='ocrx_word' id='word_1_901' title='bbox 1320 4871 1626 4923; x_wconf 91' lang='lat' dir='ltr'>reponens,</span> <span class='ocrx_word' id='word_1_902' title='bbox 1643 4873 1734 4911; x_wconf 89' lang='lat' dir='ltr'>re-</span> 
     </span>
    </p>
   </div>
   <div class='ocr_carea' id='block_1_123' title="bbox 105 4927 1732 4994">
    <p class='ocr_par' dir='ltr' id='par_1_123' title="bbox 105 4927 1732 4994">
     <span class='ocr_line' id='line_1_123' title="bbox 105 4927 1732 4994; baseline 0.003 -18"><span class='ocrx_word' id='word_1_903' title='bbox 105 4928 358 4988; x_wconf 85' lang='lat' dir='ltr'>gionem</span> <span class='ocrx_word' id='word_1_904' title='bbox 375 4930 619 4989; x_wconf 88' lang='lat' dir='ltr'>patriam</span> <span class='ocrx_word' id='word_1_905' title='bbox 635 4927 955 4994; x_wconf 84' lang='lat' dir='ltr'>dereliquit,</span> <span class='ocrx_word' id='word_1_906' title='bbox 969 4940 1036 4979; x_wconf 91' lang='lat' dir='ltr'>ac</span> <span class='ocrx_word' id='word_1_907' title='bbox 1053 4931 1482 4994; x_wconf 67' lang='lat' dir='ltr'>MesOpotamise</span> <span class='ocrx_word' id='word_1_908' title='bbox 1499 4938 1624 4981; x_wconf 79' lang='lat' dir='ltr'>lines</span> <span class='ocrx_word' id='word_1_909' title='bbox 1649 4948 1732 4981; x_wconf 84' lang='lat' dir='ltr'>so-</span> 
     </span>
    </p>
   </div>
   <div class='ocr_carea' id='block_1_124' title="bbox 104 4999 1729 5069">
    <p class='ocr_par' dir='ltr' id='par_1_124' title="bbox 104 4999 1729 5069">
     <span class='ocr_line' id='line_1_124' title="bbox 104 4999 1729 5069; baseline 0.006 -21"><span class='ocrx_word' id='word_1_910' title='bbox 104 5000 208 5049; x_wconf 85' lang='lat' dir='ltr'>ius</span> <span class='ocrx_word' id='word_1_911' title='bbox 219 5003 409 5061; x_wconf 90' lang='lat' dir='ltr'>atque</span> <span class='ocrx_word' id='word_1_912' title='bbox 432 4999 569 5050; x_wconf 76' lang='lat' dir='ltr'>exul</span> <span class='ocrx_word' id='word_1_913' title='bbox 590 5001 839 5064; x_wconf 71' lang='lat' dir='ltr'>intrant,</span> <span class='ocrx_word' id='word_1_914' title='bbox 856 5002 1082 5054; x_wconf 90' lang='lat' dir='ltr'>nullum</span> <span class='ocrx_word' id='word_1_915' title='bbox 1103 5004 1326 5056; x_wconf 86' lang='lat' dir='ltr'>habens</span> <span class='ocrx_word' id='word_1_916' title='bbox 1342 5005 1456 5057; x_wconf 90' lang='lat' dir='ltr'>nisi</span> <span class='ocrx_word' id='word_1_917' title='bbox 1473 5005 1544 5057; x_wconf 91' lang='lat' dir='ltr'>de</span> <span class='ocrx_word' id='word_1_918' title='bbox 1561 5018 1729 5069; x_wconf 86' lang='lat' dir='ltr'>gene-</span> 
     </span>
    </p>
   </div>
   <div class='ocr_carea' id='block_1_125' title="bbox 178 5169 1731 5239">
    <p class='ocr_par' dir='ltr' id='par_1_125' title="bbox 178 5169 1731 5239">
     <span class='ocr_line' id='line_1_125' title="bbox 178 5169 1731 5239; baseline 0.006 -20"><span class='ocrx_word' id='word_1_919' title='bbox 178 5178 197 5198; x_wconf 89' lang='grc'><strong>·</strong></span> <span class='ocrx_word' id='word_1_920' title='bbox 226 5169 561 5233; x_wconf 71' lang='lat' dir='ltr'>Legebatur</span> <span class='ocrx_word' id='word_1_921' title='bbox 594 5174 764 5222; x_wconf 86' lang='lat' dir='ltr'>antea</span> <span class='ocrx_word' id='word_1_922' title='bbox 803 5177 1094 5236; x_wconf 88' lang='lat' dir='ltr'>postquam</span> <span class='ocrx_word' id='word_1_923' title='bbox 1120 5173 1238 5223; x_wconf 87' lang='lat' dir='ltr'>illos</span> <span class='ocrx_word' id='word_1_924' title='bbox 1266 5174 1424 5237; x_wconf 86' lang='lat' dir='ltr'>ritus,</span> <span class='ocrx_word' id='word_1_925' title='bbox 1461 5178 1591 5239; x_wconf 84' lang='lat' dir='ltr'>etc.,</span> <span class='ocrx_word' id='word_1_926' title='bbox 1629 5181 1731 5228; x_wconf 91' lang='lat' dir='ltr'>aut</span> 
     </span>
    </p>
   </div>
   <div class='ocr_carea' id='block_1_126' title="bbox 102 5242 1419 5308">
    <p class='ocr_par' dir='ltr' id='par_1_126' title="bbox 102 5242 1419 5308">
     <span class='ocr_line' id='line_1_126' title="bbox 102 5242 1419 5308; baseline 0.004 -16"><span class='ocrx_word' id='word_1_927' title='bbox 102 5242 304 5305; x_wconf 91' lang='lat' dir='ltr'>nullo,</span> <span class='ocrx_word' id='word_1_928' title='bbox 333 5246 439 5292; x_wconf 91' lang='lat' dir='ltr'>aut</span> <span class='ocrx_word' id='word_1_929' title='bbox 461 5246 613 5293; x_wconf 87' lang='lat' dir='ltr'>certe</span> <span class='ocrx_word' id='word_1_930' title='bbox 643 5242 885 5293; x_wconf 89' lang='lat' dir='ltr'>nimium</span> <span class='ocrx_word' id='word_1_931' title='bbox 919 5245 1193 5308; x_wconf 90' lang='lat' dir='ltr'>impedito</span> <span class='ocrx_word' id='word_1_932' title='bbox 1225 5259 1419 5297; x_wconf 90' lang='lat' dir='ltr'>sensu.</span> 
     </span>
    </p>
   </div>
   <div class='ocr_carea' id='block_1_127' title="bbox 176 5313 1732 5383">
    <p class='ocr_par' dir='ltr' id='par_1_127' title="bbox 176 5313 1732 5383">
     <span class='ocr_line' id='line_1_127' title="bbox 176 5313 1732 5383; baseline 0.004 -20"><span class='ocrx_word' id='word_1_933' title='bbox 176 5313 199 5341; x_wconf 74' lang='grc' dir='ltr'>ι’</span> <span class='ocrx_word' id='word_1_934' title='bbox 225 5315 479 5364; x_wconf 90' lang='lat' dir='ltr'>Frustra</span> <span class='ocrx_word' id='word_1_935' title='bbox 500 5319 667 5365; x_wconf 89' lang='lat' dir='ltr'>vetus</span> <span class='ocrx_word' id='word_1_936' title='bbox 690 5314 1467 5382; x_wconf 80' lang='lat' dir='ltr'>Editorsupplerijubet,quis</span> <span class='ocrx_word' id='word_1_937' title='bbox 1480 5334 1732 5383; x_wconf 87' lang='lat' dir='ltr'>unquam</span> 
     </span>
    </p>
   </div>
   <div class='ocr_carea' id='block_1_128' title="bbox 98 5387 1733 5452">
    <p class='ocr_par' dir='ltr' id='par_1_128' title="bbox 98 5387 1733 5452">
     <span class='ocr_line' id='line_1_128' title="bbox 98 5387 1733 5452; baseline 0.004 -15"><span class='ocrx_word' id='word_1_938' title='bbox 98 5387 486 5450; x_wconf 71' lang='lat' dir='ltr'>existimaret,</span> <span class='ocrx_word' id='word_1_939' title='bbox 510 5390 599 5439; x_wconf 93' lang='lat' dir='ltr'>vel</span> <span class='ocrx_word' id='word_1_940' title='bbox 612 5390 793 5441; x_wconf 88' lang='lat' dir='ltr'>simile</span> <span class='ocrx_word' id='word_1_941' title='bbox 810 5387 1121 5452; x_wconf 87' lang='lat' dir='ltr'>quidpiam,</span> <span class='ocrx_word' id='word_1_942' title='bbox 1141 5402 1275 5439; x_wconf 91' lang='lat' dir='ltr'>cum</span> <span class='ocrx_word' id='word_1_943' title='bbox 1299 5390 1600 5442; x_wconf 87' lang='lat' dir='ltr'>manifesto</span> <span class='ocrx_word' id='word_1_944' title='bbox 1615 5392 1733 5443; x_wconf 89' lang='lat' dir='ltr'>iso-</span> 
     </span>
    </p>
   </div>
   <div class='ocr_carea' id='block_1_129' title="bbox 99 5459 1729 5527">
    <p class='ocr_par' dir='ltr' id='par_1_129' title="bbox 99 5459 1729 5527">
     <span class='ocr_line' id='line_1_129' title="bbox 99 5459 1729 5527; baseline 0.002 -17"><span class='ocrx_word' id='word_1_945' title='bbox 99 5460 293 5510; x_wconf 87' lang='lat' dir='ltr'>colon</span> <span class='ocrx_word' id='word_1_946' title='bbox 318 5470 556 5521; x_wconf 88' lang='lat' dir='ltr'>quoque</span> <span class='ocrx_word' id='word_1_947' title='bbox 578 5462 735 5513; x_wconf 88' lang='lat' dir='ltr'>istud</span> <span class='ocrx_word' id='word_1_948' title='bbox 759 5472 794 5512; x_wconf 87' lang='lat' dir='ltr'>a</span> <span class='ocrx_word' id='word_1_949' title='bbox 815 5459 1167 5524; x_wconf 64' lang='lat' dir='ltr'>praecedenti</span> <span class='ocrx_word' id='word_1_950' title='bbox 1190 5460 1305 5524; x_wconf 89' lang='lat' dir='ltr'>illo,</span> <span class='ocrx_word' id='word_1_951' title='bbox 1341 5462 1729 5527; x_wconf 85' lang='lat' dir='ltr'>credereturne,</span> 
     </span>
    </p>
   </div>
   <div class='ocr_carea' id='block_1_130' title="bbox 100 5535 397 5596">
    <p class='ocr_par' dir='ltr' id='par_1_130' title="bbox 100 5535 397 5596">
     <span class='ocr_line' id='line_1_130' title="bbox 100 5535 397 5596; baseline 0.003 -13"><span class='ocrx_word' id='word_1_952' title='bbox 100 5535 397 5596; x_wconf 50' lang='lat' dir='ltr'>pendeat</span> 
     </span>
    </p>
   </div>
   <div class='ocr_carea' id='block_1_131' title="bbox 170 5604 1734 5670">
    <p class='ocr_par' dir='ltr' id='par_1_131' title="bbox 170 5604 1734 5670">
     <span class='ocr_line' id='line_1_131' title="bbox 170 5604 1734 5670; baseline 0.001 -16"><span class='ocrx_word' id='word_1_953' title='bbox 170 5614 190 5633; x_wconf 88' lang='grc'><strong>·</strong></span> <span class='ocrx_word' id='word_1_954' title='bbox 218 5604 573 5667; x_wconf 87' lang='lat' dir='ltr'>Legendum</span> <span class='ocrx_word' id='word_1_955' title='bbox 619 5605 867 5666; x_wconf 79' lang='lat' dir='ltr'>servavit,</span> <span class='ocrx_word' id='word_1_956' title='bbox 907 5606 1062 5668; x_wconf 90' lang='lat' dir='ltr'>quod</span> <span class='ocrx_word' id='word_1_957' title='bbox 1086 5609 1143 5657; x_wconf 93' lang='lat' dir='ltr'>et</span> <span class='ocrx_word' id='word_1_958' title='bbox 1163 5607 1289 5658; x_wconf 88' lang='lat' dir='ltr'>libri</span> <span class='ocrx_word' id='word_1_959' title='bbox 1310 5605 1509 5670; x_wconf 90' lang='lat' dir='ltr'>reliqui</span> <span class='ocrx_word' id='word_1_960' title='bbox 1531 5605 1734 5669; x_wconf 67' lang='lat' dir='ltr'>praafe-</span> 
     </span>
    </p>
   </div>
   <div class='ocr_carea' id='block_1_132' title="bbox 94 5677 1734 5741">
    <p class='ocr_par' dir='ltr' id='par_1_132' title="bbox 94 5677 1734 5741">
     <span class='ocr_line' id='line_1_132' title="bbox 94 5677 1734 5741; baseline 0.001 -14"><span class='ocrx_word' id='word_1_961' title='bbox 94 5682 277 5741; x_wconf 88' lang='lat' dir='ltr'>runt,</span> <span class='ocrx_word' id='word_1_962' title='bbox 296 5680 361 5728; x_wconf 88' lang='lat' dir='ltr'>et</span> <span class='ocrx_word' id='word_1_963' title='bbox 383 5677 693 5728; x_wconf 63' lang='lat' dir='ltr'>Hebraeum</span> <span class='ocrx_word' id='word_1_964' title='bbox 706 5678 966 5730; x_wconf 63' lang='lat' dir='ltr'>verbumi</span> <span class='ocrx_word' id='word_1_965' title='bbox 976 5682 1099 5732; x_wconf 70' lang='lat' dir='ltr'>12w</span> <span class='ocrx_word' id='word_1_966' title='bbox 1113 5678 1417 5731; x_wconf 85' lang='lat' dir='ltr'>manifesto</span> <span class='ocrx_word' id='word_1_967' title='bbox 1428 5683 1606 5729; x_wconf 86' lang='lat' dir='ltr'>notat.</span> <span class='ocrx_word' id='word_1_968' title='bbox 1620 5680 1734 5730; x_wconf 89' lang='lat' dir='ltr'>Nec</span> 
     </span>
    </p>
   </div>
   <div class='ocr_carea' id='block_1_133' title="bbox 95 5748 1736 5815">
    <p class='ocr_par' dir='ltr' id='par_1_133' title="bbox 95 5748 1736 5815">
     <span class='ocr_line' id='line_1_133' title="bbox 95 5748 1736 5815; baseline -0.001 -13"><span class='ocrx_word' id='word_1_969' title='bbox 95 5755 325 5802; x_wconf 85' lang='lat' dir='ltr'>tamen</span> <span class='ocrx_word' id='word_1_970' title='bbox 357 5748 587 5801; x_wconf 88' lang='lat' dir='ltr'>videtur</span> <span class='ocrx_word' id='word_1_971' title='bbox 609 5750 820 5800; x_wconf 76' lang='lat' dir='ltr'>servivit</span> <span class='ocrx_word' id='word_1_972' title='bbox 837 5750 1108 5814; x_wconf 89' lang='lat' dir='ltr'>scriptum</span> <span class='ocrx_word' id='word_1_973' title='bbox 1130 5752 1256 5804; x_wconf 91' lang='lat' dir='ltr'>heic</span> <span class='ocrx_word' id='word_1_974' title='bbox 1284 5750 1438 5815; x_wconf 86' lang='lat' dir='ltr'>apud</span> <span class='ocrx_word' id='word_1_975' title='bbox 1462 5751 1736 5802; x_wconf 89' lang='lat' dir='ltr'>Nostrum</span> 
     </span>
    </p>
   </div>
   <div class='ocr_carea' id='block_1_134' title="bbox 90 5819 1736 5886">
    <p class='ocr_par' dir='ltr' id='par_1_134' title="bbox 90 5819 1736 5886">
     <span class='ocr_line' id='line_1_134' title="bbox 90 5819 1736 5886; baseline 0 -13"><span class='ocrx_word' id='word_1_976' title='bbox 90 5834 315 5874; x_wconf 86' lang='lat' dir='ltr'>errore</span> <span class='ocrx_word' id='word_1_977' title='bbox 350 5819 749 5873; x_wconf 84' lang='lat' dir='ltr'>librariorum:</span> <span class='ocrx_word' id='word_1_978' title='bbox 778 5822 859 5873; x_wconf 87' lang='lat' dir='ltr'>ita</span> <span class='ocrx_word' id='word_1_979' title='bbox 880 5823 1037 5875; x_wconf 88' lang='lat' dir='ltr'>enim</span> <span class='ocrx_word' id='word_1_980' title='bbox 1060 5825 1165 5877; x_wconf 87' lang='lat' dir='ltr'>abs</span> <span class='ocrx_word' id='word_1_981' title='bbox 1190 5838 1252 5876; x_wconf 90' lang='lat' dir='ltr'>se</span> <span class='ocrx_word' id='word_1_982' title='bbox 1274 5823 1505 5885; x_wconf 87' lang='lat' dir='ltr'>lectum,</span> <span class='ocrx_word' id='word_1_983' title='bbox 1530 5823 1652 5886; x_wconf 75' lang='lat' dir='ltr'>ipse</span> <span class='ocrx_word' id='word_1_984' title='bbox 1674 5822 1736 5873; x_wconf 89' lang='lat' dir='ltr'>in</span> 
     </span>
    </p>
   </div>
   <div class='ocr_carea' id='block_1_135' title="bbox 1836 4640 3429 4697">
    <p class='ocr_par' dir='ltr' id='par_1_135' title="bbox 1836 4640 3429 4697">
     <span class='ocr_line' id='line_1_135' title="bbox 1836 4640 3429 4697; baseline -0.007 0"><span class='ocrx_word' id='word_1_985' title='bbox 1836 4649 2033 4697; x_wconf 83' lang='lat' dir='ltr'>horror</span> <span class='ocrx_word' id='word_1_986' title='bbox 2047 4646 2294 4694; x_wconf 78' lang='lat' dir='ltr'>Israetem</span> <span class='ocrx_word' id='word_1_987' title='bbox 2322 4644 2537 4692; x_wconf 84' lang='lat' dir='ltr'>invasit.</span> <span class='ocrx_word' id='word_1_988' title='bbox 2557 4640 2993 4692; x_wconf 89' lang='lat' dir='ltr'>Videlicetenim</span> <span class='ocrx_word' id='word_1_989' title='bbox 3011 4640 3429 4690; x_wconf 88' lang='lat' dir='ltr'>timoremillico</span> 
     </span>
    </p>
   </div>
   <div class='ocr_carea' id='block_1_136' title="bbox 1833 4711 3432 4782">
    <p class='ocr_par' dir='ltr' id='par_1_136' title="bbox 1833 4711 3432 4782">
     <span class='ocr_line' id='line_1_136' title="bbox 1833 4711 3432 4782; baseline -0.008 -12"><span class='ocrx_word' id='word_1_990' title='bbox 1833 4716 2257 4782; x_wconf 89' lang='lat' dir='ltr'>superstitionis</span> <span class='ocrx_word' id='word_1_991' title='bbox 2270 4715 2668 4777; x_wconf 75' lang='lat' dir='ltr'>assumpsit,et</span> <span class='ocrx_word' id='word_1_992' title='bbox 2684 4711 2849 4775; x_wconf 89' lang='lat' dir='ltr'>quasi</span> <span class='ocrx_word' id='word_1_993' title='bbox 2862 4724 3063 4763; x_wconf 87' lang='lat' dir='ltr'>verum</span> <span class='ocrx_word' id='word_1_994' title='bbox 3078 4722 3289 4761; x_wconf 88' lang='lat' dir='ltr'>nomen</span> <span class='ocrx_word' id='word_1_995' title='bbox 3301 4711 3432 4758; x_wconf 77' lang='lat' dir='ltr'>exti-</span> 
     </span>
    </p>
   </div>
   <div class='ocr_carea' id='block_1_137' title="bbox 1830 4782 3429 4846">
    <p class='ocr_par' dir='ltr' id='par_1_137' title="bbox 1830 4782 3429 4846">
     <span class='ocr_line' id='line_1_137' title="bbox 1830 4782 3429 4846; baseline -0.007 -5"><span class='ocrx_word' id='word_1_996' title='bbox 1830 4792 1981 4841; x_wconf 88' lang='lat' dir='ltr'>muit</span> <span class='ocrx_word' id='word_1_997' title='bbox 2006 4804 2019 4839; x_wconf 87' lang='lat'><strong>:</strong></span> <span class='ocrx_word' id='word_1_998' title='bbox 2050 4790 2137 4839; x_wconf 89' lang='lat' dir='ltr'>vel</span> <span class='ocrx_word' id='word_1_999' title='bbox 2168 4791 2319 4837; x_wconf 90' lang='lat' dir='ltr'>certe</span> <span class='ocrx_word' id='word_1_1000' title='bbox 2341 4798 2475 4836; x_wconf 91' lang='lat' dir='ltr'>eum</span> <span class='ocrx_word' id='word_1_1001' title='bbox 2500 4785 2723 4835; x_wconf 85' lang='lat' dir='ltr'>colendi</span> <span class='ocrx_word' id='word_1_1002' title='bbox 2748 4786 3003 4846; x_wconf 89' lang='lat' dir='ltr'>suscepit</span> <span class='ocrx_word' id='word_1_1003' title='bbox 3024 4782 3311 4845; x_wconf 66' lang='lat' dir='ltr'>allectum,</span> <span class='ocrx_word' id='word_1_1004' title='bbox 3329 4792 3429 4844; x_wconf 90' lang='lat' dir='ltr'>per</span> 
     </span>
    </p>
   </div>
   <div class='ocr_carea' id='block_1_138' title="bbox 1832 4854 3428 4922">
    <p class='ocr_par' dir='ltr' id='par_1_138' title="bbox 1832 4854 3428 4922">
     <span class='ocr_line' id='line_1_138' title="bbox 1832 4854 3428 4922; baseline -0.006 -10"><span class='ocrx_word' id='word_1_1005' title='bbox 1832 4873 2000 4922; x_wconf 89' lang='lat' dir='ltr'>quem</span> <span class='ocrx_word' id='word_1_1006' title='bbox 2035 4864 2249 4911; x_wconf 66' lang='lat' dir='ltr'>interno</span> <span class='ocrx_word' id='word_1_1007' title='bbox 2292 4857 2471 4920; x_wconf 90' lang='lat' dir='ltr'>judici</span> <span class='ocrx_word' id='word_1_1008' title='bbox 2511 4859 2821 4907; x_wconf 88' lang='lat' dir='ltr'>mereretur</span> <span class='ocrx_word' id='word_1_1009' title='bbox 2842 4855 3078 4905; x_wconf 87' lang='lat' dir='ltr'>horreri.</span> <span class='ocrx_word' id='word_1_1010' title='bbox 3101 4856 3296 4916; x_wconf 88' lang='lat' dir='ltr'>Neque</span> <span class='ocrx_word' id='word_1_1011' title='bbox 3319 4854 3428 4902; x_wconf 91' lang='lat' dir='ltr'>hoc</span> 
     </span>
    </p>
   </div>
   <div class='ocr_carea' id='block_1_139' title="bbox 1830 4922 3420 4997">
    <p class='ocr_par' dir='ltr' id='par_1_139' title="bbox 1830 4922 3420 4997">
     <span class='ocr_line' id='line_1_139' title="bbox 1830 4922 3420 4997; baseline -0.006 -14"><span class='ocrx_word' id='word_1_1012' title='bbox 1830 4935 2191 4997; x_wconf 88' lang='lat' dir='ltr'>perpetrasse</span> <span class='ocrx_word' id='word_1_1013' title='bbox 2214 4932 2543 4990; x_wconf 87' lang='lat' dir='ltr'>contentus,</span> <span class='ocrx_word' id='word_1_1014' title='bbox 2564 4927 2690 4977; x_wconf 89' lang='lat' dir='ltr'>aliis</span> <span class='ocrx_word' id='word_1_1015' title='bbox 2703 4938 2931 4989; x_wconf 87' lang='lat' dir='ltr'>quoque</span> <span class='ocrx_word' id='word_1_1016' title='bbox 2950 4924 3262 4997; x_wconf 88' lang='lat' dir='ltr'>sacrilegiis</span> <span class='ocrx_word' id='word_1_1017' title='bbox 3276 4922 3420 4974; x_wconf 88' lang='lat' dir='ltr'>colla</span> 
     </span>
    </p>
   </div>
   <div class='ocr_carea' id='block_1_140' title="bbox 1834 4996 3428 5065">
    <p class='ocr_par' dir='ltr' id='par_1_140' title="bbox 1834 4996 3428 5065">
     <span class='ocr_line' id='line_1_140' title="bbox 1834 4996 3428 5065; baseline -0.005 -11"><span class='ocrx_word' id='word_1_1018' title='bbox 1834 5003 2123 5065; x_wconf 89' lang='lat' dir='ltr'>submisit,</span> <span class='ocrx_word' id='word_1_1019' title='bbox 2140 5005 2195 5052; x_wconf 88' lang='lat' dir='ltr'>et</span> <span class='ocrx_word' id='word_1_1020' title='bbox 2216 4998 2351 5050; x_wconf 66' lang='lat'>13.1.3.1</span> <span class='ocrx_word' id='word_1_1021' title='bbox 2370 4999 2638 5050; x_wconf 87' lang='lat' dir='ltr'>instituta</span> <span class='ocrx_word' id='word_1_1022' title='bbox 2660 4998 3016 5061; x_wconf 82' lang='lat' dir='ltr'>complexus,</span> <span class='ocrx_word' id='word_1_1023' title='bbox 3036 4996 3428 5048; x_wconf 87' lang='lat' dir='ltr'>calamitatum</span> 
     </span>
    </p>
   </div>
   <div class='ocr_carea' id='block_1_141' title="bbox 1835 5168 3427 5234">
    <p class='ocr_par' dir='ltr' id='par_1_141' title="bbox 1835 5168 3427 5234">
     <span class='ocr_line' id='line_1_141' title="bbox 1835 5168 3427 5234; baseline -0.007 -8"><span class='ocrx_word' id='word_1_1024' title='bbox 1835 5169 2588 5234; x_wconf 80' lang='lat' dir='ltr'>subnexalociexpositione</span> <span class='ocrx_word' id='word_1_1025' title='bbox 2601 5168 2943 5219; x_wconf 86' lang='lat' dir='ltr'>subindicat.</span> <span class='ocrx_word' id='word_1_1026' title='bbox 2961 5168 3243 5218; x_wconf 85' lang='lat' dir='ltr'>Servitutis</span> <span class='ocrx_word' id='word_1_1027' title='bbox 3258 5170 3427 5229; x_wconf 81' lang='lat' dir='ltr'>inquit</span> 
     </span>
    </p>
   </div>
   <div class='ocr_carea' id='block_1_142' title="bbox 1834 5239 3427 5310">
    <p class='ocr_par' dir='ltr' id='par_1_142' title="bbox 1834 5239 3427 5310">
     <span class='ocr_line' id='line_1_142' title="bbox 1834 5239 3427 5310; baseline -0.007 -12"><span class='ocrx_word' id='word_1_1028' title='bbox 1834 5252 1893 5299; x_wconf 92' lang='lat' dir='ltr'>et</span> <span class='ocrx_word' id='word_1_1029' title='bbox 1914 5246 2241 5310; x_wconf 83' lang='lat' dir='ltr'>nuptiarum</span> <span class='ocrx_word' id='word_1_1030' title='bbox 2253 5242 2529 5307; x_wconf 85' lang='lat' dir='ltr'>geminata</span> <span class='ocrx_word' id='word_1_1031' title='bbox 2544 5240 2781 5290; x_wconf 88' lang='lat' dir='ltr'>conditio</span> <span class='ocrx_word' id='word_1_1032' title='bbox 2805 5240 3014 5290; x_wconf 83' lang='lat' dir='ltr'>est.Hoc</span> <span class='ocrx_word' id='word_1_1033' title='bbox 3034 5244 3103 5286; x_wconf 81' lang='lat' dir='ltr'>est</span> <span class='ocrx_word' id='word_1_1034' title='bbox 3118 5239 3263 5286; x_wconf 86' lang='lat' dir='ltr'>enim</span> <span class='ocrx_word' id='word_1_1035' title='bbox 3280 5240 3427 5303; x_wconf 89' lang='lat' dir='ltr'>quod</span> 
     </span>
    </p>
   </div>
   <div class='ocr_carea' id='block_1_143' title="bbox 1833 5310 3432 5382">
    <p class='ocr_par' dir='ltr' id='par_1_143' title="bbox 1833 5310 3432 5382">
     <span class='ocr_line' id='line_1_143' title="bbox 1833 5310 3432 5382; baseline -0.008 -14"><span class='ocrx_word' id='word_1_1036' title='bbox 1833 5324 1930 5382; x_wconf 83' lang='lat' dir='ltr'>ait,</span> <span class='ocrx_word' id='word_1_1037' title='bbox 1948 5320 2009 5368; x_wconf 87' lang='lat' dir='ltr'>in</span> <span class='ocrx_word' id='word_1_1038' title='bbox 2034 5328 2212 5367; x_wconf 83' lang='lat' dir='ltr'>uxore</span> <span class='ocrx_word' id='word_1_1039' title='bbox 2230 5313 2481 5375; x_wconf 77' lang='lat' dir='ltr'>servivit,</span> <span class='ocrx_word' id='word_1_1040' title='bbox 2493 5312 2625 5361; x_wconf 84' lang='lat' dir='ltr'>idest</span> <span class='ocrx_word' id='word_1_1041' title='bbox 2646 5312 2889 5376; x_wconf 76' lang='lat' dir='ltr'>officium</span> <span class='ocrx_word' id='word_1_1042' title='bbox 2906 5310 3175 5374; x_wconf 87' lang='lat' dir='ltr'>pastorale</span> <span class='ocrx_word' id='word_1_1043' title='bbox 3199 5310 3432 5382; x_wconf 77' lang='lat' dir='ltr'>proim-</span> 
     </span>
    </p>
   </div>
   <div class='ocr_carea' id='block_1_144' title="bbox 1832 5380 3430 5454">
    <p class='ocr_par' dir='ltr' id='par_1_144' title="bbox 1832 5380 3430 5454">
     <span class='ocr_line' id='line_1_144' title="bbox 1832 5380 3430 5454; baseline -0.006 -16"><span class='ocrx_word' id='word_1_1044' title='bbox 1832 5380 2115 5454; x_wconf 82' lang='lat' dir='ltr'>petrandis</span> <span class='ocrx_word' id='word_1_1045' title='bbox 2128 5387 2355 5451; x_wconf 86' lang='lat' dir='ltr'>nuptiis,</span> <span class='ocrx_word' id='word_1_1046' title='bbox 2376 5385 2509 5434; x_wconf 65' lang='lat' dir='ltr'>sicut</span> <span class='ocrx_word' id='word_1_1047' title='bbox 2536 5384 2765 5432; x_wconf 86' lang='lat' dir='ltr'>historia</span> <span class='ocrx_word' id='word_1_1048' title='bbox 2780 5387 2971 5431; x_wconf 81' lang='lat' dir='ltr'>narrat</span> <span class='ocrx_word' id='word_1_1049' title='bbox 2994 5385 3250 5454; x_wconf 72' lang='lat' dir='ltr'>exercuit.</span> <span class='ocrx_word' id='word_1_1050' title='bbox 3268 5380 3430 5454; x_wconf 81' lang='lat' dir='ltr'>Quod</span> 
     </span>
    </p>
   </div>
   <div class='ocr_carea' id='block_1_145' title="bbox 1834 5452 3435 5520">
    <p class='ocr_par' dir='ltr' id='par_1_145' title="bbox 1834 5452 3435 5520">
     <span class='ocr_line' id='line_1_145' title="bbox 1834 5452 3435 5520; baseline -0.005 -9"><span class='ocrx_word' id='word_1_1051' title='bbox 1834 5452 2014 5511; x_wconf 79' lang='lat' dir='ltr'>autem</span> <span class='ocrx_word' id='word_1_1052' title='bbox 2046 5461 2144 5520; x_wconf 83' lang='lat' dir='ltr'>ait,</span> <span class='ocrx_word' id='word_1_1053' title='bbox 2175 5464 2233 5510; x_wconf 86' lang='lat' dir='ltr'>et</span> <span class='ocrx_word' id='word_1_1054' title='bbox 2267 5459 2329 5508; x_wconf 87' lang='lat' dir='ltr'>in</span> <span class='ocrx_word' id='word_1_1055' title='bbox 2360 5470 2541 5509; x_wconf 84' lang='lat' dir='ltr'>uxore</span> <span class='ocrx_word' id='word_1_1056' title='bbox 2580 5456 2825 5515; x_wconf 81' lang='lat' dir='ltr'>servivit,</span> <span class='ocrx_word' id='word_1_1057' title='bbox 2857 5454 3005 5516; x_wconf 84' lang='lat' dir='ltr'>idest,</span> <span class='ocrx_word' id='word_1_1058' title='bbox 3032 5452 3275 5517; x_wconf 85' lang='lat' dir='ltr'>conjugii</span> <span class='ocrx_word' id='word_1_1059' title='bbox 3300 5467 3435 5503; x_wconf 88' lang='lat' dir='ltr'>mer-</span> 
     </span>
    </p>
   </div>
   <div class='ocr_carea' id='block_1_146' title="bbox 1836 5526 3432 5596">
    <p class='ocr_par' dir='ltr' id='par_1_146' title="bbox 1836 5526 3432 5596">
     <span class='ocr_line' id='line_1_146' title="bbox 1836 5526 3432 5596; baseline -0.003 -14"><span class='ocrx_word' id='word_1_1060' title='bbox 1836 5532 1951 5582; x_wconf 86' lang='lat' dir='ltr'>cede</span> <span class='ocrx_word' id='word_1_1061' title='bbox 1972 5531 2266 5596; x_wconf 85' lang='lat' dir='ltr'>proposita,</span> <span class='ocrx_word' id='word_1_1062' title='bbox 2293 5543 2504 5593; x_wconf 86' lang='lat' dir='ltr'>gregem</span> <span class='ocrx_word' id='word_1_1063' title='bbox 2526 5528 2692 5577; x_wconf 85' lang='lat' dir='ltr'>soceri</span> <span class='ocrx_word' id='word_1_1064' title='bbox 2713 5526 3015 5575; x_wconf 80' lang='lat' dir='ltr'>custodiuit.</span> <span class='ocrx_word' id='word_1_1065' title='bbox 3032 5526 3282 5576; x_wconf 86' lang='lat' dir='ltr'>Tantum</span> <span class='ocrx_word' id='word_1_1066' title='bbox 3305 5539 3432 5589; x_wconf 84' lang='lat' dir='ltr'>pos-</span> 
     </span>
    </p>
   </div>
   <div class='ocr_carea' id='block_1_147' title="bbox 1836 5597 3429 5662">
    <p class='ocr_par' dir='ltr' id='par_1_147' title="bbox 1836 5597 3429 5662">
     <span class='ocr_line' id='line_1_147' title="bbox 1836 5597 3429 5662; baseline -0.003 -7"><span class='ocrx_word' id='word_1_1067' title='bbox 1836 5607 2084 5655; x_wconf 90' lang='lat' dir='ltr'>tremum</span> <span class='ocrx_word' id='word_1_1068' title='bbox 2105 5603 2213 5652; x_wconf 92' lang='lat' dir='ltr'>hoc</span> <span class='ocrx_word' id='word_1_1069' title='bbox 2236 5603 2472 5652; x_wconf 89' lang='lat' dir='ltr'>verbum</span> <span class='ocrx_word' id='word_1_1070' title='bbox 2496 5599 2776 5648; x_wconf 75' lang='lat' dir='ltr'>custodiuit</span> <span class='ocrx_word' id='word_1_1071' title='bbox 2793 5597 2946 5661; x_wconf 88' lang='lat' dir='ltr'>quod</span> <span class='ocrx_word' id='word_1_1072' title='bbox 2959 5597 3237 5647; x_wconf 76' lang='lat' dir='ltr'>Hebraico</span> <span class='ocrx_word' id='word_1_1073' title='bbox 3254 5599 3429 5662; x_wconf 65' lang='lat' dir='ltr'>173W,</span> 
     </span>
    </p>
   </div>
   <div class='ocr_carea' id='block_1_148' title="bbox 1833 5667 3431 5739">
    <p class='ocr_par' dir='ltr' id='par_1_148' title="bbox 1833 5667 3431 5739">
     <span class='ocr_line' id='line_1_148' title="bbox 1833 5667 3431 5739; baseline -0.004 -12"><span class='ocrx_word' id='word_1_1074' title='bbox 1833 5684 2007 5739; x_wconf 89' lang='lat' dir='ltr'>atque</span> <span class='ocrx_word' id='word_1_1075' title='bbox 2047 5674 2189 5726; x_wconf 87' lang='lat' dir='ltr'>adeo</span> <span class='ocrx_word' id='word_1_1076' title='bbox 2220 5672 2423 5723; x_wconf 87' lang='lat' dir='ltr'>Latino</span> <span class='ocrx_word' id='word_1_1077' title='bbox 2450 5671 2697 5730; x_wconf 76' lang='lat' dir='ltr'>servavit,</span> <span class='ocrx_word' id='word_1_1078' title='bbox 2723 5668 2949 5733; x_wconf 88' lang='lat' dir='ltr'>proprie</span> <span class='ocrx_word' id='word_1_1079' title='bbox 2968 5667 3294 5739; x_wconf 85' lang='lat' dir='ltr'>respondet,</span> <span class='ocrx_word' id='word_1_1080' title='bbox 3322 5670 3431 5720; x_wconf 93' lang='lat' dir='ltr'>du-</span> 
     </span>
    </p>
   </div>
   <div class='ocr_carea' id='block_1_149' title="bbox 1833 5737 3429 5809">
    <p class='ocr_par' dir='ltr' id='par_1_149' title="bbox 1833 5737 3429 5809">
     <span class='ocr_line' id='line_1_149' title="bbox 1833 5737 3429 5809; baseline -0.005 -9"><span class='ocrx_word' id='word_1_1081' title='bbox 1833 5737 1993 5800; x_wconf 78' lang='lat' dir='ltr'>bium</span> <span class='ocrx_word' id='word_1_1082' title='bbox 2024 5745 2315 5809; x_wconf 89' lang='lat' dir='ltr'>relinquit,</span> <span class='ocrx_word' id='word_1_1083' title='bbox 2348 5743 2440 5796; x_wconf 90' lang='lat' dir='ltr'>cui</span> <span class='ocrx_word' id='word_1_1084' title='bbox 2477 5742 2668 5795; x_wconf 87' lang='lat' dir='ltr'>verius</span> <span class='ocrx_word' id='word_1_1085' title='bbox 2702 5742 2777 5792; x_wconf 89' lang='lat' dir='ltr'>sit</span> <span class='ocrx_word' id='word_1_1086' title='bbox 2806 5740 3135 5804; x_wconf 59' lang='lat' dir='ltr'>depravata</span> <span class='ocrx_word' id='word_1_1087' title='bbox 3168 5737 3429 5792; x_wconf 85' lang='lat' dir='ltr'>lectionis</span> 
     </span>
    </p>
   </div>
   <div class='ocr_carea' id='block_1_150' title="bbox 1834 5814 2348 5883">
    <p class='ocr_par' dir='ltr' id='par_1_150' title="bbox 1834 5814 2348 5883">
     <span class='ocr_line' id='line_1_150' title="bbox 1834 5814 2348 5883; baseline -0.004 -12"><span class='ocrx_word' id='word_1_1088' title='bbox 1834 5820 2002 5883; x_wconf 87' lang='lat' dir='ltr'>culpa</span> <span class='ocrx_word' id='word_1_1089' title='bbox 2026 5814 2348 5870; x_wconf 86' lang='lat' dir='ltr'>tribuenda.</span> 
     </span>
    </p>
   </div>
  </div>
