3880 6222
457 276 596 333 1027
1521 275 1786 327 RUFINO
1824 275 2274 327 PRESBYTERO
2299 275 2686 327 ASCRIPTUS
3694 266 3803 319 101$

454 389 627 441 etiam
637 386 1047 461 experimenta
1077 384 1384 461 persensit,
1404 396 1593 449 neque
1616 386 1795 461 ullum
1817 390 2039 461 studium
2062 392 2117 461 Α
2142 386 2243 434 sibi
2257 385 2378 434 deos
2388 386 2717 461 novos,si_cut
2723 398 2925 449 panem
2941 382 3505 461 liordeaceumguos
3519 376 3803 461 nesciet-ast

452 457 869 510 emendationis
884 469 1210 519 assumens,
1235 469 1306 507 ex
1329 455 1555 507 illorum
1571 457 1770 520 ruinis,
1785 458 1882 521 qui
1904 460 2042 507 varia
2062 452 2117 461 ”
2156 462 2336 520 patres
2359 471 2545 504 eorum
2584 456 2753 521 (Deut.
2788 457 2903 518 22.).
2931 455 3113 503 Juxta
3134 454 3275 500 enim
3315 462 3566 521 pascua
3587 462 3693 495 sua
3727 452 3799 497 ad-

454 530 710 581 hostium
738 528 1066 591 inruptione
1092 533 1442 589 corruerant,
1472 526 1561 579 vel
1591 541 1741 591 cum,
1770 531 1889 579 Deo
1935 529 2063 579 vin-
2162 528 2365 589 impleti
2406 532 2551 586 sunt,
2589 520 2687 587 ait,
2733 532 2777 574 et
2810 524 3049 575 saturati
3081 527 3230 583 sunt,
3280 526 3329 568 et
3362 520 3801 591 levaveruntcer

446 586 1139 662 dicante,ipsumidolum
1153 611 1285 648 cum
1306 586 2058 649 suis-cultoribusdelabatur:
2159 586 2339 658 suum,
2365 603 2407 645 et
2437 596 2585 644 obliti
2617 586 2744 643 sunt
2776 597 2897 645 mei.
2923 596 3111 655 Quam
3154 596 3575 655 peccatorum
3615 588 3797 638 seriem
3850 586 3851 647 ξ

444 670 639 722 nullus
668 674 877 729 tamen,
898 669 1102 731 inquit,
1130 669 1190 718 in
1221 670 1349 719 istis
1367 669 1606 719 excitari
1624 670 1811 732 potuit
1843 683 2063 719 corrtc~
2158 668 2286 718 ideo
2304 667 2601 729 praemisit,
2626 666 2979 717 utultionem
2994 676 3169 727 quam
3185 662 3491 732 illaturus
3512 667 3697 732 esset.
3714 675 3794 708 ωε
3850 694 3851 705 ς

452 741 891 793 tionisaliectus.
936 729 1040 788 Sed
1072 729 1241 800 nunc,
1268 741 1472 801 inquit,
1498 729 1828 787 addiderunt
1854 743 2061 803 attpcc-
2158 750 2427 802 passxoue
2470 740 2763 787 incitatam
2800 735 3152 795 ostenderet,
3183 729 3382 799 469
3418 730 3540 780 sed
3586 731 3793 792 justiti:

449 813 708 873 cundum,
753 811 1096 872 feceruntque
1135 809 1237 857 sibi
1272 809 1539 872 con/latite
1583 808 1644 856 de
1686 816 1906 871 argento
1934 826 2054 870 suo,
2157 815 2214 859 et
2237 815 2452 858 ratione
2476 809 2778 858 munitam.
2814 806 3084 869 Sequitur
3112 804 3296 865 enim,

446 883 604 948 quasi
627 881 1052 929 similitudinem
1076 880 1381 929 idolorum:
1406 892 1525 929 non
1548 879 1751 941 utique
1783 882 1936 941 quod
1951 892 2059 940 post
2219 880 2378 929 Vers.
2417 878 2466 931 7.
2502 877 2553 932 8.
2590 904 2650 915 -
2678 878 2747 926 Et
2769 892 2857 948 ero
2885 879 2960 924 cis
2998 876 3158 948 quasi
3181 874 3382 948 laena,
3419 872 3584 919 sicut
3597 872 3790 934 pardus

445 944 704 1017 tempora
726 951 927 1002 Achab
953 950 1269 1001 vitulorum
1284 950 1563 1012 cmperint
1577 951 1884 998 simulachra
1900 966 2056 999 veue-
2155 949 2216 998 in
2240 950 2329 997 via
2359 949 2728 1011 Assyriorum.
2766 947 3056 996 Occurram
3068 946 3143 993 eis
3157 944 3331 1008 quasi
3342 957 3525 1003 ursa,
3540 944 3712 1004 raptis
3724 958 3791 989 ca-

444 1026 577 1086 rari,
603 1023 703 1074 sed
733 1021 886 1084 quod
912 1033 995 1084 ea,
1020 1033 1151 1084 qum
1177 1034 1284 1071 nec
1309 1024 1439 1083 post
1461 1021 1900 1083 castigationem
1924 1021 2052 1072 reli-
2156 1021 2297 1080 tutis,
2324 1025 2367 1068 et
2388 1017 3148 1083 erumpaminteriorajecoris
3159 1028 3387 1073 eorum,
3402 1020 3457 1061 et
3471 1027 3786 1086 consumam

445 1083 712 1159 querunt,
739 1083 1348 1143 addidissedicantur.
1383 1094 1515 1154 Ipsa
1540 1093 1694 1141 enim
1717 1092 2049 1158 profanitas,
2152 1106 2235 1140 eos
2257 1091 2348 1155 ibi,
2373 1091 2531 1154 quasi
2567 1090 2664 1153 leo,
2689 1089 2853 1138 bestia
2886 1089 3010 1152 agri
3031 1088 3239 1136 scindet
3266 1101 3385 1159 eos.
3407 1087 3539 1159 Eas
3574 1083 3786 1159 calami-

441 1156 878 1216 nisirebellibus
904 1162 1110 1212 studiis
1134 1166 1469 1224 augeretur,
1483 1175 1588 1212 nec
1605 1166 1799 1225 posset
1814 1156 2052 1212 essecon-l
2152 1165 2316 1224 tates,
2352 1174 2497 1225 quas
2531 1166 2652 1212 erat
2690 1161 2920 1212 illatura
2960 1160 3226 1210 hostium
3254 1156 3611 1214 barbaries,
3637 1156 3779 1204 dicet

2142 1234 2381 1296 jubente
2406 1245 2487 1294 se,
2507 1243 2634 1283 esse
2656 1233 3085 1293 etcontingere:
3112 1236 3225 1280 nec
3238 1228 3633 1290 dedignatur
3647 1238 3781 1276 com-

2148 1305 2523 1355 monitionem
2537 1314 2700 1352 suam
2714 1302 2908 1352 ferinis
2924 1300 3290 1363 imaginibus
3317 1297 3658 1361 explicare,
3673 1312 3777 1356 quas

2148 1378 2203 1424 et
2248 1374 2375 1434 scit,
2419 1373 2551 1424 licet
2582 1385 2701 1423 non
2740 1377 2967 1422 naturae
3009 1382 3133 1421 suae
3182 1371 3548 1430 sententiae,
3604 1372 3776 1417 tamen

2146 1444 2551 1495 damnatorum
2600 1442 2851 1494 miserim
2890 1440 3226 1493 convenire.
3292 1440 3635 1502 Eleganter
3691 1451 3775 1488 au-

2146 1521 2261 1567 tem
2285 1528 2418 1566 cum
2440 1516 2588 1565 inter
2598 1514 2828 1565 leonum
2841 1513 3057 1575 hiatus,
3073 1523 3289 1561 ursum
3304 1522 3562 1573 quoque
3574 1511 3775 1572 posuis

2153 1593 2259 1650 set,
2286 1588 2565 1638 feritatem
2577 1588 2701 1649 ejus
2726 1584 2974 1635 stimulis
3001 1581 3268 1633 orbitatis
3296 1581 3570 1643 exaruit,
3582 1578 3772 1630 necubi

2152 1658 2497 1722 comparatio
2520 1656 2677 1707 illata
2721 1655 3118 1705 decresceret:
3168 1652 3334 1701 Sicut
3374 1666 3538 1711 ursa,
3581 1652 3769 1713 inquit,

2072 1748 2127 1822 B
2152 1731 2322 1795 raptis
2352 1729 2559 1822 catulis.
2590 1728 2657 1822 Et
2688 1724 3301 1822 diruaipamgnterior:
3576 1736 3765 1822 corsa,

2152 1802 2245 1822 ..ηε
2276 1801 2434 1822 ...λης
2486 1813 2510 1822 Α
2539 1800 2618 1822 ἒηΛ
2670 1798 2794 1822 nth
2825 1798 2836 1822 ἱ
2866 1808 3000 1822 ιιιενη
3051 1807 3214 1822 nnnm
3285 1806 3458 1822 Iamn
3512 1806 3585 1822 ιιι
3692 1804 3762 1822 sm

438 1803 519 1854 ita
542 1806 685 1853 tetas
728 1799 901 1861 longa
936 1798 1257 1850 detexerit:
1304 1797 1362 1848 id
1396 1800 1501 1858 est,
1541 1798 1880 1849 numinibus
1904 1812 2048 1863 gen-
2072 1793 2127 1822 "
2148 1793 2251 1865 qui
2274 1813 2366 1851 me
2385 1799 2648 1852 videlicet
2669 1798 2954 1848 similibus
2972 1796 3216 1847 affecere
3240 1793 3606 1856 dispendiis.
3626 1794 3763 1865 iNam

440 1876 604 1935 tium,
637 1883 756 1922 non
799 1871 925 1921 dico
952 1873 1317 1933 potestatem,
1344 1868 1445 1919 sed
1468 1881 1575 1918 nec
1600 1868 1842 1919 formam
1868 1871 2044 1924 ullam
2147 1864 2279 1924 cum
2295 1884 2399 1935 ego
2411 1872 2563 1921 hunc
2575 1867 3242 1933 populummihiinfllios
3254 1864 3763 1915 multasedulitate

438 1945 647 2005 inesse,
672 1941 788 1992 nisi
812 1940 833 1968 ι’
856 1953 987 1991 cum
1012 1952 1223 1990 manus
1265 1939 1537 2002 opificum
1575 1939 1814 2001 fingenti
1848 1939 2047 2002 ignara
2143 1944 2466 2005 formarem,
2497 1942 2782 2003 cordaque
2798 1951 2995 1991 eorum
3011 1937 3180 2001 quasi
3202 1935 3537 1987 lambendo
3552 1946 3763 1998 compo-

442 2014 758 2073 tribuisset,
783 2012 1059 2075 profanus
1086 2014 1277 2061 tamen
1300 2008 1548 2073 populus
1578 2009 1885 2059 ariolorum
1905 2015 2042 2060 voci-
2142 2027 2355 2077 nerem,
2373 2016 2469 2063 isti
2496 2025 2605 2073 me,
2631 2024 2748 2062 non
2772 2012 2957 2060 solum
2976 2009 3213 2072 optatis,
3240 2007 3355 2057 sed
3381 2006 3567 2057 etiam
3593 2008 3759 2057 elabo-

443 2086 551 2135 bus
562 2083 802 2133 libenter
817 2083 1125 2143 auscultat,
1142 2080 1413 2130 nimirum
1428 2080 1863 2142 imperantibus,
1888 2089 1952 2131 ut
1970 2081 2044 2132 vi-
2141 2086 2276 2135 ratis
2295 2086 2545 2146 l‘mtibus,
2558 2084 2928 2144 orbaverunt,
2944 2093 3013 2131 ea
3028 2078 3309 2132 videlicet
3326 2077 3557 2128 scelera
3573 2089 3758 2140 perpe-

443 2154 578 2206 tulis
594 2154 810 2205 ratione
826 2164 1121 2215 sensuque
1132 2152 1460 2201 carentibus
1474 2150 1796 2212 supplic-ent
1814 2155 2041 2200 homines
2142 2155 2361 2216 trando,
2392 2166 2524 2217 quae
2546 2153 2850 2217 perniciem
2874 2151 3050 2202 totius
3086 2156 3285 2213 genus
3313 2152 3646 2211 exigerent.

441 2238 674 2290 precum
696 2236 763 2275 ac
788 2224 1155 2275 victimarum
1179 2222 1469 2271 oblatione
1492 2220 1835 2271 famulantes
1862 2237 1874 2271 :
2205 2227 2361 2276 Vers.
2416 2224 2579 2278 9.-11.
2614 2251 2673 2260 -
2712 2223 2949 2271 Pcrditio
2995 2228 3112 2280 tua,
3138 2220 3349 2269 Israel:
3381 2218 3753 2267 tantummodo

500 2299 657 2347 Vers.
678 2292 729 2348 3.
754 2321 813 2329 —
848 2294 1053 2342 Idcirco
1082 2297 1241 2341 erunt
1274 2292 1437 2355 quasi
1464 2291 1626 2338 nubes
1668 2293 1966 2355 matutinae,
1993 2299 2040 2342 et
2137 2296 2197 2344 in
2218 2296 2589 2344 meauacilium
2611 2301 2784 2343 tuum.
2811 2293 2907 2341 Ubi
2930 2292 3299 2341 cstrextuus?
3336 2292 3596 2339 Maxime
3620 2305 3752 2337 nunc

432 2367 568 2416 sicut
615 2379 705 2415 ros
745 2365 1053 2413 matutinus
1083 2364 1408 2425 praeteriens,
1433 2362 1569 2409 sicut
1602 2362 1780 2423 pulvis
1805 2362 2038 2411 turbinis
2136 2367 2296 2416 solvet
2327 2373 2388 2427 te,
2415 2369 2477 2415 in
2521 2365 2772 2415 omnibus
2813 2364 3033 2412 urbibus
3064 2363 3205 2411 tuis:
3250 2367 3300 2410 et
3340 2362 3565 2426 judices
3596 2360 3752 2409 [uide

434 2448 450 2467 ‘
466 2442 677 2501 raptus,
693 2442 738 2485 et
754 2436 889 2484 sicut
898 2434 1088 2496 fumus
1105 2433 1165 2481 de
1176 2432 1440 2495 fumaria.
1460 2435 1641 2495 Supra
1655 2432 2033 2496 dixerat,quod
2135 2438 2331 2502 quibus
2346 2438 2557 2496 dixisti,
2596 2437 2679 2484 Da
2701 2435 2843 2483 mihi
2867 2448 3044 2498 regem
3082 2439 3129 2481 et
3146 2433 3461 2496 principes.
3488 2432 3643 2481 Dabo
3669 2432 3751 2479 tibi

437 2509 674 2574 sanguis
699 2508 822 2571 ejus
844 2518 1016 2569 super
1032 2509 1205 2567 caput
1222 2503 1376 2553 illius
1401 2508 1574 2566 esset,
1599 2506 2033 2568 etopprobrium
2132 2524 2307 2571 regem
2333 2510 2389 2557 in
2414 2510 2600 2570 furore
2632 2521 2763 2565 meo,
2790 2512 2836 2553 ct
2857 2506 3111 2567 auferam
3134 2506 3195 2553 in
3210 2504 3611 2567 indignatione
3622 2518 3746 2551 mea.

434 2582 563 2645 ejus
583 2580 982 2631 restitueretur
1017 2575 1145 2638 ipsi,
1182 2579 1418 2645 etnunc
1437 2574 1604 2645 idem
1630 2577 1914 2640 repetivit,
1944 2576 2032 2627 vel
2131 2580 2448 2640 Quaastioni
2493 2582 2810 2641 opportuna
2856 2576 3164 2637 sententia,
3202 2580 3260 2625 et
3286 2587 3474 2637 quam
3500 2588 3621 2626 non
3644 2574 3745 2624 nisi

435 2644 755 2704 execrando
767 2644 1262 2708 cumulavit,quod
1275 2644 1546 2707 quoniam
1558 2649 1833 2697 extremm
1847 2662 1897 2693 se
1914 2650 2033 2695 stul-
2130 2651 2358 2713 pietatis
2384 2660 2584 2700 norma
2607 2647 2902 2699 dissolvat.
2919 2649 3004 2697 Ex
3026 2658 3274 2710 persona
3291 2649 3455 2696 enim
3480 2648 3589 2697 Dei
3612 2646 3743 2696 dici-

434 2723 576 2776 titiw
590 2719 1005 2777 subdidissent,
1027 2716 1306 2767 honorem
1328 2714 1593 2767 videlicet
1616 2717 1714 2767 Dei
1731 2718 1804 2767 ad
1815 2720 2028 2766 simula-
2130 2726 2242 2783 tur,
2255 2720 2491 2770 Pcrditio
2509 2725 2619 2777 tua,
2645 2718 2821 2779 Israel,
2850 2717 3231 2767 tantummodo
3258 2718 3322 2765 in
3350 2731 3436 2765 me
3459 2717 3738 2765 auxilium

436 2794 572 2846 chra
588 2789 875 2856 pecudum
899 2786 1382 2850 transferendo,et
1398 2786 1523 2850 ipsa
1546 2787 1626 2838 ita
1652 2787 1839 2839 viliter
1851 2788 2028 2852 dispe—
2128 2796 2301 2841 tuum.
2328 2791 2505 2854 Atqui
2528 2794 2664 2840 tunc
2675 2793 2761 2839 est
2776 2788 3206 2839 lidellumcerta
3226 2788 3515 2846 defensio,
3532 2800 3670 2839 eum
3692 2789 3737 2835 in

434 2866 632 2927 rirent,
656 2865 723 2913 ut
745 2861 1037 2921 fumus,ut
1059 2858 1270 2922 pulvis,
1296 2861 1485 2920 utros,
1510 2862 1577 2909 ut
1596 2859 2027 2910 nebulaamatu-
2125 2863 2245 2913 Deo
2279 2860 2629 2913 liberationis
2661 2859 2869 2910 fiducia
2895 2859 3001 2923 (At.
3034 2859 3281 2921 fiduciae]
3314 2858 3655 2910 collocatur.
3679 2860 3736 2909 Et

427 2937 569 2989 time
592 2932 729 2985 solis
752 2931 929 2982 radiis
954 2932 1383 2980 consumantur.
2124 2934 2233 2983 hoc
2261 2937 2368 2996 est,
2394 2932 2547 2996 quod
2570 2933 2631 2983 in
2652 2931 2963 2995 profanatis
2991 2929 3189 2994 populi
3228 2930 3496 2981 moribus
3529 2933 3732 2981 beatus

489 3009 649 3058 Vers.
673 3003 722 3057 4.
746 3030 805 3039 -
829 3002 943 3065 Ego
974 3006 1155 3049 autem
1176 3000 1444 3048 Dominus
1481 2999 1621 3048 Deus
1651 3006 1775 3049 tuus
1801 2998 1823 3028 ⁴
1854 3000 2022 3049 eduxi
2120 3005 2395 3068 propheta
2414 3017 2516 3067 per
2539 3007 2727 3054 totum
2757 3001 3031 3054 volumen
3063 3007 3323 3061 accusat,
3362 3002 3500 3064 quia
3530 3015 3655 3052 non
3677 3002 3727 3051 in

424 3086 471 3128 te
512 3077 574 3126 de
610 3081 754 3124 terra
785 3072 1010 3136 τεθυριί
1042 3086 1055 3122 :
1094 3075 1141 3120 ct
1185 3071 1358 3119 Deum
1390 3069 1586 3134 absque
1618 3085 1700 3119 me
1735 3071 1947 3131 nescies,
1973 3077 2019 3120 et
2051 3106 2095 3138 η
2121 3077 2343 3138 Dei,sed
2367 3076 2698 3127 infavorum
2712 3073 3171 3138 propugnatione
3190 3072 3580 3123 conﬁderent.
3606 3076 3730 3127 Quo-

420 3148 656 3199 salvator
692 3159 804 3194 ηοη
827 3149 899 3192 est
927 3147 1120 3205 praeter
1142 3156 1241 3190 mc.
1274 3143 1495 3192 Horum
1525 3153 1801 3193 versuum
1834 3146 1922 3194 est
1944 3143 2017 3193 ad
2050 3143 2099 3181 υ
2118 3148 2291 3199 modo
2312 3161 2469 3199 nunc
2492 3160 2647 3211 ergo,
2666 3147 2832 3210 quasi
2857 3146 3059 3196 ordine
3082 3146 3466 3198 commutato,
3484 3146 3729 3191 manifes-

441 1236 620 1287 tinua.
646 1236 900 1294 Factum,
936 1232 1141 1296 inquit,
1178 1234 1454 1295 artiﬁcum
1487 1238 1658 1281 totum
1692 1238 1792 1283 est:
1834 1235 1918 1282 his
1941 1235 2048 1297 ipsi

440 1307 647 1366 dicunt,
680 1305 960 1354 Immolate
994 1303 1237 1352 homines
1269 1302 1459 1352 vitulos
1483 1303 1775 1351 adorantes
1817 1307 1919 1352 Hoc
1945 1320 2047 1354 non

444 1376 566 1427 sine
597 1375 813 1426 ratione
838 1374 1124 1436 repetivit,
1151 1377 1274 1424 toto
1285 1375 1405 1435 jam
1422 1372 2047 1441 volumineventilatum,

443 1447 544 1499 sed
566 1449 633 1499 ut
653 1447 814 1496 ﬂeret
829 1456 1038 1495 sensus
1063 1444 1376 1502 ejusmodi:
1412 1444 1554 1505 Quia
1569 1443 1711 1495 levi'
1740 1457 1941 1495 rerum
1953 1452 2045 1495 etsi

440 1518 667 1570 novitas
678 1517 905 1567 incauta
928 1511 1105 1581 468
1139 1514 1419 1577 conciliet,
1441 1527 1603 1565 mora
1620 1519 1815 1566 tamen
1830 1518 2048 1567 exami-

439 1593 614 1641 nante
658 1587 909 1651 profecto
949 1590 1261 1657 vilescunt,
1295 1597 1403 1635 nec
1430 1587 1709 1657 continua
1733 1587 2048 1657 veneratio,

440 1660 654 1712 nisihis
667 1670 799 1722 quas
822 1656 996 1708 certis
1017 1657 1235 1720 pollent
1255 1657 1604 1719 insignibus,
1624 1655 1945 1708 exhibetur.
1962 1655 2054 1710 Hic

440 1738 634 1784 autem
666 1741 800 1780 cum
831 1728 1106 1779 vilitatem
1131 1732 1187 1778 et
1210 1727 1528 1779 vanitatem
1555 1727 1764 1790 operis,
1789 1732 1855 1778 ut
1881 1730 2046 1789 ratio,

2050 3106 2099 3181 C

422 3219 716 3283 superiora
735 3219 1036 3275 contexus,
1054 3217 1121 3263 ut
1135 3212 1238 3263 ﬂat
1260 3225 1470 3263 sensus
1493 3212 1780 3275 ejusmodi
1797 3229 1809 3263 :
1824 3215 1965 3264 Cum
1981 3226 2017 3266 θ.

2114 3224 2231 3270 tam
2253 3218 2695 3271 Israelinunciat
2713 3216 3046 3280 impendere
3061 3216 3399 3279 perniciem,
3416 3214 3577 3276 quod
3604 3218 3724 3278 ejus

2113 3291 2268 3342 salus
2292 3293 2349 3341 in
2375 3290 2553 3342 solius
2576 3290 2680 3340 Dei
2695 3290 2908 3341 virtute
2933 3290 3327 3340 consisteret?
3351 3288 3730 3339 Animadver-

423 3289 743 3343 cervicibus
767 3286 1097 3349 tuisjugum
1108 3284 1390 3347 Egyptiaa
1415 3283 1824 3335 dominationis
1836 3298 2013 3337 excu-

424 3364 618 3419 terem,
642 3360 1116 3422 majestatemque
1143 3367 1333 3406 meam
1357 3355 1630 3415 fmliciter,
1654 3368 1787 3405 cum
1804 3359 2012 3408 manci-

421 3430 653 3495 pareris,
680 3427 1004 3479 illustribus
1035 3425 1147 3476 illis
1169 3426 1460 3477 miraculis
1483 3426 1825 3488 intimarem,
1853 3427 2010 3481 istud

420 3511 649 3563 quoque
669 3498 935 3549 absoluta
960 3509 1097 3547 voce
1120 3496 1409 3557 constitui,
1431 3500 1491 3545 ut
1506 3508 1650 3558 gens
1675 3510 1801 3547 meo
1831 3499 2009 3549 cultui

420 3565 1054 3633 semperintenta,nulli
1066 3578 1324 3627 unquam
1348 3566 1443 3615 alii
1470 3568 1635 3627 quasi
1650 3568 1768 3617 Deo
1790 3570 2007 3621 subde-

418 3641 578 3701 reris,
604 3638 739 3700 quia
760 3650 867 3687 nec
896 3635 1182 3686 invenires
1209 3635 1474 3696 alterum,
1506 3635 1606 3697 qui
1622 3637 1724 3687 tibi
1755 3646 2009 3698 pnustaret

419 3710 685 3768 salutem,
717 3706 852 3769 quia
868 3710 1005 3756 tunc
1017 3705 1303 3756 videbaris
1314 3705 1613 3756 elementis
1624 3711 2007 3763 servientibus

419 3780 597 3831 fuisse
620 3778 901 3839 colligata.

479 3851 644 3900 Vere.
682 3845 733 3899 5.
768 3873 825 3882 —-
856 3845 903 3894 E
905 3858 969 3907 go
994 3845 1215 3907 cognovi
1238 3850 1282 3893 te
1306 3844 1367 3893 in
1383 3845 1599 3911 deserto,
1625 3848 1687 3897 in
1711 3853 1855 3898 terra
1876 3851 2005 3901 soli-

416 3920 641 3969 tudinis.
672 3917 778 3969 Sed
805 3916 941 3980 quid
961 3927 1117 3966 nunc
1140 3915 1478 3980 ego,inquit,
1490 3917 1562 3968 ad
1581 3919 1876 3985 sacrilegia
1901 3929 2004 3988 tua,

415 3992 582 4055 quasi
605 4000 760 4042 nova
781 3998 1167 4046 commovear,
1186 3999 1319 4037 cum
1337 3988 1399 4038 in
1425 3988 1521 4040 illo
1540 3990 1663 4054 ipso
1694 3994 2005 4045 liberationis

414 4067 533 4113 tum
558 4065 827 4124 tempore,
849 4057 1021 4109 talem
1041 4061 1115 4120 te,
1133 4058 1321 4120 qualis
1334 4070 1491 4111 nunc
1511 4060 1812 4127 detegeris,
1838 4064 1895 4115 id
1912 4076 2001 4126 est,

413 4132 706 4195 ingratum
726 4135 785 4183 et
807 4128 1292 4181 contumeliosum
1315 4142 1539 4195 semper
1564 4133 1673 4182 sim
1697 4141 2004 4198 expertus?

413 4202 575 4265 Quod
601 4206 812 4265 autem,
845 4202 907 4249 in
938 4205 1083 4248 terra
1119 4200 1448 4264 solitudinis,
1483 4202 1729 4266 adjicere
1761 4209 2001 4270 curavit,

412 4273 553 4324 illud
587 4273 789 4336 utique
824 4270 1004 4325 voluit
1035 4271 1291 4335 intelligi,
1324 4273 1459 4335 quia
1487 4286 1607 4325 non
1648 4288 1747 4327 eos
1780 4290 2004 4341 semper

406 4346 673 4409 exempla
693 4342 1072 4407 corruperint:
1092 4343 1559 4406 quandoquidem
1583 4349 1640 4396 et
1661 4346 1846 4398 inillis
1870 4350 2002 4400 deli-

411 4417 641 4478 querint
670 4414 828 4477 locis,
867 4416 930 4465 in
966 4413 1179 4476 quibus
1222 4414 1413 4466 nullos
1449 4427 1598 4479 quos
1641 4417 2003 4472 imitarentur

408 4486 756 4538 habuerunt.

471 4560 630 4609 Vers.
648 4556 699 4611 6.
716 4556 965 4605 —Jua:ta
995 4570 1203 4619 pascua
1234 4570 1338 4604 sua
1361 4556 1642 4621 adimpleti
1665 4564 1809 4620 sunt,
1834 4567 1879 4611 et
1906 4577 2001 4611 sa-

408 4628 576 4676 turati
598 4632 725 4676 sunt
745 4633 789 4674 et
823 4626 1127 4674 levaverunt
1155 4640 1240 4675 cor
1266 4641 1447 4686 suum,
1472 4633 1517 4675 et
1541 4627 1687 4677 obliti
1714 4637 1839 4678 sunt
1874 4633 2002 4684 mei.

406 4699 548 4749 Cum
576 4696 871 4770 beneﬂciis
894 4695 1272 4770 meis,inquit,
1288 4709 1651 4761 nequaquam
1674 4699 2001 4770 devotione,

406 4772 681 4818 caeterum
703 4766 1069 4829 improbitate
1091 4780 1233 4829 gens
1252 4771 1373 4819 tota
1384 4771 1658 4834 certabat,
1679 4773 1831 4833 quod
1848 4783 1899 4822 ut
1923 4766 1999 4823 fa;

405 4837 511 4889 cile
554 4835 806 4899 clareret,
840 4835 953 4886 illis
985 4838 1339 4900 temporibus
1363 4839 1535 4890 etiam
1560 4841 1670 4892 ista
1692 4848 1998 4907 connectit,

405 4912 465 4959 et
489 4920 589 4971 per
628 4907 973 4959 invectionis
1013 4912 1288 4980 tenorem,
1332 4910 1406 4961 ad
1437 4918 1800 4975 praesentem,
1828 4927 1863 4966 a
1885 4930 2000 4980 qua

406 4991 649 5030 exorsus
679 4983 799 5029 erat
821 4979 1061 5031 recurrit
1091 4984 1341 5042 aetatem,
1365 4983 1520 5032 brevi
1542 4987 1731 5035 tamen
1748 4979 1997 5036 transcur-

405 5049 567 5100 sione
607 5050 908 5113 sermonis,
955 5049 1107 5100 illius
1154 5064 1384 5113 quoque
1418 5055 1721 5105 sententiae
1745 5056 1995 5110 inferens

404 5121 777 5183 mentionem,
813 5133 943 5185 qua:
975 5121 1036 5171 in
1072 5123 1497 5173 Deuteronomii
1537 5126 1789 5188 Cantico,
1830 5131 1995 5182 beato

404 5193 598 5255 Moyse
633 5191 1039 5255 denunciante,
1057 5191 1240 5242 fuerat
1269 5199 1505 5255 prolata,
1537 5195 1596 5245 id
1619 5203 1725 5259 est,
1755 5200 1995 5251 Saliatus

397 5267 485 5327 est,
511 5270 555 5312 et
593 5264 990 5328 impinguatus,
1014 5269 1061 5313 ‘ct
1089 5264 1388 5313 calcitravit
1417 5264 1658 5328 dilectus,
1704 5274 1763 5317 ut
1795 5271 1992 5331 faceret

461 5413 479 5434 ⁵
502 5404 795 5457 Admonet
826 5410 997 5459 vetus
1014 5405 1226 5470 Editor,
1241 5404 1536 5470 aliquanto
1556 5410 1762 5462 melius
1785 5425 1992 5477 regen-

396 5476 537 5527 dum
566 5477 765 5526 levitati
800 5493 812 5528 :
838 5481 961 5529 tum
986 5478 1165 5530 verbo
1193 5478 1433 5527 conciliet
1464 5481 1728 5532 subnecti
1747 5476 1911 5547 jubet
1933 5494 1991 5541 et

396 5547 667 5611 suppleri,
690 5548 931 5613 gratiam
952 5549 1326 5614 reverentiam,
1352 5550 1443 5602 vel
1468 5551 1763 5618 quidpiam
1788 5557 1919 5609 tale.

457 5616 479 5646 ⁵
508 5617 661 5670 Idem
687 5620 1139 5677 rescribendum,
1164 5636 1352 5677 quam.
1378 5628 1590 5677 monet.

461 5636 479 5646 -
508 5636 661 5670 luem
687 5636 1139 5687 rescribendum,
1164 5636 1352 5687 quam,
1378 5636 1590 5677 monet.

461 5689 679 5772 Lanter-
705 5696 773 5772 et
793 5691 925 5755 plus
942 5692 1183 5772 habent
1210 5695 1655 5772 Hieronymiana
1675 5702 1733 5752 et
1754 5700 1986 5766 Vulgat.

398 5753 590 5807 editio.
611 5753 820 5811 turbine
828 5768 1018 5826 raptus
1031 5778 1101 5815 eas
1114 5780 1245 5817 arca
1262 5781 1276 5819 :
1289 5753 1497 5831 quibus
1510 5772 1570 5822 et
1582 5753 1984 5837 Hebrtnusipse

2114 3363 2286 3413 tenda
2308 3364 2482 3426 igitur
2504 3360 2598 3413 illa
2623 3362 2931 3423 distinctio,
2960 3372 3095 3423 qum
3120 3360 3179 3409 id
3203 3359 3360 3422 quod
3378 3358 3721 3421 ambiguum

2110 3436 2437 3497 putabatur,
2459 3433 2735 3484 illustrat:
2764 3444 2884 3484 non
2907 3433 3066 3482 enim
3077 3432 3175 3481 hic
3189 3430 3388 3481 irridet
3410 3429 3594 3480 tidem
3613 3429 3721 3493 ple-

2110 3506 2216 3567 bis,
2242 3506 2303 3555 in
2326 3505 2448 3556 sola
2468 3504 2567 3555 Dei
2590 3504 2843 3568 potentia
2867 3513 3031 3565 spem
3058 3501 3151 3552 sui
3167 3501 3364 3564 gaudii
3387 3501 3721 3564 reponenti:

2110 3570 2281 3638 (quod
2306 3578 2523 3639 utique,
2537 3584 2554 3603 '
2569 3588 2670 3625 cur
2692 3587 2807 3624 non
2830 3573 3084 3634 fecisset,
3104 3573 3443 3634 offenderat)
3469 3572 3574 3621 sed
3593 3583 3722 3634 pro-

2105 3648 2405 3698 nunciavit
2417 3648 2641 3697 tantum
2652 3644 2981 3708 impendere
2996 3642 3320 3707 plagarum,
3347 3648 3412 3692 ut
3434 3642 3716 3692 auxilium

2104 3718 2249 3769 ferre
2258 3718 2369 3768 nisi
2385 3718 2583 3769 divina
2595 3716 2806 3768 virtute
2822 3714 2946 3765 sola
2956 3726 3074 3764 non
3110 3718 3313 3776 possit.
3329 3714 3499 3776 Ergo,
3520 3713 3715 3762 immi-

2103 3794 2221 3852 net,
2246 3790 2345 3849 ait,
2364 3788 2601 3853 Pcrditio
2626 3792 2722 3835 tua
2744 3785 2933 3835 Israel:
2953 3785 3338 3833 tantummodo
3366 3784 3429 3831 in
3452 3798 3534 3831 me
3555 3785 3715 3832 auxi-

2104 3856 2241 3908 lium
2261 3866 2433 3908 tuum.
2450 3859 2613 3921 Quod
2637 3859 2687 3908 si
2709 3856 3012 3921 diligenter
3039 3855 3396 3915 consideres,
3412 3866 3531 3905 non
3545 3858 3713 3902 solum

2100 3945 2220 3993 non
2236 3933 2503 3995 absurde,
2518 3931 2616 3982 sed
2630 3930 2803 3981 etiam
2822 3926 3113 3979 moraliter
3128 3931 3190 3978 et
3205 3928 3276 3977 de
3302 3939 3414 3976 usu
3432 3931 3713 3978 sermonis

2100 4004 2341 4056 humani
2390 4004 2614 4055 videbis
2654 4000 2894 4051 illatum.
2927 4000 3069 4050 Inde
3113 4004 3229 4069 est,
3256 3998 3431 4062 enim,
3473 4003 3631 4061 quod
3667 4017 3711 4069 si

2102 4076 2329 4139 quando
2353 4073 2441 4126 vel
2452 4073 2825 4138 gravimorbo
2849 4069 3124 4133 aliquem,
3143 4068 3237 4121 vel
3261 4068 3608 4132 desperabili
3620 4068 3711 4125 ca...

2101 4147 2355 4198 lamitate
2372 4158 2709 4210 oppressum
2722 4143 3058 4201 viderimus,
3075 4154 3241 4204 spem
3254 4142 3383 4202 ejus
3396 4142 3459 4191 in
3471 4144 3594 4194 Deo
3606 4158 3707 4193 esse

2102 4220 2385 4270 dicimus:
2412 4232 2530 4270 non
2566 4218 2764 4280 utique
2799 4219 3013 4265 mentis
3039 4214 3317 4277 cilicium,
3344 4214 3450 4265 sed
3482 4217 3703 4279 pondus

2102 4290 2296 4349 cladis,
2317 4302 2449 4353 quae
2470 4289 2765 4352 deprimat,
2789 4287 3135 4337 indicantes.
3159 4285 3495 4337 lndubitata
3514 4286 3700 4351 igitur.

2100 4365 2304 4425 inquit,
2337 4361 2578 4425 perlitio
2615 4364 2667 4411 te
2694 4356 3170 4421 comprehendet,
3201 4360 3261 4406 et
3298 4357 3371 4407 de
3396 4369 3515 4419 qua
3538 4370 3699 4409 nemo

2098 4433 2212 4483 nisi
2237 4432 2613 4495 Omnipotens
2641 4432 2824 4494 possit
2845 4439 3046 4481 eruere
3072 4439 3287 4490 :quem
3301 4428 3581 4490 quoniam
3609 4430 3699 4481 tibi

2021 4517 2079 4590 D
2100 4503 2739 4590 infensumcriminibus
2751 4499 3375 4590 redditi-istilsuperSSt,
3392 4503 3543 4590 ira!)
3554 4504 3700 4549 exilio

2100 4576 2355 4627 inhiante
2386 4574 2640 4638 rapiaris.
2668 4576 2848 4635 Quem
2875 4583 3137 4634 sensum,
3164 4577 3233 4622 ut
3255 4571 3471 4622 faceret
3493 4570 3698 4634 lucere,

2100 4647 2342 4711 subjecit
2368 4663 2378 4694 :
2413 4646 2509 4695 Ubi
2532 4651 2603 4695 est
2630 4660 2728 4695 rea:
2756 4645 2921 4693 tuus?
2949 4644 3198 4691 maxime
3226 4657 3376 4691 nunc
3399 4643 3560 4691 sulcet
3576 4652 3623 4691 te
3642 4646 3695 4692 in

2097 4718 2347 4776 omnibus
2572 4715 2791 4765 urbibus
2815 4715 2923 4764 tuis
2941 4729 2957 4761 :
2995 4718 3043 4761 et
3058 4713 3273 4777 judices
3297 4714 3400 4777 tui,
3421 4714 3486 4762 de
3508 4714 3697 4779 quibus

2097 4788 2306 4849 dixisti,
2331 4788 2415 4836 Da
2438 4788 2580 4837 mihi
2614 4801 2787 4850 regem
2810 4790 2856 4834 et
2872 4785 3171 4848 principes.
3201 4784 3536 4835 Secundum
3560 4797 3695 4837 con-
3717 4819 3724 4826 -

2096 4860 2462 4910 suetudinem
2483 4856 2895 4922 prophetalem,
2919 4854 3085 4907 illum
3100 4867 3331 4919 quoque
3354 4855 3591 4920 populis
3606 4869 3695 4907 ex-

2093 4931 2296 4993 probat
2352 4941 2619 4989 errorem,
2677 4940 2851 4991 quem
2895 4927 3237 4978 recedentes
3283 4939 3318 4978 a
3363 4928 3695 4979 sacerdotali

2092 4999 2404 5063 republica,
2428 5000 2757 5063 inappetitu
2771 4999 2942 5062 regis,
2976 4998 3328 5049 habuerunt.
3361 5000 3514 5049 Eum
3528 5001 3694 5062 siqui-

2092 5070 2244 5133 dem,
2279 5073 2554 5133 quoniam
2588 5073 2657 5122 de
2684 5071 3001 5122 vicinarum
3030 5071 3299 5134 gentium
3329 5070 3693 5123 aemulatione

2091 5145 2514 5205 contraxerant,
2534 5143 2708 5193 rebus
2737 5138 2885 5191 male
2906 5140 3276 5199 cadentibus,
3302 5141 3545 5192 consilia
3559 5156 3693 5205 quo-

2089 5223 2219 5275 que,
2267 5224 2397 5275 quae
2423 5216 2853 5276 praecesserant,
2898 5221 3243 5275 arguuntur,
3275 5225 3342 5263 ac
3379 5213 3429 5263 si
3452 5216 3689 5265 diceret:

2090 5283 2271 5334 Vetus
2298 5283 2395 5334 tibi
2420 5288 2511 5334 est
2543 5284 2656 5335 ista
2682 5283 2990 5347 dementia,
3002 5288 3072 5335 ut
3095 5283 3389 5350 videlicet,
3415 5285 3616 5338 melius
3640 5291 3689 5338 te

2087 5426 2284 5476 textus
2309 5427 2611 5478 consentit.

2150 5494 2369 5547 ‘Verba
2394 5498 2563 5546 eduxi
2578 5503 2639 5559 te,
2678 5509 2867 5560 neque
2897 5497 3255 5552 Hebraicum
3280 5502 3577 5568 exemplar
3594 5498 3680 5552 ha-

2084 5567 2201 5632 bet,
2225 5581 2333 5620 nec
2360 5568 2642 5633 Vulgatus
2674 5570 2981 5634 Interpres,
3004 5583 3117 5625 nec
3140 5570 3404 5639 denique
3427 5567 3682 5637 Hierony-

2082 5639 2260 5692 miani
2282 5640 2501 5705 aliquot
2522 5643 2660 5694 Mss.
2685 5641 2831 5694 libri.

2145 5718 2164 5741 '
2197 5711 2398 5766 Melius
2433 5712 2546 5777 legi
2561 5716 2728 5768 vetus
2757 5713 2953 5768 Editor
2973 5720 3164 5782 putat,
3192 5733 3324 5770 cum
3341 5737 3456 5773 non
3481 5722 3675 5785 fecisset.
