3880 6222
57 297 173 351 )‘29

939 296 1011 346 IN
1046 294 1286 346 OSEAM
1320 293 1901 347 COMMENTARIUS.
1939 294 2147 346 LIBER
2192 295 2511 350 TERTIUS.

3251 306 3391 363 1030

58 413 152 472 bi,
174 421 393 475 quam
418 421 513 482 me
527 413 695 482 putes
719 408 1218 482 passe_consuiere
1230 422 1243 457 :
1270 407 1341 482 de
1369 406 1548 482 cujus
1567 406 1690 470 opi—
1707 410 1763 482 Α
1780 405 1987 482 opibus
1998 406 2250 482 Assyriis
2264 415 2618 482 urgerentur,
2631 416 2690 464 et
2701 412 2901 464 urbem
2912 411 3099 466 hostis
3114 417 3350 468 obsidion
3362 437 3391 471 e-

57 484 241 534 ionis
270 481 544 533 exordio.
565 480 848 543 principes
871 479 973 529 tibi
997 478 1123 529 dari
1150 478 1224 529 ad
1248 476 1689 528 similitudinem

57 554 430 617 aliquarum
446 551 709 615 gentium
720 549 1046 613 postulasti.
1067 550 1109 599 N
1120 562 1231 600 unc
1253 560 1387 612 ergo
1416 550 1693 595 consulen-

61 638 124 677 ω
156 630 299 675 tuae
330 624 563 674 fructus
587 625 877 684 appareat,
919 624 977 670 et
1006 624 1208 670 contra
1235 619 1695 681 indignationem

57 709 239 748 team
253 707 494 758 ,regum
508 697 561 744 te
574 691 1115 743 tueaturindustria.
1137 690 1433 741 Debebant
1451 692 1695 736 nimirum

61 778 261 818 ocere
295 771 382 829 te,
407 764 547 828 quid
564 765 783 826 prosint
811 766 1128 825 potestates
1145 762 1282 812 istae
1308 762 1422 811 tuis
1439 760 1697 829 ambitio.

62 840 227 889 ibus
254 836 563 900 expetitas.
587 835 691 885 Sed
703 839 1065 884 transeamus
1078 835 1216 883 adre
1239 831 1418 893 liqua.
1438 831 1584 878 Dabo
1602 828 1696 878 tibi

57 923 227 971 egem
263 908 338 954 in
363 906 558 969 furore
582 918 715 962 meo,
741 908 785 950 et
804 902 940 962 aufc
953 916 1073 950 ram
1087 902 1146 949 in
1158 900 1541 964 indignatione
1556 913 1692 971 mea,

57 970 317 1037 Quidam
348 986 367 1005 ·
397 987 595 1039 regem
618 974 679 1024 in
702 973 892 1024 furore
920 972 1127 1022 datum
1149 970 1582 1033 Jeroboam,qui
1606 982 1696 1021 se-

57 1049 348 1101 iarandis
375 1047 643 1099 tribubus
657 1048 859 1095 auctor
880 1043 1449 1105 fuerit,acceperunt:
1474 1044 1694 1090 ablatum

68 1134 187 1172 oro
216 1117 655 1181 indignatione,
675 1115 839 1177 Osee,
867 1115 979 1165 sub
1004 1126 1120 1176 quo
1172 1118 1268 1164 est
1290 1114 1460 1163 Israel
1493 1115 1695 1175 captus

57 1190 491 1243 ntellexerunt
515 1187 661 1251 [An-1.
686 1184 1063 1248 intelligitur].
1082 1184 1124 1243 Q
1138 1195 1213 1234 uo
1229 1183 1264 1233 d
1289 1184 1542 1246 quidem,
1565 1181 1699 1239 licet

57 1264 242 1313 ossit
275 1259 531 1322 admitti,
560 1256 1059 1320 tamen,quoniam
1078 1254 1203 1305 sub
1224 1254 1401 1305 futuri
1417 1255 1693 1317 temporis

57 1331 511 1387 ironunciatur,
541 1332 857 1389 utrumque
897 1327 1184 1390 signavit,
1214 1324 1274 1375 id
1296 1329 1406 1387 est,
1432 1324 1579 1374 Dabo
1599 1323 1694 1375 tibi

60 1418 253 1468 egem,
286 1407 339 1451 et
365 1400 637 1462 auferam,
651 1398 811 1449 intell
832 1397 910 1461 igi
935 1396 1223 1448 sententia
1236 1399 1428 1468 potest
1438 1394 1693 1468 habiliori

58 1466 437 1538 ompendio,
470 1476 535 1522 ut
554 1468 875 1521 auferendu
897 1481 926 1519 s
951 1467 1227 1519 nimirum
1263 1466 1514 1538 Israelita
1538 1466 1692 1528 prin-

57 1537 211 1609 :eps’,
240 1542 488 1596 dandus
521 1553 656 1592 vero
680 1539 1107 1604 pronuncietur
1131 1537 1422 1609 Assyrius.

102 1607 418 1679 Denique,
432 1625 504 1666 ex
518 1623 677 1663 more
690 1608 1027 1674 prophetali,
1050 1613 1184 1672 post
1199 1607 1690 1659 condemnationis

57 1688 379 1746 tarcinam,
406 1696 539 1748 quae
552 1683 758 1735 fuisset
780 1688 907 1744 ejus
931 1692 1167 1739 caussa,
1191 1679 1469 1743 subjecit:
1510 1679 1693 1741 [Vers.

1796 476 2114 552 clausisset,
2146 477 2225 552 ita
2252 479 2528 540 pernicies
2550 482 2903 543 imminebat,
2931 486 2995 534 ut
3013 484 3135 546 jam
3153 487 3392 552 jamque

1795 547 2086 599 videretur
2110 548 2351 599 miseros
2372 555 2655 603 voratura.
2688 553 2797 603 Sed
2821 555 3097 616 quoniam
3120 547 3384 611 divinum

1793 618 2075 669 auxilium
2100 619 2279 681 justis
2316 619 2574 681 precibus
2600 623 2998 687 impetrarunt,
3043 627 3222 679 edidit
3244 629 3387 681 illud

1793 688 2008 753 grande
2025 690 2447 751 miraculum,et
2462 696 2695 742 centum
2707 694 2994 756 octoginta
3007 697 3262 749 millibus
3278 702 3391 750 As-

1795 760 2079 832 syriorum
2112 759 2331 832 Angelo
2376 760 2605 832 feriente
2629 763 2847 826 deletis,
2870 765 3128 817 liberatio
3152 769 3260 832 piis
3286 784 3390 822 vo-

1793 831 2268 893 tivaresplenduit
2285 846 2297 881 :
2313 830 2635 882 secundum
2645 832 2783 883 illud
2796 837 2942 897 quod
2959 830 3211 890 carmina
3221 848 3391 890 sancta

1795 901 2214 965 praecinuerant
2230 917 2245 950 :
2264 902 2364 950 Iste
2376 916 2587 965 pauper
2601 902 2869 965 clamavit,
2881 911 2926 952 et
2937 907 3205 959 Dominus
3218 925 3390 960 exau-

1795 971 1925 1019 divit
1967 987 2107 1045 eum,
2145 979 2193 1045 et
2225 987 2292 1020 ea:
2320 972 2575 1045 omnibus
2604 973 3038 1045 tribulationibus
3059 978 3171 1041 ejus
3192 983 3392 1045 eripuit

1792 1055 1915 1089 eum
1959 1055 1971 1091 :
2009 1042 2257 1091 immittet
2291 1042 2520 1106 Angelos
2542 1044 2810 1091 Dominus
2833 1044 2893 1092 in
2932 1046 3161 1097 circuitu
3192 1042 3390 1100 timen-

1793 1111 1932 1159 tium
1954 1126 2095 1175 eum,
2113 1118 2160 1161 et
2181 1114 2368 1176 eripiet
2402 1127 2487 1162 eos
2512 1113 2672 1177 (I’sal.
2697 1112 2806 1175 35).
2833 1115 2985 1165 Mors
3008 1116 3201 1179 itaque
3223 1126 3280 1171 et
3301 1122 3391 1171 in-

1793 1181 2007 1240 fernus,
2032 1194 2136 1233 rex
2160 1183 2434 1247 Assyrius
2456 1188 2515 1235 et
2538 1188 2696 1235 totus
2712 1187 2759 1248 ej
2770 1184 3394 1248 usappellaturexerci-

1793 1257 1906 1317 tus,
1919 1265 2093 1316 quem
2114 1266 2177 1305 se
2186 1254 2577 1306 extincturum
2588 1255 2782 1306 divina
2796 1257 3082 1308 sententia
3093 1261 3358 1319 pollicetur
3378 1277 3393 1310 :

1792 1324 2209 1387 prmmissoque
2226 1325 2448 1389 fragore
2467 1326 2758 1387 vindicta,
2784 1338 2858 1377 ex
2883 1339 2989 1378 suo
3016 1340 3175 1380 more
3196 1331 3395 1383 subdit

1790 1407 2077 1455 caussam,
2095 1407 2229 1458 qum
2252 1396 2717 1460 indignationem
2740 1398 2899 1465 illam
2918 1400 3182 1451 moverit.
3201 1402 3397 1452 Conso-

1792 1467 1941 1528 latio,
1972 1466 2191 1536 rinquit,
2227 1466 2538 1516 abscondita
2574 1474 2644 1517 est
2667 1468 2733 1517 ab
2756 1468 2922 1517 oculis
2946 1471 3097 1529 meis,
3123 1472 3259 1535 quia
3282 1473 3395 1536 ipse

1788 1535 1931 1584 inter
1950 1535 2147 1597 fratres
2171 1536 2385 1588 dividit.
2413 1537 2691 1589 Habitum
2725 1542 2781 1590 et
2805 1539 2984 1591 verba
3019 1538 3273 1605 lugentis
3295 1535 3399 1594 as-

1795 1606 2025 1663 sumsit,
2052 1612 2113 1657 ut
2135 1607 2359 1671 Assyrii
2383 1608 2599 1659 crimen
2619 1613 2871 1672 augeret,
2895 1615 2954 1661 et
2982 1613 3150 1673 quasi
3173 1624 3247 1663 ex
3263 1626 3395 1677 per-

1795 1688 1939 1728 sona
1964 1678 2150 1741 Judae,
2176 1678 2363 1741 magis
2395 1678 2467 1728 de
2493 1678 2698 1741 fratris,
2741 1679 2799 1729 id
2831 1683 2935 1743 est,
2987 1682 3398 1748 Israelitarum,

57 1757 171 1822 ἀλ]
202 1756 486 1836 Colligata
522 1752 893 1843 estliniquitas
927 1751 1194 1815 Effraim,
1228 1749 1601 1843 absconditum
1621 1762 1693 1829 est
1711 1770 1765 1843 B
1795 1760 1939 1810 quos
1962 1748 2022 1828 in
2045 1748 2439 1843 captivitatem
2462 1750 2845 1843 Sennacherib
2858 1750 3118 1843 duxlerat,
3140 1765 3321 1843 quam
3335 1757 3397 1803 de

57 1820 351 1878 saccatum
375 1826 489 1890 ejus
529 1841 541 1877 :
566 1824 623 1875 id
641 1829 748 1881 est,
774 1821 987 1873 scelera
1014 1833 1153 1885 quae
1180 1820 1379 1871 multis
1422 1820 1694 1883 tempori-

57 1913 172 1952 ous
198 1896 586 1965 perpetravit,
609 1900 674 1946 ut
696 1893 886 1945 nullis
905 1897 1100 1944 essent
1114 1892 1455 1965 interpolata
1470 1891 1670 1965 virtuti
1684 1919 1699 1928 -

58 1964 336 2035 bus,sed
351 1971 585 2021 funereo
596 1965 888 2017 cumulata
906 1977 1200 2028 processu,
1217 1964 1382 2027 quasi
1398 1964 1507 2014 sub
1526 1966 1699 2024 aliquo

57 2042 366 2095 custodita
377 2037 692 2103 signaculo,
716 2038 774 2087 in
796 2035 1081 2087 memoria
1090 2035 1303 2098 judicis
1320 2036 1653 2083 constiterunt
1683 2054 1696 2089 ε

57 2125 291 2173 eorum,
329 2110 569 2176 inquam
605 2105 1099 2159 remunerationeb
1128 2104 1447 2169 perfectum
1488 2109 1597 2167 est,
1629 2108 1695 2156 ut

57 2185 304 2238 amissis
329 2179 972 2243 libertatisinsignibus,
998 2177 1264 2229 servituti
1301 2176 1699 2228 atrocissima

57 2255 481 2316 subderentur,
496 2254 553 2303 et
578 2263 676 2303 eos
700 2260 718 2280 °
745 2248 969 2300 dolores
1005 2247 1696 2321 angoresquegsentirent,

57 2340 219 2391 quos
249 2325 508 2376 fteminai
542 2324 728 2374 solent
750 2321 812 2372 in
832 2320 1115 2385 partubus
1137 2318 1406 2383 experiri.

142 2399 318 2448 Vers.
346 2395 432 2449 13.
458 2423 517 2431 -
533 2394 650 2457 Ipse
666 2393 814 2455 ﬁlius
842 2405 951 2439 non
974 2391 1214 2454 sapiens,
1243 2404 1393 2439 nunc
1417 2389 1565 2439 enim
1583 2404 1697 2439 non

61 2469 231 2519 stabit
249 2466 647 2518 in‘contritione
668 2464 928 2528 ﬁliorum.
951 2462 1082 2513 Jam
1106 2467 1163 2513 et
1177 2460 1573 2525 supraiisdem
1610 2475 1703 2508 co-

63 2541 299 2591 loribus
326 2537 660 2602 disputavit,
679 2535 834 2598 quod
855 2533 1195 2598 patefactam
1223 2531 1532 2584 stultitiam
1550 2536 1701 2580 Israe-

64 2611 145 2661 lis
171 2606 931 2663 adversorumattestatione
952 2605 1228 2669 signaret,
1254 2608 1436 2667 atque
1464 2602 1703 2654 merito—

69 2694 209 2731 rum
261 2679 619 2738 deformitas,
654 2688 788 2740 qum
817 2674 1151 2739 aliquandiu
1175 2674 1286 2724 sub
1311 2673 1700 2737 prosperitate

70 2752 370 2815 latuisset,
386 2750 662 2801 aerumnis
677 2748 913 2799 demum
921 2744 1365 2809 coarguentibus
1380 2746 1701 2804 panderetur

76 2825 237 2887 Ergo
260 2835 391 2874 esse
418 2826 475 2873 te
495 2821 695 2884 illium,
726 2822 784 2870 et
801 2831 919 2869 non
938 2817 961 2847 δ
984 2818 1303 2882 sapientem
1340 2815 1507 2880 gravi
1531 2816 1705 2867 testi-

77 2895 285 2946 monio
318 2891 889 2958 comprobatur,quia
908 2889 970 2940 in
994 2902 1060 2940 eo
1087 2892 1347 2952 tempore
1374 2899 1488 2950 quo
1516 2887 1703 2940 hostis

80 2966 312 3030 irrupit,
334 2975 704 3032 nequaquam
720 2966 872 3013 stare
892 2961 1173 3012 meruisti.
1199 2962 1268 3011 Et
1282 2959 1560 3032 quoniam
1578 2963 1702 3009 stul-

86 3037 234 3088 titiae
272 3036 518 3099 nomine,
567 3033 1024 3096 prophanitatem
1078 3032 1333 3093 notabat,
1377 3032 1472 3082 cui
1494 3031 1699 3085 decem

86 3109 321 3171 Tribus,
352 3108 501 3157 sicut
530 3106 602 3157 ab
628 3104 865 3157 exordio
898 3102 1216 3156 voluminis
1247 3103 1454 3166 arguit,
1489 3106 1611 3154 toto
1637 3116 1698 3155 se

1796 1819 2022 1882 propria
2062 1818 2385 1870 calamitate
2422 1819 2664 1883 solliciti,
2691 1820 2829 1872 dicit
2857 1821 3053 1873 oculos
3088 1836 3227 1874 suos
3251 1824 3396 1876 adeo

1793 1888 2090 1941 maduisse
2111 1890 2442 1954 lachrymis,
2462 1895 2527 1941 ut
2548 1890 3257 1957 consolationemrecipere
3275 1908 3395 1947 non

1796 1961 2071 2021 valerent,
2099 1960 2255 2023 quod
2292 1966 2349 2012 et
2381 1973 2484 2012 rex
2508 1963 2789 2025 superbus
2823 1964 2997 2026 atque
3031 1967 3396 2018 truculentus

1799 2034 2019 2082 tristem
2044 2032 2194 2082 inter
2215 2031 2419 2082 fratres
2437 2032 2853 2095 separationem
2871 2037 3322 2100 essetoperatus,
3334 2037 3395 2088 in

1798 2102 2187 2165 captivitatem
2202 2101 2468 2154 videlicet
2477 2102 2677 2154 decem
2686 2103 2890 2154 Tribus
2906 2103 2977 2155 ad
2993 2105 3287 2168 regionem
3298 2112 3399 2157 Me-

1799 2172 1911 2223 ἀίω
1955 2172 2371 2224 transferendo.
2410 2173 2516 2224 Ubi
2547 2185 2685 2224 sane
2720 2173 2967 2237 diligens
2990 2178 3197 2238 poterit
3219 2180 3397 2230 lector

1796 2242 2101 2307 inquirere,
2127 2256 2228 2294 cur
2249 2244 2377 2295 hac
2409 2242 2576 2294 Judae
2598 2243 2789 2305 tribui,
2818 2256 2951 2307 qum
2975 2245 3392 2299 discessionem

1797 2314 1983 2365 fratris
2004 2314 2217 2378 lugeat,
2242 2314 2601 2365 adscribatur
2619 2315 2860 2379 affectio,
2879 2327 3013 2367 cum
3030 2330 3205 2380 supra
3219 2318 3291 2370 de
3304 2331 3394 2371 eo-

1800 2386 1932 2436 dem
1956 2386 2186 2448 negotio
2210 2384 2489 2449 propheta
2501 2384 2764 2449 loquens,
2780 2386 3138 2450 impietatem
3148 2390 3199 2440 ei
3210 2404 3397 2450 expro-

1798 2456 2049 2507 braverit
2071 2455 2449 2519 gaudiorum?
2466 2456 2610 2507 Nam
2632 2468 2766 2507 cum
2791 2456 3051 2521 dixisset,
3077 2457 3319 2522 Effraim
3336 2460 3399 2509 in

1800 2527 2122 2576 desolatione
2156 2532 2287 2576 erat.
2320 2527 2386 2575 In
2425 2527 2527 2588 die,
2553 2526 2758 2590 inquit,
2783 2528 3125 2579 desolationis
3149 2531 3211 2578 in
3235 2531 3401 2581 tribu-

1800 2598 1895 2647 bus
1930 2598 2095 2669 Israel
2136 2596 2342 2646 ostendi
2370 2598 2532 2658 ﬁdem
2558 2597 2728 2660 :facti
2770 2604 2897 2648 sunt
2923 2600 3197 2664 principes
3229 2602 3402 2669 Juda,

1802 2668 1961 2732 quasi
1976 2671 2298 2716 assumentes
2313 2668 2635 2716 terminum:
2650 2682 2812 2731 super
2820 2683 2905 2718 eos
2915 2669 3215 2733 effundam,
3234 2687 3266 2736 q
3275 2668 3396 2722 uasi

1802 2753 2007 2803 aquam
2031 2738 2177 2787 iram
2195 2752 2388 2788 meam.
2401 2739 2545 2789 Cum
2557 2739 2637 2789 ibi
2656 2738 2728 2790 de
2742 2739 3083 2803 expulsione
3092 2754 3400 2804 germano-

1801 2822 1931 2862 rum
1952 2809 2132 2861 lretati
2154 2821 2285 2860 esse
2307 2808 2589 2874 dicantur,
2603 2822 2702 2873 per
2723 2810 2783 2860 id
2802 2811 2957 2873 quod
2972 2823 3245 2875 agrorum
3258 2827 3394 2866 suo-

1802 2894 1931 2933 rum
1955 2880 2232 2931 terminos
2252 2879 2520 2931 dilatatos
2542 2884 2827 2944 putarent,
2842 2882 3129 2947 quomodo
3142 2886 3394 2936 nunciu-

1802 2953 2110 3014 ducuntur,
2136 2951 2537 3015 expulsionem
2557 2951 2744 3003 fratris
2767 2953 2986 3016 absque
3006 2951 3123 3005 ulla
3134 2955 3391 3008 consola-

1801 3023 1952 3075 tione
1987 3022 2291 3086 lugentes?
2328 3022 2491 3084 Quod
2526 3024 2756 3085 gemina
2779 3024 3139 3088 expositione
3178 3025 3393 3079 valebit

1804 3095 1865 3157 [Α
1874 3099 1951 3146 nt.
1980 3094 2222 3156 valebat]
2237 3092 2483 3145 absolvi:
2509 3093 2645 3155 quia
2658 3093 2813 3145 enim
2826 3106 2946 3145 non
2959 3094 3030 3145 de
3043 3095 3311 3160 singulis,
3332 3103 3398 3150 ut

91 3164 728 3254 studioinanciparunt,
756 3176 829 3254 ob
852 3186 1095 3254 eamque
1125 3164 1450 3254 stultitiam,
1465 3174 1711 3254 procella
1740 3207 1742 3232 ι

1806 3166 1944 3228 dixi,
1959 3236 1968 3246 .
1983 3177 2146 3254 saepe
2163 3164 2455 3254 personis,
2472 3164 2582 3254 sed.
2597 3164 2668 3215 de
2682 3165 2823 3254 totis
2847 3166 3179 3241 agminibus
3207 3179 3394 3219 sermo

92 3248 445 3314 captivititis
467 3234 567 3300 eos
589 3234 845 3311 arripuit,
863 3234 1106 3309 opportu
1125 3256 1198 3314 ne
1210 3244 1415 3296 transit
1438 3234 1511 3296 ad
1532 3247 1557 3291 J
1564 3248 1711 3295 udam
1743 3234 1789 3254 υ
1805 3241 1895 3314 est
1919 3251 1940 3314 :_
1950 3236 2084 3314 ideo
2095 3235 2156 3287 in
2177 3234 2662 3314 11_la_multitudine
2678 3235 2949 3314 diversos
2964 3234 3195 3300 quoque
3205 3251 3397 3314 mores

94 3323 155 3373 et
165 3309 300 3371 eum
313 3331 427 3372 non
443 3319 627 3370 solum
641 3309 896 3380 nomine,
921 3316 1025 3367 sed
1039 3309 1338 3379 gestarum
1355 3315 1530 3366 etiam
1543 3331 1709 3366 rerum

99 3390 546 3456 panditjudicio,
576 3394 642 3441 ut
665 3388 839 3441 simul
874 3387 1219 3449 ostenderet,
1236 3386 1332 3449 qui
1357 3387 1553 3437 exitus
1577 3390 1713 3439 ﬁlios

101 3462 387 3526 sapientes
421 3466 658 3524 teneret,
698 3460 850 3511 sicut
871 3459 1053 3511 etiam
1082 3470 1232 3518 eum,
1258 3456 1359 3520 qui
1380 3458 1715 3521 insipientes

101 3537 405 3595 manserat,
421 3532 787 3596 publicasset.
806 3531 891 3582 Ad
905 3529 1261 3594 prosperiora
1304 3542 1496 3593 ergo,q
1507 3544 1597 3583 uae
1609 3535 1707 3580 sub

104 3603 343 3657 Ezechia
384 3615 519 3666 rege
554 3603 781 3666 magnis
819 3600 1023 3653 collata
1057 3608 1202 3651 sunt
1225 3600 1541 3666 miraculis,
1577 3615 1708 3667 pro-

106 3675 362 3741 pheticus
392 3686 579 3725 sermo
601 3674 958 3737 commigrat,
983 3676 1042 3723 et
1065 3672 1145 3723 ait
1168 3686 1180 3721 :

189 3743 335 3812 47]
366 3747 523 3796 Vers.
552 3745 636 3799 14.
666 3744 751 3798 15.
772 3773 832 3781 -
855 3744 930 3793 De
953 3758 1127 3792 manu
1142 3742 1339 3792 mortis
1361 3743 1595 3793 liberabo
1606 3759 1711 3794 eos-

111 3817 175 3866 de
218 3822 376 3865 morte
416 3816 684 3865 redimam
730 3830 832 3866 eos.
876 3815 984 3863 Ero
1018 3828 1164 3863 mors
1203 3818 1317 3874 tua,
1342 3829 1372 3863 ο
1396 3828 1580 3864 mors:
1618 3830 1708 3865 ero

112 3902 318 3937 morsus
340 3893 476 3946 tuus,
501 3886 730 3948 inferne.
748 3886 1053 3936 Consolatio
1077 3884 1391 3935 abscondita
1406 3893 1483 3935 est
1509 3885 1574 3935 ab
1591 3902 1711 3936 ocu-

116 3960 183 4010 lis
219 3959 354 4018 meis,
378 3958 513 4022 quia
534 3958 645 4022 ipse
673 3958 815 4006 inter
834 3957 1030 4019 fratres
1053 3957 1264 4009 dividit.
1289 3957 1530 4007 Adducet
1544 3972 1708 4006 uren-

119 4036 222 4077 tem
240 4034 447 4077 ventum
462 4028 800 4078 Dominusde
822 4028 1019 4077 deserto
1045 4027 1434 4089 ascendentem,
1466 4034 1510 4077 et
1542 4029 1710 4077 sicca-

122 4100 196 4148 bit
220 4113 374 4149 venas
391 4099 521 4162 ejus,
549 4108 565 4128 ε
590 4104 635 4147 et
651 4098 900 4148 desolabit
921 4098 1125 4160 fontem
1146 4099 1261 4161 ejus
1287 4113 1299 4149 :
1329 4104 1375 4147 et
1389 4100 1499 4162 ipse
1519 4100 1709 4163 eripiet

122 4173 422 4220 thesaurum
444 4170 623 4219 omnis
641 4170 783 4219 vasis
807 4169 1185 4220 desiderabilis.
1216 4170 1422 4233 Primo,
1444 4174 1509 4221 ut
1539 4171 1708 4236 solet,

124 4241 399 4307 prosperis
408 4240 742 4304 pollicendis
756 4240 969 4305 gaudia
983 4240 1163 4293 libera
1171 4240 1212 4291 ti
1222 4254 1299 4292 on
1338 4245 1389 4292 is
1399 4254 1556 4294 annu
1566 4244 1722 4294 nciat

126 4314 315 4378 postea
348 4324 496 4372 vero,
522 4312 725 4363 eadem
751 4312 1062 4377 voluptate,
1086 4310 1333 4364 ultiones
1357 4313 1705 4365 accumulat.

130 4385 284 4447 Ergo,
309 4383 378 4431 De
413 4397 586 4432 manu
622 4383 812 4432 mortis
841 4382 1069 4433 liberabo
1106 4397 1221 4434 eos:
1248 4383 1308 4435 id
1337 4386 1443 4445 est,
1474 4398 1607 4436 cum
1645 4386 1707 4437 in

130 4458 536 4505 tantamrerum
547 4452 943 4506 difficultatem
954 4454 1523 4520 venerint,utinjecta
1533 4472 1705 4519 manu,

1805 3306 2181 3371 intelligimus
2208 3306 2407 3370 fuisse,
2431 3306 2588 3356 unde
2603 3310 2663 3357 et
2683 3305 2794 3356 alia
2803 3318 2877 3357 ex
2899 3307 3121 3370 piorum
3132 3310 3398 3372 personis

1804 3391 1877 3429 ex
1892 3378 2199 3442 impiorum
2220 3376 2330 3428 alia
2351 3376 2734 3439 proferuntur.
2760 3375 2936 3444 472
2969 3379 3401 3443 Gonsequenter

1804 3462 1938 3514 ergo
1959 3450 2285 3512 aliquantos
2305 3448 2421 3498 illic
2441 3448 2622 3499 fuisse
2645 3447 2986 3513 colligimus,
3001 3463 3146 3513 quos
3170 3467 3398 3517 germa-

1804 3533 2012 3573 norum
2041 3521 2406 3572 contristaret
2440 3519 2703 3583 expulsio
2729 3535 2740 3570 :
2770 3520 2962 3584 plures
2996 3535 3129 3574 vero
3162 3538 3307 3588 quos
3333 3527 3401 3579 11-

1805 3594 1968 3645 nium
1978 3591 2284 3643 delectaret
2309 3592 2590 3642 extensio.
2631 3590 2741 3642 Sed
2757 3592 3185 3657 videamusjam
3200 3597 3403 3651 etalte-

1805 3677 1933 3716 rum
1957 3663 2377 3728 explanationis
2400 3662 2658 3725 modum,
2681 3662 2780 3725 qui
2807 3662 2886 3713 ita
2900 3663 3170 3717 nimirum
3187 3669 3402 3723 valebit

1800 3736 2001 3800 judici,
2026 3734 2323 3787 utcaussis
2345 3733 2550 3805 magis,
2564 3744 2743 3805 quam
2758 3734 3013 3797 personis
3026 3736 3288 3790 videatur
3297 3753 3401 3805 ap-

1808 3806 1933 3859 tari.
1973 3808 2043 3857 Et
2074 3804 2521 3858 necessitudinis
2561 3804 2795 3867 quidem
2828 3817 2945 3857 vox
2969 3805 3083 3858 ista
3106 3809 3198 3873 sit,
3224 3804 3402 3873 quam

1778 3912 1781 3919 ι
1806 3889 1981 3941 prope
2003 3878 2178 3928 finem
2200 3876 2329 3928 libri
2340 3874 2617 3939 propheta
2638 3875 2953 3939 constituit,
2978 3877 3035 3927 id
3051 3882 3158 3943 est,
3171 3880 3402 3935 calami-

1808 3953 1986 3999 tatem
2023 3961 2086 3999 se
2116 3946 2342 4011 expulsi
2369 3945 2561 3997 fratris
2606 3944 2811 4007 dolere,
2850 3948 2907 3997 et
2941 3948 3404 4006 vicissitudinem

1808 4019 2059 4071 debitam
2081 4019 2347 4088 hostibus
2370 4016 2669 4080 imprecari
2692 4031 2704 4065 :
2727 4014 2868 4088 illud
2891 4022 3102 4088 autem,
3119 4024 3272 4084 quod
3289 4028 3406 4088 qui-

1807 4090 2055 4141 busdam
2069 4089 2242 4140 etiam
2259 4087 2615 4150 voluptatem
2626 4087 2939 4149 creavit,ad
2951 4087 3295 4151 ‘parricidas
3308 4087 3409 4145 crt-

1808 4174 1942 4213 men
1992 4160 2206 4224 aspiret
2240 4174 2251 4209 :
2299 4163 2366 4209 ut
2406 4159 2508 4208 flat
2537 4168 2746 4207 sensus
2770 4156 3072 4221 ejusmodi,
3103 4160 3280 4216 fuisse
3303 4165 3409 4217 ali-

1810 4247 1975 4299 quos,
1991 4234 2050 4284 in
2061 4232 2272 4295 quibus
2282 4227 2590 4292 profanitas
2602 4239 2727 4299 non
2739 4230 2926 4299 solum
2943 4226 3120 4293 leges,
3136 4232 3238 4283 sed
3250 4239 3398 4285 etiam

1809 4298 2035 4361 naturae
2057 4306 2191 4369 jura
2212 4298 2656 4361 conturbaverit,
2682 4298 2823 4348 utin
2851 4299 3177 4361 captivitate
3188 4304 3399 4355 fratrum

1809 4393 1827 4421 ε
1853 4379 2005 4445 quod
2040 4378 2365 4428 debuerunt
2388 4368 3013 4445 compati,_maluert_tnt
3027 4372 3272 4433 gloriari.
3289 4377 3400 4427 Ad-

1804 4439 1954 4504 du-cet
1996 4452 2239 4500 urentem
2280 4449 2499 4493 ventum
2522 4439 2790 4490 Dominus
2811 4439 2872 4488 de
2897 4439 3096 4490 deserto
3116 4447 3410 4497 aseenden.

134 4536 280 4576 mors
301 4537 394 4576 eos
418 4524 922 4587 comprehendisse
955 4538 1022 4578 ac
1046 4510 1237 4578 tenere
1260 4510 1540 4588 videatur,
1567 4510 1707 4581 tunc
1740 4586 1757 4588 μ
1807 4540 1937 4585 tem,
1953 4529 1998 4573 ει
2014 4518 2228 4569 θίοοαθίί
2248 4529 2409 4565 venas
2430 4528 2562 4577 6.71“:
2578 4516 2624 4560 εί
2639 4510 3074 4588 “olebit/antes
3089 4513 3286 4588 ejus,et
3298 4519 3411 4584 ipse

135 4607 236 4659 ego
262 4593 521 4646 liberator
541 4582 864 4647 adveniam.
894 4595 958 4647 Id
1005 4600 1201 4648 autem
1226 4582 2018 4664 praecipue'expri-Ddiripiet
2040 4596 2317 4644 thesauros
2345 4582 2823 4664 [_At._thesaurum]
2855 4583 3190 4664 omnisvasis
3204 4582 3405 4664 deside-

138 4656 317 4717 mebat
337 4666 514 4717 oratio
538 4666 690 4717 beati
711 4666 971 4720 Ezechiae
987 4656 1251 4730 dicentis,
1271 4656 1501 4721 venisse
1522 4656 1719 4719 diesaf-
1738 4656 1778 4660 ”
1813 4656 2017 4719 rabilis.
2043 4666 2313 4718 Urentem
2338 4660 2406 4711 de
2430 4659 2655 4710 deserto
2681 4659 2921 4730 ventum
2939 4656 3227 4730 Angelum
3250 4660 3404 4727 dicit,

142 4736 389 4788 flictionis
419 4739 475 4789 et
494 4737 800 4800 opprobrii,
824 4737 1110 4801 siquidem
1131 4739 1425 4791 venissent
1439 4739 1539 4791 filii
1555 4756 1721 4802 usque

143 4807 213 4860 ad
232 4810 465 4872 partum,
496 4813 552 4860 et
584 4819 702 4859 non
726 4812 882 4860 esset
896 4809 1081 4863 virtus
1103 4809 1383 4874 pariendi.
1417 4813 1562 4863 Cum
1585 4824 1722 4876 ergo

209 4959 223 4979 ·
246 4950 500 5001 Testatur
529 4948 782 5012 idipsum
824 4950 1229 5015 Hieronymus,
1273 4952 1317 5001 A
1338 4952 1421 5017 lii,
1444 4953 1721 5016 inquiens

152 5019 470 5071 arbitrantur
509 5020 700 5069 datum
728 5021 792 5069 in
819 5021 1006 5083 furore
1037 5036 1213 5085 regem
1235 5022 1521 5072 Jeroboam
1541 5025 1721 5088 ﬁlium

155 5090 333 5149 Nubat,
354 5096 398 5138 et
419 5089 659 5139 ablatum
680 5091 744 5139 in
759 5091 1140 5154 indignatione
1154 5093 1263 5158 Ose,
1278 5094 1533 5143 ultimum
1546 5110 1720 5159 regem

158 5163 316 5212 decem
346 5160 601 5210 tribuum.
633 5164 781 5212 Tum
812 5164 989 5226 istud,
1031 5164 1184 5226 quod
1219 5167 1424 5216 Nostro
1448 5167 1722 5229 probatur

158 5234 341 5297 magis,
360 5236 423 5282 ut
455 5232 527 5283 de
549 5232 739 5284 futuro
772 5238 1027 5297 tempore
1059 5239 1345 5287 sententia
1382 5241 1721 5301 exponatur,

161 5306 210 5356 S.
232 5303 367 5355 idem
390 5304 554 5353 Pater
577 5318 649 5354 ex
675 5305 1046 5356 Hebraeorum
1069 5306 1308 5369 placitis
1325 5306 1573 5359 derivari
1590 5316 1727 5357 notat

163 5374 278 5437 Hoc,
294 5374 369 5425 ait
394 5374 539 5437 quod
573 5375 939 5439 exposuimus,
962 5376 1097 5425 Dedi
1130 5377 1224 5425 tibi
1244 5384 1493 5441 regem.et
1509 5378 1720 5432 abstuli.

162 5459 319 5508 regem
339 5446 396 5493 in
422 5444 807 5508 indignatione
835 5461 973 5509 mea,
997 5447 1200 5497 Hebraei
1225 5449 1297 5498 ad
1317 5449 1572 5512 futurum
1595 5456 1725 5500 tem-

162 5530 253 5582 pus
272 5514 516 5577 referunt,
541 5520 648 5568 etc.

222 5586 241 5616 ³⁵
263 5585 441 5639 Mallet
462 5592 629 5640 vetus
645 5588 838 5640 Editor
859 5591 1223 5641 cumulatione
1240 5607 1251 5639 :
1271 5602 1376 5655 ego
1398 5606 1727 5643 rememora-

167 5660 292 5784 signa
310 5658 554 5723 rescribi,
575 5661 833 5725 pressius
845 5662 921 5714 ad
933 5664 1274 5729 impressam
1294 5662 1615 5731 lectionem,
1626 5679 1729 5720 ve-

227 5767 507 5864 :ftespicit
526 5802 938 5867 subsequentis
956 5810 1176 5871 partem
1201 5804 1490 5872 versiculi,
1510 5806 1728 5860 Dotem

1817 4740 1915 4803 qui
1936 4737 2237 4800 Assyrium
2262 4733 2370 4784 sub
2386 4733 2554 4781 nocte
2570 4739 2685 4803 una
2699 4725 2905 4803 delevit
2916 4727 3250 4803 exercitum
3266 4747 3279 4783 :
3301 4725 3403 4784 non

1817 4801 1970 4874 quod
1992 4809 2054 4860 in
2068 4807 2293 4858 deserto
2304 4803 2508 4870 Angeli
2518 4801 3110 4866 credanturhabitare,
3124 4814 3270 4867 quos
3280 4820 3409 4868 quo-

1816 4949 2176 5018 parturientis
2196 4948 2408 4998 venient
2429 4947 2497 4999 ei.

1880 5025 1902 5053 ¹¹
1926 5025 2032 5075 Pro
2065 5020 2354 5085 sapientia,
2387 5017 2543 5082 quod
2564 5018 2735 5069 antea
2764 5018 3078 5084 legebatur,
3116 5022 3412 5087 sapientem

1817 5093 2233 5156 rescripsimus,
2269 5090 2423 5153 quod
2447 5093 2505 5141 et
2540 5091 2709 5141 vetus
2731 5089 2928 5142 Editor
2946 5090 3274 5149 jmaluisset.
3298 5093 3409 5145 Sed

1819 5171 1875 5218 et
1897 5164 2093 5228 grand.
2123 5174 2222 5226 pro
2243 5160 2399 5223 gravi
2423 5159 2576 5210 idem
2606 5159 2818 5211 mallet.

1881 5246 1899 5266 ⁶
1923 5235 2125 5293 Verba,
2150 5238 2199 5283 et
2220 5230 2471 5281 desolabit
2493 5230 2695 5294 fontem
2717 5230 2848 5295 ejus,
2875 5244 3049 5295 quem
3071 5236 3130 5284 et
3150 5232 3212 5284 in
3235 5236 3412 5285 cane.

1819 5308 1897 5359 ris
1928 5306 2086 5358 libris
2127 5304 2397 5355 omnibus
2432 5307 2586 5366 sunt,
2635 5307 2693 5353 et
2735 5302 2951 5353 ultimae
3002 5302 3159 5354 vocis
3181 5303 3296 5366 ejus
3320 5316 3407 5354 re-

1821 5391 1993 5429 cursu
2037 5375 2301 5429 fefellisse
2328 5373 2714 5437 antiquarium
2740 5373 3023 5434 videntur,
3064 5372 3412 5425 suffecimus.

1886 5450 1901 5479 τ
1924 5448 2124 5500 Melius
2169 5446 2365 5509 utique
2406 5444 2694 5509 parricidae
2738 5448 2795 5495 et
2828 5456 2965 5494 mox
2994 5444 3243 5509 aspicere.
3266 5444 3413 5497 Male

1822 5524 2018 5572 autem
2038 5520 2203 5570 vetus
2226 5517 2420 5567 Editor
2440 5527 2542 5579 pro
2564 5527 2632 5566 eo
2657 5513 2809 5577 quod
2830 5513 2998 5578 paulo
3012 5519 3144 5578 post
3164 5514 3417 5581 profani-

1825 5598 1906 5643 tas
1925 5590 2151 5656 legitur,
2165 5588 2433 5654 profanas
2452 5588 2716 5637 autumat
2743 5585 3154 5648 reponendum.

1887 5672 1905 5702 ι
1936 5665 2127 5727 Atque
2168 5661 2297 5714 heic
2338 5658 2541 5714 vitiose
2559 5671 2671 5708 non
2696 5656 3009 5720 debuerunt,
3034 5669 3137 5722 pro
3160 5657 3308 5722 quod
3330 5657 3415 5707 de-

1826 5735 2074 5786 buerunt.
2812 5753 2817 5758 “
