3880 6222
450 295 583 352 1031

447 455 760 530 auctoritas
785 470 998 534 (Matth.
1041 465 1162 528 18,),
1210 455 1312 514 sed
1341 459 1614 534 quoniam
1655 459 1729 508 ob
1773 455 2045 534 vindicta:

448 527 813 605 celeritatem,
849 545 1081 592 centum
1121 535 1452 596 octingenta
1483 531 1742 605 quinque
1765 527 2046 605 siquidem

449 597 558 669 sub
584 628 701 667 una
721 597 887 665 nocte
907 621 1056 660 etesa
1080 605 1423 666 referuntur,
1450 600 1882 652 similitudinem
1897 597 2046 660 ignis

447 686 810 746 assumserit,
828 687 885 733 et
900 679 1114 731 deserti
1127 676 1201 727 ad
1213 677 1321 727 hoc
1335 672 1591 724 intulerit.
1605 669 1975 729 mentionem,
1991 675 2047 714 ut

450 764 636 811 totum
658 742 806 806 illud
817 763 1030 816 agmen
1044 748 1240 798 amatu
1254 751 1463 810 potius,
1483 754 1654 806 quam
1673 742 2047 816 operamque:

447 809 596 894 piam
627 809 920 885 videretur
941 809 1294 894 absumtum.
1322 816 1411 866 Sic
1427 819 1656 894 enimet
1671 813 1872 888 beatus
1891 809 2044 894 navid

447 879 670 951 diuertit
697 911 710 946 :
742 895 844 953 Qui
867 894 999 955 facit
1031 889 1259 952 Angelos
1281 901 1405 934 suos
1431 884 1675 948 spiritus,
1701 888 1742 928 et
1769 879 2047 927 ministros

445 984 568 1018 suos
611 970 792 1031 ignem
825 968 1070 1014 urentem
1092 955 1464 1031 (Psat.-103.).
1515 956 1698 1031 lianc
1721 963 1868 1031 ergo
1891 961 2047 1031 nunc

445 1022 810 1092 adustionem
833 1037 905 1087 de
928 1035 1070 1084 locis
1085 1022 1184 1096 per
1198 1027 1456 1080 ardorem
1476 1023 1614 1074 solis
1629 1022 2047 1096 inliabitabililius

447 1091 698 1175 signavit
720 1108 909 1168 acciri,
927 1105 1026 1168 qui
1043 1091 1232 1152 fontes
1248 1097 1519 1175 Assyrios
1537 1091 2044 1175 venasquenidlest,

445 1162 639 1248 regem
655 1193 789 1232 cum
807 1162 1060 1231 exercitu
1073 1188 1139 1224 ac
1169 1175 1348 1248 stirpe
1363 1169 1602 1248 deleret.
1616 1165 1811 1248 Iit-ipse
1825 1162 2045 1224 diripiet

446 1239 783 1316 thesaurum,
817 1255 926 1301 etc.
953 1248 1009 1298 Si
1033 1241 1512 1296 consuetudinem
1537 1239 1942 1316 prophetarum
1961 1245 2042 1284 re-

447 1328 673 1392 spicias,
703 1306 802 1386 qui
824 1317 1234 1372 declinationes
1251 1319 1572 1392 temporum
1589 1306 1864 1392 nonsatis
1873 1309 2044 1384 anxie

444 1376 510 1449 5‘s
535 1376 837 1460 diligenter
864 1392 1194 1449 observant,
1222 1385 1450 1460 videtur
1479 1379 1865 1460 Sennacherib
1893 1376 2044 1460 regis

448 1447 744 1520 collectam
767 1465 838 1515 de
862 1459 1166 1524 triumphis
1184 1447 1534 1524 epulentiam
1557 1451 1866 1502 denotasse
1885 1447 2042 1524 {ideo

451 1539 711 1592 videlicet
726 1536 886 1586 illum
903 1521 1178 1598 praedicta
1191 1521 2039 1598 inﬂammationeconsuintum,

443 1591 716 1674 quoniam
739 1591 925 1656 multa
945 1601 1249 1654 crudeliter
1272 1598 1467 1674 egerit,
1490 1607 1596 1645 nec
1618 1591 1920 1643 avaritiam
1932 1593 2042 1648 ejus

443 1666 664 1744 direpta
708 1678 1050 1730 satiaverint
1075 1690 1085 1722 ε
1119 1677 1176 1724 et
1198 1682 1354 1722 nunc
1377 1668 1504 1744 ideo
1529 1677 1760 1716 vomere
1785 1666 2039 1726 cogatur,

1503 275 1771 328 RUFINO
1804 268 2266 326 PRESBYTERO
2299 263 2689 321 ASCRIPTUS

446 407 582 460 udie
611 402 814 455 faciem
839 397 1022 450 Patris
1048 394 1256 456 visere,
1305 387 1646 460 Evangelica
1679 385 2044 460 commendat
2067 389 2124 459 Α
2147 378 2429 460 reddemus
2449 375 2644 425 vitulos
2673 373 2948 460 (tibiarum
2974 377 3315 452 noui-arma.
3348 366 3664 460 Sic‘enim
3685 379 3781 460 ca:-
3821 341 3830 435 ι

3674 255 3780 310 103i

2146 452 2303 503 mina
2324 460 2553 512 quoque
2578 449 2778 496 sancta
2798 445 3140 506 docuerunt,
3166 447 3234 494 ut
3257 437 3680 512 immolemus
3693 439 3784 490 Dei
3828 442 3832 471 π

2147 511 2686 574 sacriﬁciumlaudis
2704 519 2864 580 (Psat.
2889 517 3022 580 50.),
3056 517 3194 578 quia
3211 520 3396 578 grata
3425 512 3488 562 ei
3519 511 3604 560 sit
3629 511 3784 561 οὺιὲιὶ

2146 607 2219 646 ex
2243 604 2386 657 puro
2409 589 2579 642 corde
2592 588 2843 639 laudatio
2867 600 3044 651 super
3067 588 3331 657 vitulum
3343 581 3785 636 novellum.»

2145 653 2314 728 gulas
2329 667 2388 713 et
2409 671 2625 711 cornua
2643 660 3079 722 producentem.
3099 656 3400 728 Eloquere
3413 666 3578 717 ergo
3610 653 3783 703 adver-

2147 727 2279 785 sum
2305 737 2378 796 te,
2401 728 2620 791 Israrel,
2633 730 2712 792 ini
2723 731 2950 780 nstitias
2969 734 3102 780 tuas
3113 727 3401 788 Domino,
3419 737 3693 789 quarum
3704 737 3782 773 σα·-

2145 807 2236 870 pis
2261 803 2658 856 remissionem
2689 801 2914 852 mereri.
2942 801 3050 852 Sed
3079 799 3222 864 quid
3247 799 3350 848 his
3385 798 3672 859 adjiciat,
3695 808 3782 846 aii-

2147 878 2392 928 diamus.

2208 951 2368 999 Vers.
2418 945 2470 1000 4.
2526 946 2698 993 Assur
2745 958 2859 991 non
2899 940 3129 991 satvabit
3187 955 3315 1002 nos,
3365 954 3560 1002 super
3603 953 3778 1001 equam:

2145 1034 2257 1067 non
2286 1018 2648 1078 ascendemus,
2685 1029 2778 1064 nec
2805 1015 3046 1062 dice-mus
3071 1013 3238 1071 ultra,
3267 1012 3357 1059 dii
3385 1011 3612 1068 nostri,
3639 1024 3779 1074 opera

2143 1103 2416 1138 manuum
2437 1092 2783 1136 nostrarum:
2805 1088 2941 1148 quia
2963 1085 3079 1147 ejus
3104 1085 3200 1148 qui
3221 1085 3287 1130 in
3316 1089 3367 1130 te
3381 1091 3492 1138 est,
3517 1082 3780 1128 miseret-:-

2142 1161 2221 1208 ris
2247 1162 2267 1188 δ
2292 1159 2507 1224 populi.
2557 1156 2720 1218 Quod
2757 1158 2855 1219 ait,
2900 1156 3074 1204 Assur
3103 1169 3219 1202 non
3268 1153 3533 1202 salvabit
3573 1167 3694 1202 nos.
3723 1153 3779 1200 de

2143 1231 2404 1294 exemplo
2415 1232 2444 1279 J
2455 1229 2586 1280 udae
2609 1227 2836 1280 videtur
2850 1238 3054 1277 assum
3062 1230 3203 1276 tum.
3223 1227 3270 1275 iV
3277 1236 3385 1274 am
3404 1226 3657 1287 Regum
3669 1236 3779 1273 nar-

2142 1307 2230 1352 rat
2243 1301 2562 1362 historia“.
2581 1301 2707 1362 Reg.
2725 1297 2851 1360 18.),
2886 1299 3164 1359 quoniam
3185 1307 3331 1346 cum
3347 1299 3672 1358 hapsaces
3691 1307 3778 1344 no-

2140 1375 2297 1423 mine
2320 1371 2439 1422 dux
2471 1370 2746 1433 Assyrius
2779 1367 3002 1418 missus
3038 1367 3194 1430 regis
3235 1366 3689 1426 Sennaclierib,
3721 1365 3776 1413 ad

2142 1443 2572 1510 ceinpellendos
2587 1447 2757 1502 atque
2784 1440 3082 1490 terrendos
3104 1451 3226 1501 eos,
3255 1439 3364 1500 qui
3390 1438 3775 1498 Jerusounns

2140 1520 2322 1570 clausi
2353 1519 2596 1577 fuerant,
2629 1513 2982 1573 advenisset,
3025 1511 3177 1561 inter
3214 1513 3466 1568 caetera,
3495 1520 3645 1570 qua:
3666 1514 3772 1570 gie-

2142 1591 2291 1642 riose
2305 1602 2372 1642 ac
2389 1587 2633 1652 superbe
2650 1587 2719 1636 de
2734 1584 2992 1646 A3syriis
3007 1581 3394 1645 pi‘mdicabat,
3414 1579 3518 1642 abj
3527 1583 3771 1652 ecitqsuc

2140 1663 2255 1714 duo
2274 1663 2451 1712 millia
2461 1651 2752 1722 equorum
2772 1653 3166 1705 Sennaclierib
3190 1656 3358 1703 esset
3381 1662 3643 1715 paratus
3659 1651 3771 1700 edn-

442 1723 718 1816 quic‘quid
745 1761 846 1814 per
867 1723 1228 1811 iniquitatem
1249 1744 1420 1792 antea
1439 1738 1832 1790 devoraverat.
1857 1723 1881 1726 ⁷
2065 1753 2120 1827 Β
2145 1745 2288 1796 cere,
2335 1741 2582 1827 qu‘orum
2629 1737 2886 1827 sessore:
2919 1729 3077 1774 totus
3117 1723 3296 1827 Jud‘ze
3331 1724 3648 1772 exercitus
3667 1733 3768 1770 non

2147 1805 2320 1827 ..λημςι
2351 1807 2402 1827 Λα
2423 1805 2549 1827 ειη-..λ
2575 1813 2588 1826 ο
2616 1802 2666 1827 ut
2698 1808 2808 1827 nun
2893 1796 3138 1827 nmontin
3175 1807 3203 1827 ιι
3259 1805 3502 1827 cor-cum
3545 1803 3612 1827 an
3638 1795 3764 1827 tant:

1025 1905 1257 1958 CAPUT
1307 1901 1456 1952 XIV.

501 2029 725 2079 Vers.l.
743 2053 804 2062 —
836 2025 1024 2074 Pereat
1050 2019 1328 2080 Samaria,
1367 2028 1631 2082 quoniam
1667 2011 1739 2061 ad
1761 2011 2034 2060 amaritu-

437 2100 618 2148 dinem
649 2095 932 2146 concitavit
960 2095 1258 2143 Dominum
1309 2090 1413 2154 [Αι.
1439 2084 1642 2148 Deum]
1669 2097 1833 2132 suum
1855 2082 1898 2142 ³,
1923 2086 2030 2132 etc.

440 2172 612 2222 Paulo
635 2176 768 2220 ante
781 2169 1031 2218 dixerat:
1074 2161 1383 2213 Consolatio
1418 2156 1728 2208 abscondita
1750 2159 1820 2201 est
1837 2155 1900 2200 ab
1916 2167 2036 2200 ocu-

436 2243 501 2289 lis
523 2241 672 2300 meis,
693 2238 956 2303 quoniam
979 2235 1090 2298 ipse
1115 2237 1254 2282 inter
1275 2233 1470 2296 fratres
1485 2226 1696 2289 dividit,
1723 2230 1780 2275 et
1804 2237 1934 2274 eum
1956 2223 2032 2274 ef-

435 2299 779 2373 fectumque
796 2310 1023 2358 Israel'is
1043 2305 1350 2356 miseretur
1361 2299 1722 2373 ostenderat;
1744 2308 1898 2346 nunc
1915 2310 2030 2373 vero

434 2383 656 2447 Assyrii
675 2367 1066 2431 internecione
1079 2376 1381 2438 descripta,
1397 2367 2032 2447 adversum-Samariam

436 2439 640 2506 rursus
656 2451 970 2503 incanduit.
991 2447 1151 2510 Quod
1170 2450 1368 2508 utique
1387 2456 1506 2494 non
1527 2441 1597 2492 de
1610 2439 1880 2491 varietate
1895 2440 2029 2500 fecit,

435 2526 540 2577 sed
563 2526 635 2576 de
657 2526 938 2588 gravitate
964 2521 1284 2572 sententias.
1306 2515 1780 2588 Postquamenim
1794 2519 1840 2556 et
1865 2512 2030 2588 picta-

434 2603 552 2648 tem
576 2600 632 2648 et
649 2581 920 2647 virtutem
937 2592 1058 2642 veri
1080 2591 1200 2650 Dei,
1219 2589 1319 2651 qui
1332 2587 1645 2650 superbum
1659 2594 1870 2645 regem,
1883 2581 2030 2639 quasi

436 2667 594 2719 nullo
617 2667 846 2729 negotio
879 2663 1318 2721 consuniSisset,
1363 2656 1634 2716 ostendit,
1673 2664 1871 2729 Sicque
1893 2663 2031 2702 eum

435 2745 634 2804 paratu
641 2723 845 2788 m'esse
855 2735 928 2787 ad
951 2731 1342 2804 defensionem
1355 2730 1597 2792 piorum,
1608 2729 1685 2804 _u_t
1697 2723 1924 2787 gaudiis
1935 2735 2030 2773 eo-

433 2797 560 2861 rum
577 2819 920 2872 magnarum
933 2802 1556 2869 gentiumimpenderet
1569 2797 1835 2846 ultiones:
1854 2797 2029 2872 merito

433 2866 722 2942 Samaria;
749 2883 811 2930 ut
833 2866 1144 2941 disperiret,
1178 2873 1343 2937 quasi
1379 2866 2026 2942 inllammatusoptavit,

434 2965 564 3016 qum
587 2937 714 3004 suis
747 2937 1009 3003 videlicet
1031 2947 1343 2998 sceleribus
1366 2943 1667 3016 eilecisset,
1693 2937 1873 3016 υῌιξο
1911 2942 2028 2988 tam

437 3010 623 3075 bonus
647 3025 926 3073 Dominus
943 3031 1058 3070 non
1082 3020 1471 3082 proiiugnator
1493 3012 1666 3070 illius,
1685 3011 1785 3060 sed
1806 3010 2027 3072 depug-

431 3101 597 3148 nator
633 3096 936 3147 existeret:
977 3105 1044 3143 ac
1060 3104 1108 3140 Si
1125 3090 1362 3140 diceret:
1390 3089 1534 3137 Cum
1549 3082 1820 3135 beneficia
1849 3085 2026 3145 nostri,

431 3171 529 3232 qui
553 3171 807 3219 internus
831 3169 940 3227 est,
986 3161 1226 3214 rectoris
1255 3158 1488 3232 aspicio,
1509 3155 1702 3232 magis
1727 3154 2027 3217 magisque

430 3225 656 3289 fsraelis
700 3225 935 3288 crimen
963 3234 1250 3293 horresco,
1295 3229 1396 3294 qui
1427 3227 1695 3280 videlicet
1715 3237 1908 3276 carere
1935 3225 2033 3275 tali

431 3309 696 3373 praesidio
720 3309 1071 3358 laborarunt.

507 3377 684 3446 473
727 3380 882 3430 Vers.
934 3376 984 3430 2.
1019 3403 1079 3412 -
1124 3377 1453 3436 Convertere,
1503 3367 1688 3446 Israel,
1720 3365 2032 3446 act-Domi-

428 3438 780 3499 num-[Icum
825 3455 999 3511 tuum,
1045 3447 1312 3512 quoniam
1355 3441 1608 3492 corruisti
1653 3440 1713 3486 in
1739 3438 2031 3501 iniquitate

429 3528 541 3570 tua.
577 3523 716 3571 Miro
762 3510 1038 3571 contextu
1054 3510 1326 3581 'procedit
1358 3513 1556 3565 oratio.
1593 3510 2030 3560 Exclamaverat

429 3593 657 3655 quippe,
683 3591 837 3653 quod
884 3589 958 3640 ad
1011 3588 1372 3651 gruvandum
1418 3583 1687 3636 Samaria)
1727 3587 2029 3646 peccatum

424 3664 654 3724 valeret,
709 3662 809 3710 sed
864 3659 1137 3722 quoniam
1170 3658 1424 3720 idipsum
1470 3655 1800 3705 miserando
1833 3655 2026 3716 potius

427 3745 600 3796 quam
640 3731 960 3782 execrando
985 3729 1214 3790 fecerat,
1247 3726 1503 3778 secunda
1531 3727 1733 3776 saltem
1755 3725 2024 3788 remedia,

426 3795 560 3866 quae
579 3801 1167 3854 vulnerimedicentur
1177 3802 1469 3862 apportat:
1491 3801 1548 3847 et
1570 3795 1703 3860 quia
1717 3797 2028 3846 noluerunt

425 3872 716 3924 continuas
759 3869 1075 3923 devotionis
1111 3868 1380 3934 praesidia
1417 3867 1736 3931 complecti,
1763 3867 2026 3918 subsidia

424 3943 778 4008 pmnitentiae
801 3948 858 3994 et
880 3941 1294 3992 emendationis
1324 3942 1646 3992 assumant.
1668 3940 1722 3988 Si
1735 3950 1872 4001 ergo
1898 3945 1941 3985 te
1959 3941 2025 3986 fa-

423 4017 602 4078 ciunt,
628 4028 662 4065 o
680 4023 740 4066 tu
765 4013 956 4077 Israel,
982 4014 1072 4066 vel
1091 4011 1665 4078 pericuiameliorem,
1684 4016 2022 4061 convertere

423 4088 495 4137 ad
520 4085 829 4137 Dominum
842 4089 1025 4136 Deum
1038 4091 1222 4148 tuum,
1239 4097 1273 4134 a
1288 4096 1402 4148 quo
1419 4093 1720 4144 nunquam
1737 4082 2020 4132 debueras

422 4159 605 4209 averti
625 4173 638 4210 :
655 4163 713 4208 et
733 4157 876 4208 illud
897 4157 1092 4221 ipsum
1117 4155 1273 4220 quod
1295 4156 1357 4205 in
1370 4160 1471 4206 tua.
1485 4152 1782 4216 iniquitate
1799 4166 2021 4204 corrue-

421 4235 900 4294 ras,exsecratus,
917 4241 1160 4281 munera
1179 4225 1556 4280 confessionis
1578 4226 1880 4276 assuinito.
1899 4227 2020 4276 Hoc

422 4306 513 4353 est
545 4304 716 4366 enim,
741 4302 896 4366 quod
921 4301 1003 4352 ait
1026 4315 1039 4351 :

487 4373 646 4425 Vcrs.
681 4374 734 4428 3.
770 4401 829 4409 —
855 4372 1035 4422 Tollite
1054 4371 1318 4421 vobiscum
1354 4368 1528 4431 verba,
1563 4374 1610 4416 et
1640 4368 2015 4420 convertimini

420 4445 492 4494 ad
512 4446 828 4506 Dominum,
854 4449 900 4494 et
931 4445 1087 4494 dicite
1118 4445 1196 4492 ei:
1225 4444 1448 4493 Omnem
1467 4441 1624 4504 aufer
1649 4439 2014 4508 iniquitatem,

419 4521 464 4566 et
489 4519 665 4582 accipe
693 4517 899 4566 bonum
931 4533 942 4565 :
972 4520 1034 4567 tu
1063 4517 1214 4567 enim
1256 4516 1416 4566 solus
1448 4517 1604 4578 potes
1628 4518 1870 4577 reatum,
1901 4527 2015 4577 quo

420 4591 1026 4651 premimuramovere.
1041 4587 1189 4650 Quid
1203 4592 1398 4638 autem
1411 4587 1628 4637 bonum
1661 4587 1754 4648 sit,
1780 4587 1935 4648 quod
1961 4595 2015 4634 ut

421 4662 710 4724 acciperet,
731 4660 1086 4722 obsecrabat,
1127 4671 1378 4722 sequens
1412 4669 1615 4710 versus
1652 4657 1924 4720 ostendit,
1947 4657 2016 4705 Et

481 4809 498 4828 '
523 4800 764 4863 Scilicet,
789 4801 852 4848 in
874 4800 1056 4864 gladio
1079 4807 1326 4865 pereant:
1356 4800 1572 4864 parvuli
1596 4815 1779 4849 eorum
1798 4799 2014 4849 elidan-

418 4877 524 4933 tur,
549 4879 595 4920 et
616 4874 750 4934 [tetas
773 4872 885 4934 ejus
901 4873 1298 4922 discindantur.

479 4942 501 4971 ἰ
523 4941 859 5005 Legenduin
876 4942 1098 5005 pupilli,
1119 4955 1251 4992 cum
1275 4942 1474 5006 reliqui
1495 4942 1624 4994 libri
1641 4955 1861 5003 omnes,
1888 4945 2011 4993 tum

416 5015 538 5078 ipse
571 5017 766 5064 textus
803 5013 1119 5064 Hebraicus
1163 5016 1308 5066 cum
1344 5019 1557 5065 monet.
1596 5016 1801 5064 Verum
1823 5013 2012 5076 populi

415 5085 628 5136 lectum
651 5084 724 5135 ab
745 5085 992 5135 Auctore
1014 5087 1232 5147 nostro,
1258 5085 1470 5136 evincit
1497 5084 1604 5135 loci
1628 5085 1804 5147 hujus
1830 5084 2012 5148 expli-

415 5156 563 5208 catio
587 5157 697 5207 sub
712 5156 905 5218 linem,
923 5155 1018 5206 ubi
1039 5155 1136 5217 ait,
1171 5157 1300 5219 quia
1320 5155 1511 5219 poputi
1536 5155 1594 5202 in
1613 5159 1702 5202 tuo
1726 5155 1869 5203 cultu
1886 5170 2014 5218 per-

413 5227 686 5276 manentis
718 5227 962 5276 misereri
995 5229 1163 5275 bonus
1197 5225 1398 5274 arbiter
1438 5242 1547 5274 non
1593 5227 1826 5274 desistas.
1855 5231 2011 5278 Adeo

414 5303 718 5352 immutare
735 5300 998 5363 verbum,
1011 5304 1075 5350 ut
1089 5304 1151 5350 ut
1164 5299 1468 5349 manifesto
1487 5296 1721 5348 alterius
1745 5298 2013 5349 similitu-

415 5371 546 5423 dine
580 5372 970 5436 depravatum,
1002 5371 1173 5423 nobis
1195 5384 1315 5422 non
1336 5369 1512 5420 licuit.

475 5451 493 5472 ⁶
525 5443 727 5494 Visum
755 5451 845 5496 est
868 5447 980 5510 legi
1004 5447 1197 5496 minus
1221 5447 1373 5496 recte
1395 5446 1564 5494 antea
1583 5443 1882 5504 momentis,
1909 5457 2010 5508 pro

414 5516 696 5594 monent-is,
721 5519 876 5594 quod
911 5521 1335 5574 subsutuimus.

473 5585 493 5611 ⁴
518 5585 656 5666 lleic
669 5601 797 5666 vero
819 5590 1033 5666 lectum
1063 5595 1382 5646 rectissime
1422 5591 1630 5654 Israeti,
1657 5595 1822 5646 tertio
1847 5607 2004 5659 casu,

414 5658 477 5702 ut
492 5658 661 5730 Priori
671 5658 904 5724 1300010,
926 5677 1014 5712 cro
1039 5665 1198 5728 quasi
1210 5681 1317 5730 ros,
1339 5677 1555 5717 nomen
1569 5665 1620 5716 is
1629 5658 2003 5730 tudjungatur,

409 5727 609 5800 contra
621 5731 796 5800 atque
812 5732 858 5782 V
867 5731 1072 5796 ulgata,
1091 5727 1329 5800 ipsaque
1354 5737 1798 5800 Hieronymiana
1818 5727 2004 5789 Editio

410 5794 820 5850 nostrahabet:
855 5803 966 5850 Ero
990 5794 1152 5865 quasi
1175 5794 1278 5870 1-0;,
1315 5808 1480 5857 Israel
1513 5794 1856 5870 germinabi'l.
1881 5811 1982 5858 CiC.

2039 4544 2097 4616 D

2147 1793 2329 1865 possit
2350 1793 2550 1853 oli'erre
2575 1813 2588 1849 :
2616 1802 2674 1848 et
2698 1808 2814 1860 qua
2851 1796 3146 1846 dementia
3173 1793 3509 1844 adversum
3542 1803 3614 1842 se
3638 1795 3764 1840 tanti

2132 1876 2408 1939 principis
2453 1871 2649 1935 copias
2693 1868 3029 1939 incitarent.
3063 1868 3121 1939 Si
3156 1867 3336 1916 saluti
3378 1877 3512 1939 suae
3537 1865 3764 1938 proinde

2132 1933 2545 2007 consulerent;
2555 1945 2684 2005 ejus
2719 1938 3072 2011 dederentur
3087 1938 3356 2000 imperio,
3383 1936 3489 1999 qui
3518 1947 3647 1985 non
3668 1933 3763 1982 mi—

2129 2031 2244 2070 nus
2257 2006 2530 2082 subiectis
2553 2010 2823 2074 liberalis,
2843 2006 3023 2074 quam
3048 2022 3288 2082 severus
3313 2006 3760 2082 contumacibus

2132 2079 2446 2154 appareret.
2488 2089 2698 2137 Verum
2735 2092 2940 2134 incom
2983 2081 3316 2132 Jerusalem
3352 2081 3420 2129 in
3459 2079 3756 2128 soiiusDei

2132 2151 2345 2214 virtute
2359 2156 2708 2211 liberationis
2722 2166 2846 2204 suae
2859 2154 3134 2204 ﬁduciam
3151 2155 3537 2214 reponentes,
3553 2151 3754 2198 commi-

2130 2234 2434 2284 nationum
2457 2229 2755 2284 hostilium
2789 2226 2948 2276 taciti
2977 2236 3250 2290 sprevere
3267 2223 3651 2287 iasiantiam.
3671 2218 3748 2270 Ad

2130 2306 2301 2357 Juda:
2326 2317 2460 2368 ergo
2485 2302 2824 2353 conﬂdentis
2859 2300 3218 2360 exemplum,
3264 2295 3452 2368 etiam
3489 2292 3748 2368 ismelem

2131 2389 2322 2428 sermo
2345 2363 2500 2426 nunc
2533 2383 2552 2402 °
2583 2372 2872 2425 monentis
2904 2371 3164 2420 instituit
3198 2385 3212 2416 ;
3241 2370 3308 2415 ut
3343 2366 3476 2429 ipse
3499 2363 3750 2415 videlicet

2127 2449 2304 2512 longa
2327 2447 2600 2498 servitute
2625 2447 2937 2503 correctus,
2965 2441 3092 2504 jam
3119 2437 3502 2489 devotionem
3525 2433 3751 2498 incipiat

2129 2510 2318 2572 fratris
2341 2517 2570 2581 imitari,
2593 2528 2769 2580 quam
2801 2513 2896 2565 ille
2912 2517 3170 2574 tempore
3185 2510 3458 2572 Assyria:
3478 2510 3750 2554 Obsidiomr

2128 2591 2396 2644 ostendit.
2412 2590 2519 2640 Nec
2547 2589 2802 2650 dicemus,
2827 2583 3042 2648 inquit,
3066 2583 3234 2642 ultra,
3260 2582 3354 2628 etei
3377 2581 3575 2636 nostri,
3594 2589 3745 2640 ομεω

2128 2677 2402 2712 manuum
2436 2665 2772 2709 nostrarum.
2797 2658 2860 2708 Id
2884 2659 2996 2716 est,
3022 2653 3389 2712 desinemus,
3417 2661 3554 2712 qua:
3583 2659 3744 2698 manu

2127 2735 2409 2786 artiﬁcum
2438 2731 2588 2782 ﬁunt
2601 2727 2950 2780 simulachra
2975 2723 3253 2785 venerari,
3267 2725 3588 2786 postquam
3605 2721 3744 2786 ei

2129 2785 2211 2857 tre
2236 2810 2383 2857 teste
2396 2801 2790 2866 cognovimus,
2811 2799 2950 2862 quia
2970 2794 3170 2861 populi
3190 2796 3248 2844 in
3267 2785 3372 2844 tuo
3387 2797 3532 2840 cultu
3565 2785 3734 2855 47‘

2127 2877 2520 2942 permanentis
2557 2871 2816 2924 misereri
2849 2873 3045 2942 bonus
3077 2867 3303 2942 arbiter
3325 2877 3450 2942 non
3475 2866 3732 2942 desistas.

2127 2934 2272 2998 Huic
2293 2952 2489 2998 autem
2505 2951 2712 2996 vestrm
2736 2939 3126 2992 confessionis
3147 2935 3390 3012 oblatui,
3413 2935 3556 2998 quid
3580 2934 3732 2983 aDeo

2127 3022 2325 3070 nostro
2355 3018 2650 3078 referatur,
2675 3013 2938 3076 accipite.

2194 3087 2504 3141 Vers.5.-8.
2536 3113 2596 3124 -
2638 3077 2854 3136 Sanabo
2887 3081 3239 3131 contritiones
3270 3093 3488 3140 eorum,
3509 3077 3724 3138 diligas:

2055 3130 2104 3204 Ο
2130 3176 2214 3211 eos
2227 3165 2514 3225 spontanee
2545 3157 3024 3222 :quiaaversusest
3046 3153 3210 3215 furor
3237 3163 3391 3198 meus
3413 3130 3487 3198 αδ
3506 3130 3730 3196 eia-Ero

2131 3221 2290 3296 quasi
2315 3246 2402 3280 ros
2421 3230 2442 3258 ⁴
2465 3230 2668 3288 Israeti,
2701 3223 3034 3296 germinabit
3061 3223 3228 3296 quasi
3258 3221 3463 3279 tilium,
3499 3227 3544 3268 et
3567 3231 3728 3266 erusi-

2124 3293 2212 3368 ῥα
2232 3304 2401 3352 radix
2422 3302 2541 3366 ejus
2566 3311 2724 3364 quas:
2753 3298 2858 3362 [Αι.
2883 3297 2971 3360 ut]
2999 3295 3223 3368 Lioani.
3257 3293 3651 3368 Conseruntur
3668 3302 3730 3336 se-

2129 3361 2305 3423 dentes
2328 3374 2388 3422 in
2423 3361 2618 3421 umbra
2653 3361 2787 3433 ejus,
2821 3369 2997 3417 vivent
3037 3366 3236 3424 tritico,
3273 3369 3320 3410 et
3349 3361 3725 3426 germinabimt

2129 3446 2288 3510 quasi
2313 3446 2490 3508 vinea,
2502 3441 2810 3491 memoriate
2822 3439 2958 3502 ejus,
2969 3438 3110 3486 sicut
3121 3439 3214 3484 vin
3224 3450 3316 3483 um
3327 3433 3546 3482 Libani.
3566 3435 3726 3479 Diver-

2129 3504 2210 3568 sis
2243 3504 2761 3581 comparationibus
2785 3515 2843 3562 et
2872 3509 3235 3562 liberationis
3259 3505 3474 3566 dulcia,
3498 3507 3556 3554 et

2127 3589 2262 3640 tatis
2278 3574 2544 3652 insignia,
2563 3590 2622 3637 et
2641 3596 2852 3636 ammni
2861 3586 3040 3633 tatem
3066 3582 3436 3632 excultorum
3461 3574 3720 3652 describit

2124 3648 2422 3722 arvorum,w
2435 3648 2566 3721 qua:
2588 3657 2737 3706 sicut.
2753 3665 3007 3718 tempore
3021 3651 3300 3703 nimirum
3317 3661 3433 3712 quo
3455 3648 3722 3711 persultat

2125 3731 2340 3796 hostIs,
2359 3721 2620 3795 squalore
2641 3728 2885 3792 plurimo
2907 3726 3270 3796 vestiuntur,
3285 3723 3368 3772 ita
3390 3733 3523 3770 cum
3537 3721 3723 3796 securi-

2125 3806 2214 3854 tas
2236 3791 2706 3868 pacis—cultorum
2739 3803 2972 3850 exercet
3015 3794 3478 3868 industriam,_et
3499 3791 3722 3842 ubertas

2123 3863 2340 3938 passim
2359 3873 2561 3925 visitur
2582 3876 2640 3923 et
2661 3873 2946 3922 venustat.
2963 3868 3055 3920 Sic
3071 3878 3229 3930 ergo,
3243 3863 3436 3926 Israel,
3461 3873 3595 3912 enm
3611 3875 3722 3920 cap-

2123 3937 2402 3997 tivxtatem
2427 3948 2582 3996 tuam
2607 3953 2892 4006 prospera,
2909 3951 3046 4003 qum
3061 3947 3204 3990 sunt
3214 3946 3503 4001 promissa
3518 3937 3719 4006 depule-

2120 4015 2253 4080 rint,
2277 4003 2642 4081 pulchritudo
2663 4020 2718 4066 te
2744 4003 3028 4064 libertatis
3051 4015 3111 4061 et
3132 4008 3357 4061 laetitia:
3379 4003 3626 4056 dulcedo
3649 4005 3718 4081 ita

2117 4077 2379 4152 implebit
2399 4098 2467 4138 ac
2487 4087 2708 4150 vestiet,
2725 4089 2790 4136 ut
2805 4095 2922 4134 non
2937 4082 3152 4134 vilibus
3175 4081 3510 4152 quibusque
3525 4077 3721 4139 germi-

2120 4150 2312 4224 iiibus,
2340 4159 2442 4210 sed
2460 4158 2594 4208 liliis
2610 4161 2668 4208 et
2691 4155 2898 4208 rosetis
2921 4155 3030 4218 [Αι.
3057 4152 3230 4216 rosis]
3262 4150 3719 4224 Stillantiaprata

2115 4217 2408 4282 visantur:
2433 4243 2560 4280 mea
2577 4228 2788 4292 quippe
2811 4217 3116 4278 clementia
3138 4234 3388 4286 meaque
3408 4221 3614 4284 gratia,
3631 4217 3720 4292 in-

2117 4306 2238 4354 star
2260 4302 2362 4354 tibi
2404 4301 2549 4352 raris
2582 4291 2849 4363 illabitur,
2899 4302 2964 4348 ut
2997 4297 3159 4348 omni
3189 4295 3400 4359 pedore
3439 4291 3716 4355 deposito.

2117 4385 2134 4406 ·
2144 4375 2516 4426 invocationis
2531 4375 2872 4426 ornamenta
2883 4369 3186 4432 percipias.
3201 4368 3366 4428 Quod
3381 4376 3456 4414 ne
3474 4366 3562 4410 tibi
3576 4363 3717 4432 dulii-

2117 4451 2204 4498 tes
2226 4460 2326 4510 pro
2349 4443 2744 4508 magnitudine
2769 4443 2859 4492 sui
2886 4431 3062 4504 posse
3085 4442 3442 4510 contingere,
3467 4431 3716 4510 procedit

2114 4517 2176 4568 in
2200 4505 2388 4580 fratre,
2420 4505 2478 4568 id
2505 4521 2610 4578 est,
2635 4515 2698 4566 in
2718 4513 2871 4565 Juda
2885 4512 2957 4564 de
2978 4512 3242 4574 Assyriis
3269 4508 3544 4558 manibus
3576 4505 3712 4556 libe-

2113 4589 2311 4640 rando.
2345 4590 2578 4650 Qualem
2621 4598 2756 4650 ergo
2796 4584 2878 4634 illi
2919 4585 3166 4647 gloriam
3190 4581 3210 4616 ε
3232 4581 3492 4631 conferet
3525 4581 3714 4640 Optata

2116 4662 2366 4724 quidem,
2393 4661 2492 4711 sed
2516 4661 2614 4712 vix
2635 4660 2862 4722 sperata
2889 4655 3128 4706 libertas
3156 4653 3288 4705 talis
3319 4657 3498 4702 etiam
3522 4657 3575 4700 te
3597 4661 3712 4699 ma-

2113 4803 2297 4854 Series
2326 4800 2532 4852 Hebrei
2557 4801 2750 4851 textus
2772 4798 3014 4862 ipsaque
3041 4809 3148 4848 vos
3193 4772 3441 4848 531mb
3481 4793 3713 4859 praiixo

2111 4876 2369 4936 articulo,
2397 4873 2754 4924 verissimam
2776 4871 3084 4920 lectionem
3099 4879 3224 4919 eain
3236 4867 3461 4932 probat,
3480 4866 3557 4918 ad
3571 4879 3712 4926 quam

2111 4948 2617 5012 Hieronymianam
2644 4944 2827 5008 ipsum
2856 4941 3155 4992 reformari
3185 4943 3245 4990 et
3271 4940 3503 5012 restitui
3527 4937 3709 4990 velim.

2175 5031 2194 5053 ο
2218 5021 2467 5070 Placeret
2517 5018 2714 5079 utique
2757 5013 2944 5078 magis
2999 5011 3400 5060 innovationis.
3453 5011 3713 5062 Fortasse

2111 5091 2286 5144 etiam
2309 5089 2480 5154 paulo
2510 5094 2660 5152 post,
2682 5085 2930 5151 praecedit
2965 5083 3027 5132 in.
3054 5083 3252 5145 fratre,
3299 5081 3519 5134 rectius
3541 5081 3709 5144 legas,

2112 5176 2283 5228 quam
2309 5158 2562 5225 procedit,
2589 5163 2696 5209 etc.

2172 5233 2188 5263 ¹
2213 5235 2390 5284 Vetus
2417 5231 2602 5283 editor
2623 5226 2928 5279 maluisset
2949 5225 3210 5274 contulit:
3238 5237 3308 5276 ea
3329 5236 3536 5276 aui-em
3555 5226 3709 5272 verius

2111 5305 2263 5369 quod
2287 5303 2456 5354 modo
2473 5295 3111 5363 dicebamus,praeeedit,
3134 5297 3456 5361 legendum
3473 5302 3609 5348 erat.
3625 5295 3702 5342 s‘od

2111 5376 2252 5428 satis
2271 5376 2599 5426 consultum
2623 5376 2776 5424 recto
2795 5369 2992 5422 sensui
3011 5369 3208 5420 visum
3239 5374 3353 5432 est,
3381 5369 3704 5418 rescribendo.

2109 5447 2358 5510 conferet,
2389 5457 2524 5497 cum
2547 5449 2715 5495 antea
2724 5443 2928 5495 vitiose
2941 5441 3236 5503 legeretur
3245 5446 3537 5503 conferret.
3554 5442 3704 5490 Porro

2109 5517 2256 5568 alius
2278 5517 2442 5580 isque
2465 5516 2589 5580 ipse
2612 5515 2833 5580 gravior
2854 5513 3026 5576 longe
3041 5524 3205 5564 error
3221 5517 3335 5576 est,
3358 5525 3541 5576 quem
3555 5519 3702 5560 susin-

2105 5589 2280 5642 limus
2314 5589 2689 5652 subsequenti
2713 5597 2902 5650 versu,
2935 5584 3036 5634 ubi
3068 5589 3115 5634 te
3134 5583 3403 5648 manebit,
3429 5582 3701 5648 rescripsi-

2105 5675 2258 5727 mus,
2290 5675 2392 5728 pro
2425 5673 2539 5726 quo
2577 5663 2744 5712 antea
2776 5671 2894 5710 uno
2933 5658 3133 5721 verbo,
3175 5656 3346 5709 nullo
3377 5664 3578 5710 autem
3608 5659 3698 5711 fere

2105 5748 2301 5799 sensu,
2325 5739 2465 5798 erat,
2484 5731 2794 5783 remanebit.
