3880 6222
43 331 189 386 1033

43 517 201 567 vetis
217 516 433 580 quippe
444 514 647 576 tritico,
661 520 716 565 et
730 512 1126 577 germinabitis
1144 524 1176 572 q
1186 511 1309 561 nasi
1320 510 1507 573 vinea,
1521 523 1653 573 quas

46 586 333 637 translata
352 599 423 637 ex
446 588 705 650 Egypto,
725 584 1090 634 Palaestinam
1112 582 1240 632 latis
1258 582 1469 631 ﬁnibus
1493 594 1655 632 occu-

42 660 307 721 paverat,
331 662 390 708 et
410 656 740 707 memori-ile
758 659 1018 706 vestrum
1037 654 1189 703 sicut
1205 653 1409 702 vinum
1433 652 1540 702 erit
1560 651 1654 701 Li—

43 728 218 779 bani:
257 727 316 778 id
347 733 455 790 est,
502 727 700 791 gloria:
729 730 944 777 vestras
983 724 1084 775 erit
1136 726 1296 775 tanta
1329 724 1651 786 ﬂagrantia,

38 804 272 863 quanta
295 799 415 850 vini
438 799 591 861 quod
617 798 901 861 optimum
926 796 989 847 in
1009 797 1204 847 monte
1238 793 1455 845 Libano
1480 807 1654 857 gene-

43 877 227 921 ratur.

104 943 280 992 Vers.
317 939 369 993 9.
404 967 466 978 —
501 939 760 1002 Effraim,
801 938 937 1002 quid
974 937 1117 985 mihi
1156 935 1301 985 ultra
1343 936 1489 987 idola
1514 938 1652 1000 .9690

34 1026 65 1061 ‘e
76 1012 355 1061 raudiam
377 1018 422 1060 et
443 1011 682 1074 dirigam
699 1025 843 1071 eum,
862 1016 920 1057 ut
945 1009 1168 1057 abietem
1183 1008 1459 1071 virentem,
1482 1022 1550 1057 eae
1571 1022 1654 1056 me

38 1083 262 1145 fructus
285 1085 412 1131 tuu‘s
442 1082 693 1129 inventus
716 1086 805 1128 est.
847 1082 987 1140 Quae
1013 1091 1145 1129 cum
1186 1078 1265 1127 ita
1287 1076 1421 1138 sint,
1448 1077 1652 1141 inquit,

41 1159 107 1205 ut
132 1152 458 1217 disputatio
485 1156 686 1202 nostra
723 1150 1019 1215 perdocuit
1044 1164 1056 1198 :
1091 1148 1149 1199 id
1172 1152 1279 1211 est,
1304 1160 1478 1198 unam
1501 1148 1653 1200 hanc

40 1238 176 1276 esse
196 1224 356 1274 viam
371 1222 595 1284 salutis,
614 1234 789 1285 quam
803 1220 995 1270 cultus
1005 1219 1190 1270 nostri
1202 1218 1457 1268 numinis
1474 1220 1653 1277 religio

40 1308 156 1359 que
184 1294 456 1359 patefecit
481 1306 493 1341 :
521 1293 715 1357 ponite
738 1291 1066 1356 profanitati
1093 1290 1152 1352 [A
1163 1294 1236 1340 nt.
1277 1289 1651 1353 profttnitatis]

40 1366 255 1418 saltem
285 1365 542 1426 modum,
568 1367 737 1424 cujus
766 1375 1067 1425 nunquam
1093 1361 1304 1412 sentire
1329 1360 1655 1411 debueratis

41 1436 358 1490 exordium
385 1454 396 1485 :
429 1441 487 1487 et
502 1435 622 1498 uni,
649 1434 743 1497 qui
769 1447 942 1485 verus
978 1438 1086 1488 est.
1110 1432 1375 1493 Domino,
1406 1436 1526 1482 tota
1544 1432 1655 1484 [ide

40 1520 107 1559 ac
124 1508 436 1559 devotione
449 1504 845 1557 cohmrescite:
866 1516 973 1555 nec
988 1504 1285 1554 veritatem
1303 1502 1351 1564 ej
1364 1515 1430 1552 us
1447 1502 1503 1552 in
1522 1518 1656 1551 men-

41 1579 209 1630 dacio
228 1577 541 1628 tenendam
564 1576 796 1640 putetis,
809 1579 874 1626 ut
890 1572 1427 1625 incommunicabile
1443 1586 1654 1625 nomen

41 1650 214 1702 idolis
231 1648 597 1700 adscribatis.
627 1646 735 1698 Sed
751 1646 971 1706 scitote,
992 1645 1139 1708 quod
1160 1657 1276 1695 non
1295 1645 1481 1695 solum
1508 1658 1654 1707 prae-

42 1722 252 1786 captis,
282 1733 485 1771 verum
515 1719 642 1783 ipsa
664 1717 1025 1781 negotiorum
1060 1728 1199 1767 voce
1223 1715 1523 1779 didicistis,
1551 1728 1665 1767 me-

1247 328 1319 377 IN
1354 327 1527 378 JOEL
1561 327 2141 378 COMMENTARIUS.

42 444 228 505 nebit,
260 444 309 495 si
326 446 519 495 tamen
542 442 754 516 dignus
777 441 870 493 cui
894 443 1238 516 conferatur,
1256 452 1537 516 appareas
1560 440 1652 489 Vi-
1675 443 1729 516 Α

3202 338 3340 392 1034

1749 440 1999 519 erilegia,
2025 440 2268 519 etesitia
2293 446 2647 519 sustinendo.
2668 450 2997 501 Notandum
3024 462 3162 503 sane
3187 453 3341 514 quod

1752 512 1923 591 etiam
1941 512 2063 591 loca
2078 512 2204 572 ista,
2222 524 2351 591 quae
2369 518 2685 591 secundum
2704 521 3037 583 prmdictam
3053 533 3087 570 a
3104 512 3344 583 propheta

1752 584 2071 662 historiam,
2114 587 2282 662 prout
2320 589 2520 648 captus
2561 595 2756 662 noster
2800 591 3036 653 ferebat,
3080 594 3343 656 exposui,

1753 653 1925 723 etiam
1938 653 2013 703 ad
2028 654 2309 716 majorum
2330 668 2515 705 rerum
2536 658 3013 721 signiﬁcationem
3028 653 3251 723 possint
3268 653 3348 709 va-

1751 722 1883 775 lere.
1909 725 2050 774 Nam
2066 723 2206 774 illud
2223 726 2374 786 quod
2395 725 2465 776 de
2483 728 2860 780 Sennacherib
2878 722 3097 782 dictum
3113 738 3218 794 est,
3234 734 3345 781 Ero

1752 809 1897 843 mors
1920 800 2035 855 tua,
2064 810 2093 844 ο
2116 810 2280 855 mors,
2305 811 2393 844 ero
2418 812 2628 846 morsus
2651 805 2790 859 tuus,
2816 802 3046 863 inferne,
3077 806 3249 856 etiam
3275 804 3347 855 de

1752 865 2028 928 ampliore
2044 867 2301 929 negocio,
2323 869 2645 919 secundum
2662 871 2813 931 quod
2830 873 3088 934 gentium
3112 877 3348 934 magister

1751 938 2021 999 ostendit,
2042 938 2219 1000 accipi
2238 943 2445 1001 potest.
2466 941 2607 990 Nam
2629 953 2759 991 cum
2775 942 2846 991 ad
2865 944 3183 995 Corinthios
3196 960 3349 1005 super

1750 1008 2171 1079 manifestanda
2182 1009 2599 1061 resurrectione
2609 1010 2954 1073 loqueretur:
2975 1013 3069 1061 Ubi
3081 1021 3169 1075 est,
3182 1030 3349 1079 mors,

1753 1078 1961 1143 inquit,
1986 1078 2200 1127 aculeus
2223 1083 2347 1127 tuus
2371 1080 2395 1126 ?
2422 1079 2513 1128 ubi
2534 1086 2621 1142 est,
2647 1096 2812 1146 mors,
2839 1083 3064 1131 victoria
3088 1087 3219 1132 tua?
3247 1078 3349 1134 Deo

1754 1154 1935 1199 autem
1970 1150 2196 1212 gratias,
2235 1150 2333 1214 qui
2355 1151 2497 1199 dedit
2536 1150 2689 1200 nobis
2729 1153 3012 1202 victariam
3046 1169 3143 1217 per
3163 1156 3350 1205 Jesum

1757 1221 2034 1270 Christum
2065 1220 2365 1269 Dominum
2389 1227 2637 1271 nostrum
2659 1222 2728 1286 (1.
2769 1224 2887 1273 Cor.
2916 1222 3041 1287 15.).
3069 1225 3173 1276 Hic
3196 1227 3349 1278 enim

1754 1292 1922 1354 quasi
1938 1294 2147 1343 ventus
2162 1305 2359 1354 urens,
2375 1293 2585 1357 quippe
2602 1296 2698 1357 qui
2712 1294 2904 1358 ignem
2922 1297 3145 1347 venerit
3160 1298 3353 1346 mittere

1755 1376 1926 1427 super
1948 1368 2156 1414 terram
2177 1364 2318 1422 (Luc.
2340 1363 2464 1426 12.),
2491 1365 2561 1416 de
2577 1365 2804 1417 deserto
2820 1364 2875 1431 Δ
2887 1363 2999 1434 76
3018 1367 3354 1421 ascendisse

1752 1435 2103 1497 perhibetur,
2128 1435 2262 1497 quia
2284 1435 2354 1486 de
2374 1440 2537 1486 utero
2559 1436 2826 1500 Virginis,
2852 1437 2926 1487 ad
2950 1451 3127 1499 quam
3151 1451 3354 1490 secun-

1753 1506 1893 1556 dum
1917 1512 2141 1556 naturae
2163 1504 2317 1568 leges
2339 1506 2424 1556 vir
2445 1508 2609 1569 quasi
2642 1507 2826 1558 cultor
2858 1508 2879 1537 δ
2922 1515 3194 1572 cesserat,
3220 1522 3349 1573 ger—

1752 1576 1994 1627 minavit
2018 1591 2030 1625 :
2049 1578 2105 1626 et
2124 1587 2305 1627 venas
2322 1577 2522 1627 mortis
2538 1577 2871 1640 fontemque
2887 1581 3015 1642 ejus
3042 1579 3174 1631 fecit
3196 1593 3351 1632 ares-

1758 1660 1903 1709 cere,
1920 1650 1986 1697 ut
2006 1659 2125 1697 non
2140 1646 2377 1697 haberet
2387 1647 2485 1710 jus
2504 1648 2757 1700 secundo
2776 1650 3069 1711 repetendi
3086 1663 3204 1711 eos,
3223 1667 3352 1712 quos

1761 1719 1938 1769 semel
1960 1718 2021 1767 in
2045 1720 2260 1768 aeterna
2274 1717 2484 1779 gaudia
2504 1718 2850 1783 Redemptor
2873 1720 3231 1772 suscitasset.
3258 1723 3354 1771 In-

45 1805 233 1877 unum
249 1803 397 1877 esse.
417 1791 585 1877 cjujus
600 1789 754 1877 sicut
769 1789 1018 1877 cultores
1033 1791 1252 1877 aeterna:
1269 1786 1560 1877 fmlicitate
1576 1803 1658 1847 po-
1684 1804 1738 1877 B
1759 1788 2105 1877 car'nat‘ion'is
2129 1787 2409 1851 siquidem
2427 1789 2609 1877 ipsius
2633 1796 3011 1877 sacramento,
3036 1803 3132 1877 ros
3145 1793 3352 1873 gratim

42 1866 292 1923 tiantur,
325 1861 404 1912 ita
427 1860 747 1911 desertores
776 1856 1007 1910 aeternis
1039 1856 1286 1907 miseriis
1320 1858 1652 1908 obruantur.

46 1937 167 1997 Ego
190 1944 331 1982 sum
352 1931 503 1981 enim
520 1930 621 1992 qui
636 1928 881 1980 exaudio
904 1927 1311 1991 supplicantes,
1329 1927 1428 1989 qui
1449 1942 1651 1987 possum

47 2010 101 2056 et
120 2004 289 2054 soleo
306 2013 508 2052 sanare
526 2002 820 2063 contritos,
839 1998 1080 2062 dirigere
1096 2002 1409 2058 contortos,
1430 1998 1653 2049 {decun-

48 2075 180 2125 dare
198 2072 451 2131 steriles,
467 2071 721 2121 invenire
734 2074 1057 2134 pereuntes.
1077 2069 1356 2119 suscitare
1372 2074 1652 2128 mortuos,

48 2151 103 2198 et
119 2147 177 2196 in
194 2157 333 2197 eam
351 2141 764 2201 celsitudinem,
783 2154 923 2201 quos
942 2144 1309 2203 vegetavero,
1328 2140 1655 2203 sublimare,

45 2224 109 2270 ut
138 2217 214 2268 de
234 2215 445 2280 palmis
462 2216 560 2264 aut
574 2213 733 2264 rubis
756 2213 815 2263 in
837 2211 1052 2262 abietes
1067 2214 1124 2262 et
1142 2222 1449 2275 cupressos
1471 2211 1658 2276 proie-

48 2289 197 2341 cisse
227 2286 553 2346 videantur,

129 2354 255 2425 47
269 2356 318 2423 5
348 2358 508 2407 Vers.
535 2353 623 2408 10.
657 2382 707 2390 -
726 2352 860 2425 Quis
871 2351 1106 2416 sapiens,
1126 2355 1179 2425 et
1205 2361 1223 2425 ξ
1244 2350 1497 2425 intelligit
1516 2352 1660 2425 ista?

45 2423 360 2492 intelligens
380 2431 427 2475 et
447 2425 569 2474 sciet
588 2427 696 2474 haec
719 2428 743 2476 ?
766 2424 899 2487 quia
914 2430 1061 2471 rectae
1082 2424 1177 2470 vite
1195 2423 1432 2475 Domini.
1462 2427 1508 2471 et
1520 2423 1660 2485 justi

44 2518 74 2549 a
84 2498 412 2550 mbulabunt
428 2497 491 2545 in
506 2497 581 2545 eis
600 2515 612 2544 :
635 2493 1070 2559 pravaricatores
1085 2507 1207 2543 vero
1223 2499 1476 2542 corruant
1490 2494 1551 2541 in
1565 2494 1656 2542 eis.

47 2571 261 2623 Merito
278 2567 547 2620 volumen
561 2578 733 2617 suum
745 2565 1119 2616 admiratione
1131 2566 1394 2625 conclusit,
1410 2565 1557 2622 cujus
1570 2566 1661 2611 uti-

46 2642 283 2692 litatem
299 2644 356 2691 et
367 2651 465 2702 per
480 2640 769 2702 prmcepta
783 2640 843 2687 et
853 2648 954 2700 per
964 2633 1227 2698 exempla
1240 2637 1661 2685 monstraverat

48 2710 263 2771 Simul,
282 2714 349 2760 ut
362 2708 608 2770 doceret,
625 2718 895 2757 caussam
918 2718 1150 2757 omnem
1168 2711 1478 2765 peccatorum
1494 2712 1540 2752 et
1561 2708 1661 2751 mi-

50 2783 347 2835 seriarum
364 2780 435 2831 de
462 2778 707 2831 stultitia
731 2778 1021 2839 contigisse,
1040 2778 1263 2824 laudavit
1278 2778 1551 2835 sapientem
1572 2777 1658 2836 qui

47 2854 259 2907 omnia
279 2864 410 2915 quae
431 2849 872 2912 suntdisputata
890 2848 1266 2911 perpendens,
1281 2846 1538 2895 utilitatem
1554 2848 1659 2893 via-

52 2939 185 2977 rum
204 2934 505 2975 sacrarum
518 2921 809 2984 ﬁnemque
823 2926 1166 2977 cognosceret:
1185 2920 1319 2978 quod
1333 2932 1422 2977 per
1440 2932 1522 2965 eas
1535 2919 1662 2976 justi

49 2996 335 3048 videlicet
360 3006 493 3044 cum
511 2991 817 3043 severitate
842 2989 1236 3054 graderentur,
1262 2990 1663 3048 praevaricatores

48 3071 255 3119 autem
280 3065 500 3128 quique
532 3066 877 3120 corruerent,
901 3059 1258 3112 admittendo
1287 3057 1555 3110 videlicet
1579 3070 1662 3109 sa-

118 3218 138 3239 ⁸
184 3209 383 3259 Antea
405 3203 621 3269 sapiens
656 3202 923 3266 intelligit,
950 3201 1325 3254 renuentibus
1355 3200 1480 3250 aliis
1504 3199 1661 3250 libris

50 3280 306 3344 ipsoque
330 3280 581 3328 Auctore
596 3280 794 3327 nostro
812 3286 917 3325 suo
932 3272 1124 3335 ﬁnem,
1141 3271 1241 3323 ubi
1257 3283 1492 3323 versum
1506 3272 1663 3323 hunc

52 3355 300 3473 refersit
335 3419 581 3471 verbum
620 3416 729 3468 hoc
769 3420 1010 3480 cesserat,
1047 3414 1298 3479 negandi
1335 3414 1661 3479 signiﬁcatu

52 3490 467 3557 accipiendum
484 3494 591 3552 est,
606 3491 671 3540 ut
684 3487 837 3539 idem
854 3487 929 3539 sit
944 3494 1118 3550 atque
1134 3486 1436 3557 defecerat,
1454 3490 1513 3538 et
1527 3498 1665 3537 con-

56 3556 316 3616 tinenter
330 3560 540 3613 defecit
564 3573 577 3611 :
598 3563 698 3611 aut
712 3558 897 3609 nullus
911 3563 1213 3619 accesserat,
1227 3556 1539 3620 legendum
1554 3561 1662 3609 est.

1756 1860 1815 1910 in
1842 1860 2224 1910 Ecclesiarum
2256 1872 2395 1910 arva
2421 1860 2737 1922 descendit,
2768 1866 2831 1913 ut
2855 1863 3070 1925 passim
3101 1862 3351 1913 diversis
3374 1876 3395 1889 ’-

1754 1930 2067 1982 virtutibus
2091 1929 2383 1981 fructuosa
2407 1932 2541 1981 vitis
2558 1931 2789 1994 lilioque
2805 1932 3113 1997 prodirent,
3141 1938 3198 1984 et
3214 1936 3352 1982 ﬁeret

1753 2000 2245 2064 multiplicationis
2262 2001 2514 2052 fidelium
2540 2007 2699 2053 tanta
2716 2003 2996 2063 fmlicitas,
3018 2009 3236 2067 quanta
3258 2017 3352 2055 es-

1754 2076 1845 2123 set
1865 2072 1987 2134 agri
2002 2072 2152 2135 pleni
2169 2071 2449 2136 frugibus,
2466 2072 2763 2137 fructibus,
2779 2074 3016 2125 floribus
3032 2075 3352 2135 gloriantis.

1755 2143 1961 2206 Sicque
1981 2146 2385 2194 convertentur
2410 2144 2681 2195 sedentes
2704 2146 2763 2194 in
2789 2146 2992 2196 umbra
3011 2147 3154 2207 ejus,
3179 2146 3239 2196 id
3262 2150 3353 2197 est

1756 2215 1997 2266 diversae
2023 2213 2288 2264 nationes
2313 2215 2422 2264 sub
2452 2215 2803 2277 protectione
2827 2217 3099 2267 Ecclesia
3121 2218 3354 2278 requie-

1754 2298 1913 2336 scere
1928 2284 2355 2347 concupiscent,
2373 2287 2512 2335 utet
2529 2286 2857 2349 corporalis,
2876 2292 2933 2337 et
2951 2287 3264 2350 spiritualis
3281 2291 3354 2335 vi-

1756 2356 1913 2419 goris
1945 2355 2275 2405 alimoniam
2308 2355 2367 2404 in
2399 2356 2556 2413 vino,
2595 2360 2651 2406 et
2684 2357 2870 2408 tritico
2905 2364 3353 2420 consequantur.

1758 2427 1940 2489 Igitur
1957 2425 2070 2487 illa,
2089 2438 2220 2487 quae
2245 2426 2353 2475 sub
2380 2427 2620 2477 Ezechia
2642 2433 2752 2485 est,
2768 2427 3001 2491 impleta
3023 2429 3296 2492 liberatio,
3322 2424 3358 2480 εἰ

1756 2497 2037 2558 libertate,
2055 2508 2233 2558 quam
2248 2496 2510 2547 Christus
2532 2498 2787 2561 tradidit,
2812 2502 2870 2548 et
2894 2499 3248 2549 cumulatius
3265 2513 3360 2550 ex-

1756 2567 2015 2632 plicetur,
2049 2571 2104 2618 et
2139 2567 2378 2629 gratius.
2416 2567 2548 2625 Quis
2580 2572 2818 2631 sapiens,
2843 2576 2887 2617 et
2924 2570 3175 2632 intelliget
3206 2571 3311 2617 ista
3334 2572 3359 2619 ?

1758 2648 1777 2668 ο
1800 2638 2112 2699 lnteltigens
2148 2643 2191 2685 et
2214 2638 2336 2684 sciet
2372 2637 2479 2685 haec
2502 2641 2527 2687 it
2559 2639 2701 2698 Quia
2736 2639 3003 2689 videlicet
3032 2641 3256 2702 positus
3282 2641 3359 2691 sit

1759 2708 2042 2760 Dominus
2056 2707 2116 2758 in
2128 2707 2352 2758 ruinam
2365 2712 2421 2757 et
2434 2709 2909 2760 resurrectionem
2921 2704 3256 2760 multorum:
3267 2726 3361 2759 nec

1760 2792 1859 2844 per
1872 2779 2041 2829 calles
2058 2780 2106 2841 ej
2116 2791 2185 2828 us
2198 2777 2460 2828 conﬂden
2468 2784 2553 2828 ter
2568 2779 2857 2841 incedant,
2876 2780 2934 2830 in
2951 2781 3162 2843 quibus
3175 2784 3356 2831 secta-

1760 2855 1913 2901 tores
1930 2850 2235 2899 criminum
2254 2847 2635 2907 collabuntur,
2653 2850 2765 2900 nisi
2787 2851 2885 2912 qui
2902 2864 2973 2902 ex
2992 2855 3111 2902 toto
3127 2857 3356 2914 pectore

1760 2920 2106 2971 conﬁtentur
2133 2918 2421 2969 Christum
2446 2920 2549 2969 Dei
2570 2932 2701 2971 esse
2725 2921 2997 2973 virtutem
3021 2922 3238 2983 Deique
3262 2934 3357 2973 sa-

1758 2991 2050 3055 pientiam,
2076 3001 2344 3052 unusque
2368 3002 2499 3040 cum
2523 3002 2591 3042 eo
2626 2991 2747 3043 ﬁeri
2777 2991 3031 3055 spiritus,
3057 2994 3208 3044 votis
3232 2996 3359 3044 stu-

1762 3061 1988 3124 diisque
2011 3060 2386 3111 contendunt.

1762 3203 1918 3253 Prior
1932 3214 2140 3252 sensus
2154 3201 2386 3252 nativus
2406 3206 2496 3253 est
2511 3202 2717 3266 magis,
2728 3206 2902 3267 atque
2918 3204 3184 3255 Auctoris
3196 3208 3353 3253 menti

1761 3272 2123 3325 conformior:
2139 3273 2282 3323 alter
2293 3271 2627 3323 clarioribus
2641 3274 2806 3337 paulo
2820 3276 3009 3325 verbis
3025 3276 3353 3338 exponitur.

1760 3343 2116 3396 Alterutrum
2134 3343 2409 3394 orationis
2434 3348 2761 3408 contextus,
2786 3350 2845 3396 et
2859 3345 3168 3410 propositas
3189 3358 3354 3411 mys-

1764 3415 1895 3467 ticae
1925 3415 2099 3466 series
2129 3414 2364 3465 omnino
2388 3414 2584 3478 exigit.
2821 3425 2835 3441 ε

1827 3495 1846 3516 °
1872 3487 2106 3537 Lectum
2127 3489 2295 3537 antea
2316 3485 2589 3549 Intelligit.

925 3889 2508 4041 COMMENTARIUS

751 4144 938 4266 1N
1042 4156 1414 4264 JOEL
1564 4162 2471 4262 PBOPHETAM
2612 4163 2685 4252 ³.

154 4558 337 4629 477
361 4560 507 4611 Cum
519 4556 587 4609 ad
605 4556 730 4629 haec
742 4553 1052 4629 probetica,
1068 4554 1163 4606 vel
1183 4555 1369 4629 abdita,
1395 4554 1532 4629 ve1_si
1545 4567 1677 4629 com-

64 4624 373 4700 petentius
388 4641 624 4681 nemora
638 4628 900 4688 dixerim,
913 4626 1104 4678 audax
1119 4625 1372 4700 quidem,
1387 4624 1488 4700 sed
1503 4624 1677 4672 ammi-

65 4695 288 4758 niculis
313 4700 610 4765 religionis
634 4700 824 4765 potius
846 4710 1021 4763 quam
1046 4695 1383 4747 temeritatis
1405 4696 1675 4765 innexus,

65 4764 488 4844 percunctator
525 4764 901 4844 accederem:
943 4769 990 4844 si
1021 4768 1131 4844 frui
1163 4764 1675 4844 sensibus‘lice‘ret,

62 4835 87 4880 ί
115 4846 283 4900 haud
300 4843 523 4909 plebeia
537 4842 666 4894 luce
676 4840 1013 4907 perspicuis,
1034 4838 1135 4889 sed
1149 4849 1358 4888 arcano
1375 4835 1678 4909 splendore

67 4907 429 4977 reverendis,
463 4926 638 4977 quam
678 4911 997 4963 Editionem
1019 4920 1315 4961 assumere
1347 4908 1502 4971 (sunt
1524 4907 1679 4957 enim

141 5072 159 5092 ·
194 5056 683 5121 Vetusinscriptio
712 5059 834 5107 erat
863 5052 1053 5115 Ruﬁni
1077 5050 1434 5115 Aquilejensis
1458 5048 1681 5121 Presby-

73 5132 183 5183 teri
210 5132 270 5180 in
306 5129 482 5186 Johet,
508 5120 613 5179 etc.
652 5125 807 5177 Idem
834 5129 986 5175 certe
1016 5122 1231 5174 Audior
1268 5125 1377 5184 est,
1402 5120 1501 5183 qui
1532 5131 1681 5183 prse-

71 5203 362 5256 cedentes
382 5200 440 5251 in
458 5199 664 5251 Oscam
681 5194 1135 5248 Commentarios
1156 5192 1485 5252 elaboravit,
1506 5202 1683 5253 seque

71 5277 207 5341 ipse
231 5273 292 5323 in
316 5271 493 5335 hujus
517 5272 793 5341 contentu
819 5265 1005 5329 operis
1027 5262 1234 5341 prodit.

144 5346 168 5375 δ
192 5347 439 5396 Lectum
473 5339 753 5391 contrario
791 5349 968 5387 sensu
1005 5338 1093 5385 est
1122 5334 1404 5384 hactenus
1436 5337 1550 5390 aut,
1583 5344 1684 5395 pro

75 5415 244 5467 haud
259 5411 511 5477 negandi
526 5408 816 5475 particula,
833 5420 1005 5471 quam
1018 5419 1123 5456 nos
1137 5403 1564 5454 substituimus.
1578 5405 1686 5450 Mox

75 5498 328 5553 quoque
338 5496 666 5553 assumerem
680 5480 957 5545 scriptum
970 5477 1171 5528 vitiose
1185 5481 1388 5553 erat-pro
1398 5488 1685 5553 assumere.

75 5546 577 5621 interpunctionis
594 5554 840 5614 peccata,
866 5560 999 5611 quae
1025 5546 1456 5621 sensumferme
1479 5549 1692 5621 ever_te-

78 5613 267 5690 bant;
279 5613 607 5678 dissimulo;
630 5624 911 5673 Caeterum
936 5616 1355 5690 comparandus
1378 5616 1470 5667 hic
1498 5619 1586 5665 est
1607 5613 1692 5690 lo-

81 5714 197 5753 cus
214 5688 353 5750 cum
376 5692 492 5757 illo,
517 5706 691 5756 quem
719 5692 1122 5743 babetAuctor
1143 5688 1308 5755 initio
1332 5689 1692 5739 Commenta-

79 5773 314 5827 riorum
335 5768 395 5819 in
418 5766 585 5826 Osee,
608 5763 678 5814 de
702 5762 905 5816 eadem
922 5761 1185 5812 versione
1204 5761 1318 5812 ista
1337 5772 1410 5811 ex
1425 5758 1689 5821 Hebrwo,

83 5856 270 5912 quam
299 5841 371 5893 de
394 5835 627 5890 nomine
659 5837 829 5885 vocat
860 5831 1381 5896 Hieronymianam.

383 5926 646 5983 PATROL.
685 5921 850 5979 XXI.

1771 4543 2075 4608 plusculae)
2089 4541 2430 4606 delegissem
2447 4558 2458 4588 :
2483 4540 2678 4592 notavi
2694 4537 2959 4591 videlicet
2974 4539 3237 4593 ultimam
3250 4557 3365 4605 quas

1771 4616 2063 4664 secundum
2080 4613 2357 4662 Hebraeum
2380 4616 2629 4673 vocatur,
2643 4610 2867 4674 quodin
2887 4623 2955 4662 ea
2975 4612 3162 4677 magis
3175 4614 3366 4665 elocu—

1775 4686 1998 4736 tionum
2020 4689 2173 4735 esset
2188 4684 2508 4749 integritas,
2533 4695 2666 4747 quas
2681 4682 2772 4734 vel
2794 4681 3057 4735 docentis
3077 4684 3366 4747 affectum,

1774 4757 1863 4807 vel
1880 4754 2278 4806 comminantis
2298 4756 2655 4819 exprimeret.
2671 4752 2859 4817 Ipsius
2871 4765 3006 4818 ergo
3020 4756 3370 4808 Translatio-

1776 4827 1868 4877 nis
1884 4826 2100 4890 judicio
2142 4825 2312 4889 [Forte
2343 4825 2571 4888 indicio]
2596 4823 2999 4889 comperimus,
3027 4824 3205 4878 alium
3239 4841 3369 4880 esse

1778 4899 1898 4948 XII.
1948 4896 2360 4959 Prophetarum
2386 4897 2645 4948 ordinem
2668 4895 2821 4960 apud
2853 4896 3369 4962 Hebrwos,‘quam

1842 5048 1860 5070 ο
1879 5041 1964 5089 Ex
1998 5039 2369 5103 Hieronymo,
2400 5040 2499 5102 qui
2530 5039 2753 5091 Praefat.
2790 5039 3105 5093 Comment.
3135 5042 3195 5093 in
3218 5042 3373 5094 hunc

1779 5111 2024 5162 eundem
2059 5111 2418 5173 PrOphetam,
2451 5111 2577 5161 Non
2600 5110 2764 5171 idem,
2794 5111 2891 5175 ait,
2916 5112 3048 5161 ordo
3080 5120 3153 5161 est
3173 5115 3376 5163 duode-

1779 5182 1887 5231 cim
1909 5182 2306 5245 Prophetarum
2341 5182 2493 5246 apud
2518 5182 2677 5231 LXX.
2702 5183 3026 5246 interpretes,
3061 5185 3159 5247 qui
3182 5185 3241 5232 in
3265 5187 3371 5234 He-

1782 5253 1968 5301 braica
1986 5253 2202 5301 veritate
2215 5254 2492 5303 retinetur.
2518 5253 2605 5301 Illi
2621 5253 2785 5316 enim,
2803 5258 2914 5315 etc.,
2933 5266 3066 5316 qum
3082 5254 3377 5307 referenda

1784 5324 1857 5375 ad
1890 5325 2129 5376 verbum
2168 5324 2281 5375 huc
2308 5329 2463 5375 sunt.
2504 5326 2573 5375 Et
2610 5325 2719 5375 sub
2754 5324 2981 5375 initium
3009 5326 3376 5378 Commenta—

1785 5395 1889 5445 rii:
1940 5395 2211 5452 Quomodo
2241 5399 2420 5443 autem
2456 5395 2515 5443 in
2556 5395 2674 5443 Osee
2709 5394 3120 5456 Propheta.......
3146 5396 3241 5445 sub
3277 5412 3378 5447 ηο-

1787 5466 1934 5515 mine
1945 5466 2233 5529 Ephraim,
2246 5466 2318 5515 ad
2329 5465 2501 5514 decem
2519 5466 2704 5514 Tribus
2715 5465 3335 5527 conferturvaticinium.
3346 5506 3376 5520 ..

1787 5540 1862 5587 sic
1900 5537 1961 5584 in
1997 5536 2128 5594 Joel,
2166 5537 2261 5599 qui
2293 5537 2459 5599 juwta
2506 5535 2744 5585 Hebraeos
2791 5537 3054 5587 secundus
3097 5544 3186 5603 est,
3228 5555 3384 5590 omne

1791 5608 1935 5673 quod
1958 5607 2160 5656 dicitur
2194 5607 2268 5655 ad
2297 5606 2513 5657 Tribum
2536 5607 2703 5665 Juda,
2727 5613 2773 5656 et
2811 5606 2884 5655 ad
2905 5607 3203 5660 Jerusalem
3231 5611 3388 5674 perti-

1788 5695 1913 5731 nere
1949 5679 2275 5729 credendum
2314 5684 2491 5730 est.....
2542 5678 2800 5742 Tempora
2840 5692 3053 5741 quoque
3091 5681 3151 5730 in
3196 5682 3390 5746 quibus

1788 5750 2152 5817 prophetarit,
2189 5750 2371 5801 eadem
2405 5749 2648 5800 debemus
2684 5749 2938 5814 accipere,
2965 5764 3084 5812 quas
3107 5756 3155 5802 et
3185 5753 3245 5803 in
3272 5753 3389 5803 Osee

1792 5822 2035 5887 legimus,
2061 5823 2166 5872 etc.

3111 5909 3177 5965 33
