3880 6222
483 241 617 295 103ῗῷ

478 365 647 417 quem
687 348 971 411 vulgatior
1020 346 1202 397 Editio
1249 347 1521 407 continet,
1567 347 1668 395 Per
1709 342 1864 401 illud,
1914 339 2066 417 quod
2090 346 2149 415 Α

476 410 591 475 non
626 424 684 473 in
709 410 977 471 omnibus
1015 418 1304 481 prophetis
1329 418 1544 467 indices
1571 420 1890 477 temporum
1916 410 2065 462 tituli

474 493 870 559 przelcgantur,
902 489 1240 559 neutiquam
1263 489 1548 539 incertum
1574 488 1654 547 lit,
1680 485 1891 559 quibus
1914 488 2063 559 aeta-

474 553 630 616 tibus
642 553 837 614 eorum
853 558 1062 619 singuli
1080 555 1812 623 prophetaveruntzquando
1831 553 2062 616 quidem

475 635 702 687 traditio
746 645 845 696 per
889 642 1097 680 manus
1143 630 1325 680 missa
1362 627 1747 687 commendet,
1797 625 1905 675 sub
1952 625 2063 696 illis

473 704 650 774 478
677 695 910 774 regibus
933 712 1148 774 eorum,
1190 701 1288 774 qui
1311 700 1435 749 sine
1461 698 1640 749 titulis
1671 698 1956 774 leguntur,
1984 695 2064 745 vi-

468 768 665 843 guisse
689 773 1029 843 doctrinam,
1047 772 1155 820 sub
1173 771 1383 843 quibus
1407 775 1541 843 ante
1552 781 1663 843 eos
1679 768 2061 843 p_ropheta_ve-_

468 835 596 909 rint,
623 846 722 909 qui
748 844 929 896 titulis
955 842 1335 892 instruuntur.
1365 839 1604 890 Proinde
1630 843 1686 888 et
1711 840 1915 887 beatus
1939 835 2064 887 Joel

468 919 766 973 viderisan
779 926 1079 977 aequaevus
1092 912 1475 962 intercoaavos
1489 914 1685 959 sancto
1698 910 2062 971 Oseze,quem

465 995 598 1042 ante
612 1002 741 1041 eum
755 987 1017 1046 legimus,
1032 984 1432 1044 comprobetur
1450 994 1666 1047 :eorum
1682 980 1814 1030 dem
1832 982 2063 1031 videlicet

468 1074 668 1123 regum
681 1057 1076 1110 crudelitatem
1094 1054 1589 1116 contumeliasque
1604 1053 1941 1123 perpetiens,
1966 1064 2061 1103 ea-

465 1120 596 1184 dem
620 1130 917 1193 sacrilegia
942 1126 1132 1191 populi
1154 1125 1395 1176 furentis
1416 1137 1718 1184 accusans,
1745 1122 1946 1175 eadem
1962 1124 2061 1175 im-

466 1202 773 1268 pendentia
795 1198 1120 1251 criminosis
1149 1198 1430 1249 tormenta
1462 1194 1837 1247 denuncians.

903 1292 1185 1359 CAPUT
1233 1292 1605 1356 PRIMUM.

527 1397 732 1462 Incipit
748 1398 940 1448 autem
959 1393 1032 1443 ab
1053 1390 1393 1444 admirantis
1408 1391 1620 1456 potius,
1639 1395 1696 1444 et
1712 1392 1878 1455 quasi
1901 1404 2058 1443 com-

468 1467 798 1521 miserantis
827 1466 1034 1516 afl‘ectu
1062 1478 1075 1515 :

526 1542 687 1590 Vers.
720 1539 767 1591 1.
802 1565 862 1574 -
912 1535 1135 1585 Verbum
1174 1535 1418 1597 Domini,
1455 1534 1598 1598 quod
1634 1534 1843 1596 factum
1874 1538 1947 1583 est
1985 1534 2058 1583 ad

460 1610 772 1671 Joelfitium
813 1606 1015 1658 Fatuel.
1050 1608 1190 1669 Hoc,
1216 1607 1421 1668 inquit,
1457 1606 1753 1667 doctrinae,
1781 1606 1895 1655 imo
1922 1618 2057 1655 cen-

462 1694 617 1733 suras
643 1692 855 1731 munus
881 1678 1153 1741 imposuit
1171 1677 1383 1728 famulo
1408 1690 1513 1727 suo
1538 1678 1738 1727 doctor
1766 1681 2048 1728 aeternus:

462 1752 693 1803 nomine
711 1751 923 1814 quippe
943 1749 1101 1799 verbi
1120 1753 1315 1801 totam.
1336 1760 1509 1811 quam
1533 1749 1764 1798 visurus
1786 1752 1891 1810 est,
1919 1747 2056 1799 doc.

461 1824 668 1874 trinam
684 1823 890 1887 pariter
905 1820 1179 1871 indicavit
1213 1822 1614 1882 Paterquoque
1630 1820 1923 1883 propheta:
1939 1832 2056 1870 non

459 1895 529 1946 de
555 1894 730 1944 nihilo
756 1896 1140 1944 memoratur:
1171 1892 1272 1942 sed
1296 1892 1569 1953 quoniam
1608 1890 1908 1941 sanctitate
1934 1890 2057 1954 pol—

458 1965 719 2025 lentium,
743 1964 1008 2028 quotiens
1025 1976 1139 2013 non
1160 1963 1346 2013 solum
1365 1964 1624 2021 virtutes,
1645 1967 1917 2013 caeterum
1938 1964 2057 2014 Ma-

453 2037 608 2099 jores
623 2036 791 2087 etiam
806 2035 1199 2094 nominantur,
1218 2033 1315 2083 fiat
1328 2034 1411 2084 eis
1428 2046 1556 2084 cum
1578 2033 1910 2095 parentibus
1932 2034 2053 2084 suis

456 2108 756 2170 dignitatis
784 2106 1051 2167 aquatio,
1079 2106 1273 2167 sicque
1298 2109 1355 2154 et
1380 2104 1478 2160 illi,
1507 2103 1596 2153 vel
1618 2104 1780 2165 justi,
1811 2103 1893 2154 vel
1919 2117 2053 2167 pro-

459 2180 665 2241 phetae,
694 2175 783 2227 vel
807 2176 1105 2239 pontitices
1126 2176 1473 2238 judicentur.
1510 2177 1648 2225 litec
1687 2187 1821 2235 ergo
1845 2186 2054 2226 caussa

457 2246 761 2297 laudandae
797 2246 1004 2295 radicis
1028 2245 1088 2294 in
1125 2246 1395 2305 germine.
1435 2249 1492 2294 et
1516 2244 1758 2295 honesta
1783 2249 1840 2294 et
1863 2246 2050 2307 gravis

457 2317 713 2367 docetur.
750 2315 894 2365 lllud
922 2318 1113 2365 autem
1138 2315 1291 2376 quod
1323 2315 1558 2377 quidam
1591 2325 1607 2344 ·
1633 2320 2049 2365 Commentatores

455 2387 831 2450 etymologias
850 2387 1020 2436 etiam
1035 2386 1333 2435 nominum
1355 2383 1531 2453 479
1563 2387 1897 2449 prosequuti
1914 2394 2051 2439 sunt

457 2458 527 2508 de
560 2458 652 2508 his
678 2457 943 2510 videlicet
968 2456 1202 2507 laudum
1232 2459 1451 2506 semina
1473 2456 1826 2519 colligentes,
1854 2458 1911 2507 id
1939 2464 2048 2521 est,

453 2529 576 2580 Joel
626 2537 643 2557 '
686 2528 838 2591 quod
883 2524 1151 2592 ἀρχὸμενος
1184 2528 1453 2590 incipiens
1502 2528 1805 2578 transferre
1853 2542 2051 2592 possu-

454 2613 606 2663 mus,
639 2598 877 2650 Phatuel
910 2599 1137 2645 latitudo
1176 2599 1287 2655 Dei,
1323 2602 1379 2648 et
1426 2599 1642 2660 reliqua
1671 2600 1727 2648 in
1758 2599 1914 2650 hunc
1939 2614 2051 2652 mo-

456 2671 614 2731 dum,
643 2675 707 2721 ut
736 2668 971 2732 puerilia
996 2672 1053 2718 et
1076 2670 1271 2732 inepta
1298 2672 1455 2732 sunt,
1480 2668 1560 2719 ita
1584 2669 1712 2732 plus
1735 2672 1948 2733 negotii
1974 2672 2050 2723 vi-

455 2742 658 2792 dentur
676 2741 902 2795 habere,
917 2752 1089 2801 quam
1113 2740 1415 2789 commodi.

516 2814 675 2862 Vers.
702 2809 754 2864 2.
781 2838 839 2848 -
867 2811 1064 2859 Audite
1101 2810 1215 2873 hoc,
1249 2825 1411 2873 senes,
1448 2814 1491 2857 et
1526 2809 1752 2858 auribus
1772 2813 2043 2875 percipite,

452 2897 634 2931 omnes
652 2881 975 2930 habitatores
1000 2886 1167 2941 terrae,
1192 2880 1239 2927 si
1263 2880 1470 2941 factum
1504 2886 1573 2927 est
1602 2882 1742 2928 istud
1774 2882 1831 2930 in
1864 2883 2044 2931 diebus

453 2953 650 3015 vestris,
674 2960 767 3001 aut
798 2952 857 2999 in
885 2952 1065 2999 diebus
1087 2956 1310 3014 patrum
1336 2955 1642 3001 vestrorum.
1671 2952 1881 3001 Habitu
1908 2966 2045 3003 con-

451 3022 1107 3085 cionatorisingreditur,
1131 3021 1588 3083 magnitudinem
1612 3024 1914 3073 calamitatis
1929 3039 2043 3083 qua:

451 3093 723 3146 Israelitis
748 3093 1003 3155 contigit,
1030 3096 1383 3143 narraturus.
1415 3093 1572 3154 Ecce,
1612 3092 1819 3156 inquit,
1848 3108 2044 3146 vocem

1543 233 1801 283 ltl’HNt)
1838 230 2295 279 l’lilSSBYTEliO
2332 233 2712 283 ASCRIPTUS

3726 222 3751 274 1
3760 226 3825 274 0;.

2178 342 2352 392 vestri
2378 345 2547 394 ﬂetus
2570 344 2737 394 antici
2748 357 2833 407 po,
2859 349 2916 395 et
2951 342 3110 407 quod
3135 342 3209 414 ad
3236 340 3580 392 invidiam
3599 339 3841 414 _motur.;

2170 418 2291 463 erat
2315 415 2667 476 conquestio,
2702 415 2918 477 primus
2948 413 3218 474 enuncio,
3244 425 3371 463 non
3409 421 3436 440 ε
3486 408 3679 466 unis,
3714 407 3845 457 vide

2162 482 2294 533 licet
2326 484 2635 547 alterisque
2681 485 3045 548 subjacuisse
3086 484 3491 545 verberibus,
3550 483 3840 531 exortata

2163 554 2516 605 calamitates
2534 557 2925 619 spumantium
2939 555 3127 605 instar
3140 554 3467 605 undarum
3489 551 3703 602 novis
3718 561 3843 600 sem-

2162 636 2262 687 per
2273 626 2660 687 praecedentes
2678 627 2938 677 miserias
2953 624 3271 690 depulisse.
3290 625 3566 676 Omnes
3586 628 3841 685 ergoiam

2162 694 2234 745 ad
2261 697 2611 748 audiendum
2638 697 2841 749 incolae
2864 696 3207 748 convenite:
3232 694 3326 746 vel
3347 709 3506 751 vos,
3545 695 3666 756 qui
3694 695 3841 743 senio

2161 766 2297 817 vitm
2320 767 2487 818 istius
2532 766 2775 831 plurima
2797 767 3056 831 pericula
3081 766 3421 830 collegistis
3456 766 3541 831 [Α
3556 771 3651 815 nt.
3678 764 3844 815 colle-

2160 837 2334 899 gisti],
2374 838 2461 889 vel
2504 851 2611 890 vos
2636 839 2731 902 qui
2757 840 2951 890 minus
2987 838 3124 889 licet
3160 838 3454 889 habeatis
3505 849 3841 898 annorum,

2161 913 2356 959 tamen
2382 910 2601 974 vigenti
2625 911 2902 961 memoria
2930 909 3185 974 potestis
3212 911 3589 967 continere,
3624 908 3679 958 si
3706 908 3835 970 qui:

2161 980 2344 1031 simile
2371 991 2406 1030 a
2431 982 2763 1043 parentibus
2787 981 3112 1045 accepistis,
3141 982 3321 1045 quale
3346 982 3422 1031 in
3454 984 3841 1045 presean

2159 1051 2437 1102 conﬂuxit
2454 1056 2702 1102 aitatem.
2723 1054 2904 1102 Immo
2918 1051 3059 1115 quid
3076 1051 3269 1102 dicam
3285 1053 3314 1101 Ψ
3335 1050 3532 1102 solos
3554 1049 3841 1101 consula-

2157 1133 2291 1172 mus
2302 1121 2558 1180 annales,
2575 1123 2740 1186 quasi
2752 1122 3091 1187 exemploru
3101 1135 3160 1173 m
3174 1121 3397 1173 solatia
3410 1123 3835 1185 requirentes,

2157 1203 2292 1242 cum
2312 1192 2369 1243 in
2388 1205 2522 1243 eum
2535 1194 2833 1244 cumulum
2849 1194 3117 1244 miserias
3136 1194 3337 1257 gentis
3353 1206 3484 1245 nos
3494 1199 3631 1245 tm
3647 1206 3841 1245 ascen-

2158 1262 2311 1314 disse
2324 1265 2693 1328 perpendam,
2713 1264 2924 1315 utnihil
2945 1264 3058 1315 tale
3072 1265 3161 1316 vel
3177 1265 3341 1327 apud
3354 1265 3637 1316 futuros
3656 1266 3835 1328 possit

2157 1335 2422 1385 existere.
2444 1338 2512 1386 Et
2525 1349 2694 1386 senes
2711 1348 2865 1398 ergo,
2880 1340 2940 1387 et
2954 1335 3321 1387 habitatores
3346 1340 3578 1396 terrm,
3615 1336 3727 1398 qui
3754 1335 3833 1386 vel

2156 1406 2446 1469 percipere
2462 1406 2716 1469 auribus,
2741 1406 2831 1457 vel
2855 1407 3060 1457 audire
3069 1406 3379 1469 jubentur,
3403 1419 3543 1456 non
3566 1405 3834 1456 diversa-

2155 1480 2257 1527 aut
2280 1476 2484 1527 merita
2508 1477 2699 1540 signat
2722 1482 2822 1528 aut
2840 1476 3059 1539 studia,
3091 1476 3196 1526 sed
3224 1476 3615 1540 simpliciter
3648 1483 3719 1527 ut
3737 1490 3829 1526 au-

2157 1547 2334 1609 diant,
2358 1548 2689 1611 imperatur.
2716 1546 3001 1608 Qualeest
3025 1547 3167 1598 illud
3191 1548 3254 1598 in
3288 1548 3547 1611 psalmo
3568 1563 3585 1597 :
3623 1549 3829 1597 Audite

2155 1618 2277 1675 haec,
2304 1634 2485 1667 omnes
2500 1626 2675 1683 gentes
2698 1633 2710 1669 :
2741 1619 2972 1669 auribus
2989 1620 3274 1684 percipitc,
3296 1634 3503 1669 omnes
3526 1623 3650 1684 qui
3670 1622 3827 1669 habi-

2153 1692 2277 1738 tatis
2299 1689 2495 1748 orbem,
2522 1692 2722 1755 quique
2746 1692 3027 1754 terrigenae
3050 1697 3100 1739 et
3126 1691 3232 1751 ﬁlii
3265 1692 3626 1754 hominum,
3655 1691 3824 1741 simul

2079 1756 2133 1830 B
2159 1760 2219 1809 in
2244 1776 2418 1809 unum
2445 1762 2585 1811 dives
2605 1766 2649 1810 cl
2673 1777 2883 1825 pauper
2924 1762 3092 1821 (Psal.
3119 1762 3250 1825 48.).
3280 1762 3582 1814 Pluribus
3613 1764 3818 1827 utique

2156 1833 2341 1883 modis
2360 1832 2501 1883 nihil
2521 1833 2694 1895 aliud,
2712 1846 2885 1897 quam
2904 1832 3181 1885 homines
3207 1846 3361 1896 quos
3389 1839 3714 1886 convocat
3732 1837 3817 1898 ju-

2155 1902 2417 1965 dicando,
2438 1904 2699 1967 signavit.
2723 1904 2884 1966 Quod
2902 1904 3033 1955 ideo
3054 1905 3309 1955 breviter
3320 1905 3656 1966 adnotavi,
3679 1908 3811 1969 quia

2154 1973 2175 2002 ‘
2191 1975 2423 2037 quidam
2446 1975 2501 2026 in
2527 1975 2618 2026 his
2638 1975 2933 2026 vocabulis
2958 1977 3209 2026 multam
3236 1989 3373 2027 esse
3393 1977 3661 2028 diueren
3674 1978 3807 2028 tiam

2153 2046 2538 2113 crediderunt,
2565 2060 2663 2110 per
2700 2060 2833 2110 quae
2869 2047 2977 2098 hoc
3003 2047 3325 2111 plurimum
3353 2049 3683 2100 inutilium
3707 2062 3809 2099 ex-

2153 2116 2400 2179 pendere
2414 2118 2737 2168 verborum.
2752 2117 2860 2168 Sed
2875 2130 2985 2168 nos
2999 2118 3137 2181 quid
3154 2118 3453 2182 propheta
3484 2132 3641 2170 cum
3658 2128 3807 2167 tanta

2152 2187 2543 2238 admirationis
2572 2188 2795 2239 ambitu
2830 2188 3073 2250 deferat,
3096 2188 3441 2241 audiamus.

2218 2259 2372 2308 Vers.
2405 2258 2455 2311 4.
2477 2285 2536 2295 -
2561 2260 2855 2306 Residuum
2893 2275 3065 2307 erucas
3088 2261 3325 2308 comedit
3352 2260 3593 2319 locusta,
3630 2267 3682 2309 el
3722 2276 3803 2307 nc-

2146 2328 2368 2377 siduum
2393 2329 2597 2377 locustae
2620 2329 2841 2377 comedit
2878 2329 3139 2391 bruchus,
3181 2336 3227 2378 et
3265 2332 3566 2379 residuum
3602 2332 3800 2379 ὀνικὴέ

2149 2400 2372 2447 comedit
2392 2401 2598 2465 rubigo.
2619 2409 2637 2428 ο
2654 2401 2927 2451 Diversis
2945 2402 3351 2452 calamitatum
3377 2405 3618 2466 species
3637 2416 3797 2453 com-

2152 2471 2472 2535 prehendit,
2499 2484 2645 2534 quas
2664 2471 3001 2523 Judzeorum
3029 2472 3242 2536 populo
3264 2473 3791 2537 deploratillatas:

2150 2554 2390 2604 quarum
2410 2542 2650 2607 singulae
2666 2557 2795 2594 cum
2815 2543 3448 2602 incidunt,itafructus
3465 2546 3609 2596 anni
3622 2560 3790 2606 spem-

2148 2627 2260 2678 que
2285 2620 2656 2673 consumunt,
2698 2620 2760 2666 ut
2790 2615 3177 2678 agricolarum
3215 2622 3468 2679 pectora
3514 2629 3784 2669 aerumna

2147 2686 2355 2749 pariter
2383 2691 2440 2737 et
2465 2686 2706 2737 formido
2741 2688 3166 2738 comminuant.
3195 2691 3351 2749 Quae
3386 2701 3538 2740 sane
3558 2689 3784 2739 incom-

2144 2757 2317 2807 moda
2340 2756 2449 2807 illis
2472 2770 2589 2807 non
2612 2756 2786 2808 semel
2804 2758 2903 2807 sed
2923 2758 3223 2821 plerisque
3240 2759 3540 2810 accidisse
3556 2764 3776 2823 tempo-

2144 2827 2323 2887 ribus,
2344 2826 2566 2891 velipso
2588 2841 2759 2891 quem
2777 2826 2953 2895 480
2975 2828 3331 2879 disserimus
3354 2831 3669 2894 propheta,
3686 2829 3774 2879 vel

2149 2899 2580 2949 Deuteronomio
2603 2899 3007 2962 denunciante,
3021 2900 3378 2964 colligimus.
3395 2903 3569 2953 Unde
3579 2907 3639 2953 et
3652 2902 3773 2951 illo-

2143 2981 2269 3019 rum
2284 2970 2613 3033 opinionem
2626 2971 2722 3033 qui
2736 2972 2861 3021 hazc
2872 2971 3069 3021 omnia
3082 2971 3155 3022 de
3169 2971 3455 3023 hostibus
3468 2974 3623 3025 dicta
3636 2974 3771 3021 esti-

2142 3045 2323 3103 mant,
2347 3039 2364 3068 ¹
2388 3042 2724 3100 refutamus,
2747 3043 2893 3093 Nam
2918 3047 2977 3093 et
2991 3055 3250 3104 erucam,
3278 3048 3344 3094 et
3370 3044 3685 3105 locustam,
3710 3046 3763 3094 et

2142 3110 2447 3174 bruchum,
2480 3117 2538 3163 et
2561 3113 2901 3175 rubiginem,
2932 3112 3007 3164 ad
3044 3113 3277 3177 Assyrii
3314 3119 3376 3166 et
3406 3116 3686 3175 Chaldaei,
3711 3120 3765 3166 et

516 3275 533 3294 ⁸
567 3263 1218 3349 Estﬁl‘iqlﬁd,qugd}???
1230 3261 2038 3349 ᾳεξηξξηςψρπρηγωιιιη
2063 3264 2109 3337 C
2140 3280 2263 3344 ipse
2287 3292 2442 3331 error
2465 3279 2738 3342 insinuat,
2766 3280 2978 3332 evincit
2992 3294 3125 3333 vero
3148 3283 3316 3334 vocis
3342 3284 3759 3349 interpretatio,

448 3348 563 3387 non
587 3340 766 3391 notat,
793 3348 966 3397 quem
984 3338 1135 3405 certe
1152 3336 1208 3383 in
1227 3334 1417 3383 animo
1442 3334 1662 3395 habuit,
1678 3341 1903 3398 autprae
1921 3350 2040 3389 caa-

449 3407 604 3466 teris,
630 3412 729 3455 aut
754 3405 937 3455 solum
964 3406 1360 3467 perstringere.
1383 3406 1515 3466 Ejus
1532 3418 1737 3469 nempe
1754 3413 1891 3458 sunt
1922 3415 2043 3473 ety-

446 3477 708 3539 mologiae
734 3476 844 3525 illae
881 3476 1181 3525 nominum
1209 3476 1439 3523 Phatucl
1475 3480 1532 3525 et
1560 3476 1690 3538 Joct,
1731 3489 1803 3526 ex
1826 3480 2039 3540 quibus

442 3547 954 3604 eruditissiinos,et
982 3545 1231 3594 maxime
1257 3546 1899 3605 anagogicossensusin
1918 3564 2039 3603 rem

442 3630 607 3667 suam
633 3616 928 3677 depromit.
950 3615 1417 3675 Pltaluel,inquit,
1454 3617 1505 3661 in
1533 3616 1780 3677 linguam
1798 3628 2039 3671 nostram

439 3689 680 3748 vertitur,
710 3686 947 3734 latitudo
976 3685 1089 3745 Dei,
1118 3685 1472 3745 velapericns
1500 3688 1671 3749 Deus,
1700 3697 1755 3737 ut
1774 3690 1829 3737 in
1850 3692 2036 3742 Murco

440 3757 666 3819 legimus
691 3756 1021 3805 Salvium-cm
1050 3755 1122 3801 ad
1141 3755 1391 3813 surdum,
1418 3761 1733 3819 mutu-mque
1756 3760 2032 3827 dicentem,

436 3828 719 3891 epltpheta,
747 3829 874 3885 etc.,
918 3838 1047 3887 quae
1082 3825 1223 3874 satis
1261 3824 1538 3876 concinne
1568 3841 1639 3876 ex
1684 3829 1810 3879 aliis
1849 3824 2034 3885 tribus

440 3898 746 3961 Scripturte
778 3895 1098 3947 testimonis
1120 3909 1189 3947 eo
1229 3895 1414 3947 refert.
1454 3898 1621 3959 Tum,
1650 3898 1722 3947 De
1749 3899 2034 3954 latitudine

436 3974 481 4019 el
505 3968 855 4032 adapertione
884 3973 1187 4031 generatus,
1217 3967 1523 4029 appellatur
1544 3969 1676 4031 Joct,
1702 3973 1847 4033 quod
1883 3977 2034 4037 apud

436 4055 531 4089 nos
552 4045 726 4102 sonat,
765 4039 1060 4101 inzipiens,
1088 4038 1179 4099 vel,
1206 4042 1297 4087 est
1330 4041 1505 4099 Deus,
1535 4039 1736 4089 dicente
1764 4044 2028 4109 Apostolo,

434 4112 660 4169 Fratres,
687 4125 777 4174 ego
803 4124 884 4157 me
915 4125 1023 4158 non
1052 4110 1287 4159 arbitror
1322 4110 1800 4174 comprehendisse,
1837 4121 1895 4167 et
1920 4130 2031 4169 Cte-

436 4187 573 4245 tera,
598 4194 729 4245 quae
746 4182 815 4231 de
834 4181 1049 4239 Exodo,
1072 4181 1295 4239 Esther,
1311 4183 1532 4232 Joanne
1550 4188 1606 4232 et
1624 4184 1868 4235 Psalmis
1893 4200 2031 4239 con-

432 4255 595 4317 gerit,
624 4259 681 4305 et
705 4254 997 4315 proposito
1024 4266 1129 4302 suo
1154 4257 1327 4314 aptat.
1352 4256 1493 4313 Quae
1517 4259 1714 4305 noster
1740 4269 1871 4306 cum
1896 4274 2027 4320 puc-

430 4325 563 4374 rilia
585 4331 630 4373 et
660 4324 844 4388 inepta
870 4336 1074 4374 vocare
1098 4323 1287 4385 audet,
1314 4328 1372 4373 et
1394 4335 1525 4385 quae
1559 4324 1681 4387 plus
1704 4328 1904 4389 negotii
1925 4330 2029 4378 ha-

432 4394 602 4455 beant,
638 4410 807 4458 quam
835 4394 1120 4455 commodi,
1148 4395 1271 4457 ipse
1296 4393 1629 4444 fastidiosus
1645 4395 1817 4447 homo
1841 4404 1948 4461 est,
1970 4405 2027 4451 et

431 4466 503 4516 ab
530 4468 673 4529 ejus,
699 4467 871 4529 cujus
886 4478 1101 4516 nomen
1116 4465 1411 4524 mentitur,
1431 4465 1860 4530 Hieronymiani
1876 4473 2023 4534 muli,

431 4537 905 4599 Ruﬁni,inquam,
920 4535 1150 4599 ingenio
1162 4534 1402 4597 alienus,
1419 4535 1515 4599 qui
1529 4536 1576 4600 ej
1588 4538 1813 4589 usmodi
1824 4546 1870 4587 et
1881 4555 2025 4601 ymo-

429 4607 609 4671 logias
626 4607 684 4657 in
701 4607 822 4656 suis
839 4605 1274 4657 Commentariis
1292 4606 1550 4657 studiose
1562 4614 1944 4671 consectatur,
1962 4613 2025 4663 ut

430 4678 620 4750 videre
642 4677 801 4750 estin
826 4676 1329 4750 Benedictionibus
1356 4678 1827 4750 Patriarcharum,
1854 4683 2019 4741 iisque
2046 4677 2103 4750 D

420 4747 770 4812 jamdudum
794 4747 865 4797 ab
886 4747 1145 4810 Origenis
1165 4747 1425 4810 magistri
1453 4748 1542 4798 sui
1562 4747 1804 4801 lectione
1814 4763 2019 4804 assue-

424 4822 911 4940 velfﬁivinandum
923 4888 1046 4949 fuit,
1075 4888 1212 4953 quid
1240 4888 1348 4938 sibi
1364 4888 1501 4939 illud
1514 4888 2015 4945 velletmonstrum

419 4961 595 5025 verbi,
619 4960 771 5025 quod
801 4965 970 5012 antea
991 4960 1318 5019 obtinebat;
1340 4972 1439 5023 pro
1460 4965 1658 5012 Graaco
1682 4963 1836 5013 enim
1861 4961 2015 5030 ἀρχό-

419 5049 576 5096 μενος,
612 5030 768 5095 quod
783 5044 900 5083 non
912 5030 1339 5090 substituimus,
1362 5031 1637 5094 scriptum
1658 5040 1760 5080 erat
1774 5035 2016 5084 hisliteris

415 5104 602 5167 apokc.
644 5104 772 5153 Hoc.
820 5106 974 5165 Quas
1018 5102 1249 5165 quidem
1280 5101 1509 5151 Graecas
1544 5103 1814 5166 etllngere
1844 5110 2012 5157 vetus

412 5174 679 5226 librarius
692 5174 894 5235 voluit,
912 5179 977 5225 ut
993 5172 1103 5235 ipsi
1123 5172 1519 5222 characterum
1533 5172 1743 5223 ductus
1758 5176 2012 5227 subindi-

414 5251 565 5309 cant,
598 5247 697 5299 sed
720 5247 974 5309 ignotam
1011 5255 1207 5295 vocem
1235 5242 1596 5294 describendi
1631 5243 1746 5295 falli
1773 5246 2009 5301 solenne

410 5323 521 5376 est,
547 5323 602 5369 et
622 5318 887 5382 quaedam
908 5328 1041 5367 cum
1060 5314 1276 5365 Latinis
1300 5314 1479 5365 literis
1500 5315 1812 5369 similitudo
1845 5319 2009 5371 facile

410 5387 608 5440 fucum
633 5389 782 5440 fecit.
815 5387 922 5439 Sed
948 5391 1007 5438 et
1032 5385 1181 5449 prior
1196 5385 1408 5446 Editor,
1438 5386 1576 5448 quid
1601 5386 1709 5437 hoc
1730 5387 1808 5439 rei
1831 5396 2008 5453 esset,

410 5472 528 5509 non
542 5458 975 5523 assequutus,in
990 5456 1154 5521 pejus
1168 5456 1396 5508 videtur
1408 5457 1646 5508 verbum
1659 5459 2006 5523 depravasse

406 5529 745 5592 interposito
762 5535 993 5594 puncto.
1016 5528 1297 5591 Scriptum
1316 5526 1556 5579 fueritin
1581 5541 1669 5588 eo,
1690 5544 1799 5589 quo
1815 5531 2007 5582 uteba-

409 5603 503 5649 tur
514 5600 844 5663 exemplari,
858 5600 1257 5663 grandioribus
1270 5598 1469 5663 literis,
1488 5602 1597 5659 ME,
1617 5602 1771 5664 quod
1787 5615 1883 5665 pro
1899 5604 1999 5665 Ke,

405 5670 463 5719 et
501 5669 654 5728 N00,
680 5670 833 5732 quod
870 5682 969 5733 pro
1006 5670 1123 5737 Hoc
1140 5671 1375 5734 accepit.
1404 5672 1475 5722 Ut
1498 5669 1763 5723 habuerit
1799 5685 1859 5723 se
1887 5685 1997 5737 res,

401 5747 579 5800 quam
600 5750 708 5791 nos
739 5739 1071 5802 lectionem,
1108 5736 1395 5807 ἀρχόμενος,
1427 5742 1804 5803 restituimus,
1832 5736 1998 5797 vetus

2141 3350 2195 3400 id
2214 3356 2320 3407 est,
2349 3350 2633 3414 incipiens,
2660 3362 2791 3414 qua:
2817 3352 3073 3402 nominis
3098 3352 3227 3403 Joel
3263 3355 3630 3420 etymologia
3654 3358 3752 3411 est,

2141 3421 2443 3490 contlrmat
2467 3421 2710 3484 denique
2737 3423 3125 3484 Hieronymus
3159 3423 3223 3474 in
3252 3425 3493 3476 Praefat.
3520 3426 3654 3490 Joct,
3674 3427 3755 3476 in-

2140 3487 2667 3558 quiensﬁpxbuevoc,
2686 3494 2743 3541 id
2783 3498 2874 3551 est,
2916 3494 3204 3557 incipiens.
3236 3497 3385 3548 Vide
3425 3498 3479 3548 si
3518 3487 3753 3549 lubétet

2137 3564 2441 3613 Nominum
2466 3562 2685 3621 librum,
2709 3563 2782 3614 ad
2805 3564 3009 3615 eodem
3035 3567 3091 3616 S.
3118 3568 3373 3619 Doctore
3400 3570 3610 3620 Latine
3632 3567 3752 3620 red-

2138 3634 2323 3685 ditum
2346 3646 2419 3685 ex
2453 3635 2648 3686 Graeco
2671 3635 2848 3686 Temo
2877 3636 3133 3698 Operum
3157 3639 3260 3687 III.

2198 3753 2217 3774 ο
2250 3741 2532 3791 Rescribit
2554 3745 2721 3792 vetus
2745 3740 2940 3792 Editor
2955 3742 3029 3793 ad
3062 3742 3195 3793 libri
3221 3756 3407 3809 oram,
3428 3745 3745 3794 uniuscide—

2137 3810 2269 3873 licet,
2307 3811 2603 3874 alteriusve,
2646 3816 2754 3863 etc.
2787 3811 2896 3863 Sed
2933 3814 3111 3865 cubat
3145 3815 3209 3865 in
3246 3816 3743 3878 subsequentibus

2134 3882 2440 3996 ngegdtim;
2480 3886 2537 3933 et
2574 3894 2711 3934 sane
2744 3882 2980 3933 miseriis
3021 3897 3127 3948 pro
3157 3886 3417 3935 miserias
3448 3886 3565 3950 legi
3605 3899 3739 3951 pra:-

2136 3957 2163 3995 s
2192 3958 2225 3996 a
2267 3956 2303 3995 a
2330 3981 2344 3996 .

2194 4049 2215 4078 ει
2238 4052 2451 4101 Iterum
2471 4062 2686 4113 magno
2724 4051 3095 4114 Hieronymo,
3131 4064 3454 4118 suppresso
3486 4056 3733 4113 nomine,

2129 4119 2387 4178 insultat,
2416 4121 2677 4184 verbaque
2700 4122 2932 4171 inutilia
2956 4128 3146 4187 vocat,
3181 4137 3319 4187 quas
3345 4126 3442 4178 ille
3464 4127 3733 4189 mysteria

2128 4195 2329 4242 notatu
2355 4191 2810 4255 dignissimahoc
2822 4196 3294 4257 versuproponit,
3310 4202 3368 4247 et
3393 4196 3731 4248 luculentis-

2128 4261 2271 4312 sime
2294 4262 2557 4325 explicat.
2586 4262 2734 4314 Satis
2763 4275 3052 4327 superque
3070 4264 3146 4315 sit
3161 4265 3237 4315 ad
3260 4266 3450 4317 sancti
3474 4268 3728 4318 Doctoris

2125 4332 2718 4384 vindicias.Lectorem
2729 4333 2801 4383 ad
2813 4335 2942 4397 ejus
2954 4335 3417 4388 eruditissimam
3430 4339 3727 4401 expositio-

2125 4416 2257 4453 nem
2283 4403 2391 4454 loci
2419 4404 2749 4466 amandare,
2774 4417 2948 4467 quam
2985 4418 3121 4457 cum
3145 4406 3370 4472 legerit,
3397 4407 3561 4459 dicas
3583 4410 3726 4472 ejns~

2123 4474 2280 4524 modi
2307 4474 2476 4525 nauci
2499 4480 2556 4526 et
2573 4474 2734 4525 nihili
2758 4475 2947 4526 faciet.

2185 4588 2204 4609 °
2240 4579 2455 4631 Vltiose
2478 4584 2649 4631 antea
2669 4579 2968 4644 legebatur
2993 4582 3310 4632 Diversitas.

2181 4677 2199 4706 '
2231 4680 2417 4741 Atque
2440 4677 2564 4727 heic
2582 4677 2744 4728 tertio
2769 4677 3283 4742 Hieronymianam
3303 4682 3713 4745 expositionem

2121 4751 2325 4800 Noster
2345 4747 2631 4811 suggillat.
2646 4750 2790 4799 Sane
2799 4752 2891 4799 tus
2904 4755 3102 4800 autem
3127 4751 3296 4802 Pater
3310 4764 3380 4802 ex
3396 4755 3713 4802 Hebraeorum

2120 4820 2520 4871 traditionibus
2536 4820 2773 4883 ipsoque
2790 4832 2885 4871 ore
2907 4820 2985 4871 ibi
3002 4820 3278 4885 loquitur,
3306 4836 3459 4885 quos
3476 4824 3716 4888 antiqui-

2115 4894 2300 4942 latum
2315 4902 2622 4952 rerumque
2640 4902 2875 4941 suarum
2893 4904 2969 4942 no
2980 4898 3142 4943 verat
3151 4894 3561 4955 peritissimos.
3580 4896 3715 4943 Eru-

2113 4978 2249 5025 eam,
2275 4963 2479 5025 inquit,
2506 4973 2728 5012 HBBRBI
2744 4962 2995 5025 Assyrios
3018 4964 3479 5028 interpretantur,
3502 4966 3715 5031 Babylo.

2112 5035 2250 5097 nios,
2277 5040 2436 5097 atque
2462 5032 2754 5093 Chaldaeos,
2785 5033 2885 5095 qui
2907 5032 2970 5081 de
2996 5049 3110 5082 uno
3134 5035 3281 5083 orbis
3301 5036 3517 5085 climate
3536 5052 3711 5101 ρτεοςεσ

2111 5104 2305 5165 dentes,
2333 5111 2443 5153 tam
2488 5104 2660 5151 decem
2692 5103 2955 5165 tribuum,
2989 5119 3160 5167 quam
3201 5106 3471 5167 duarum,
3511 5106 3707 5169 hocat,

2109 5176 2390 5224 lsraelitiei
2426 5174 2613 5237 populi
2640 5180 2830 5223 cuncta
2872 5181 3184 5227 vastarunt.
3228 5176 3517 5227 Locustam
3539 5184 3704 5228 autem

2107 5247 2285 5295 Medos
2314 5247 2758 5308 interpretantur,
2783 5250 2827 5293 et
2846 5245 3062 5307 Persas,
3088 5247 3186 5309 qui
3216 5248 3467 5298 subverso
3489 5250 3700 5315 imperio

2110 5317 2505 5376 Chaldaeorum,
2520 5316 2733 5365 Judaeos
2759 5316 2993 5365 habuere
3008 5320 3268 5382 captivos.
3295 5320 3575 5369 Bruchum
3592 5322 3696 5369 Μα-

2104 5391 2349 5450 eedonas,
2380 5395 2425 5437 et
2448 5403 2629 5437 omnes
2655 5388 2963 5437 Alexandri
2983 5404 3327 5449 successores,
3353 5393 3693 5456 maximeque

2103 5475 2275 5523 regem
2300 5460 2631 5509 Antiochum
2655 5465 3003 5521 cognomento
3019 5460 3398 5525 Epiphaniam,
3425 5464 3522 5529 qui
3538 5465 3689 5513 instar

2104 5530 2299 5580 bruehi
2322 5532 2455 5580 sedit
2479 5530 2539 5578 in
2562 5530 2771 5588 Judaea,
2797 5536 2842 5578 et
2869 5544 3058 5580 omnes
3082 5533 3342 5595 priorum
3376 5550 3560 5596 regum
3581 5533 3685 5581 reli-

2102 5605 2262 5666 quias
2292 5602 2637 5653 devoraverit.
2672 5599 2996 5663 Rubigincm
3030 5603 3282 5666 referunt
3314 5606 3390 5655 ad
3418 5606 3679 5672 imperium

2099 5673 2491 5737 Romanorum,
2516 5673 2612 5738 qui
2622 5671 2809 5744 quarti
2828 5677 2876 5721 ct
2892 5672 3078 5722 ultimi
3095 5675 3157 5724 in
3175 5680 3398 5726 tantum
3416 5671 3677 5744 oppressere

2097 5744 2327 5810 Judieos,
2354 5750 2408 5797 ut
2432 5732 2494 5797 de
2514 5732 2855 5811 suis/inibitis
2878 5759 2964 5796 eos
2986 5744 3269 5814 pellerent,
3293 5752 3410 5803 etc.
3451 5732 3463 5744 ’
3486 5732 3499 5744 ’
3790 5732 3793 5819 L

3749 5834 3792 6172 l

3790 5500 3801 5745 Ι

3818 4680 3823 4757 l

3810 4856 3819 4911 ,

3810 4926 3817 4969 μ

3798 5042 3814 5261 J
