3880 6222
41 325 149 380 .037

1208 323 1277 372 IN
1313 324 1343 373 J
1349 322 1486 373 OEL
1522 322 2102 376 COMMENTARIUS.

3158 324 3297 381 1038

41 433 375 512 είδιεράοῐιὶρί,
398 436 456 484 et
478 432 718 483 Romani
735 432 924 512 populi
949 437 1297 512 putaverunt
1314 434 1600 512 si‘gnitlca-
1624 441 1678 512 Α
1703 437 1850 512 batis
1872 437 2052 512 thoris
2079 442 2139 512 et
2172 439 2477 512 cubilibus,
2501 441 2707 489 ululate
2743 455 2943 499 omnes,
2985 440 3081 502 qui
3122 439 3298 512 bibitis

44 510 220 559 ionem
236 503 452 555 valere:
481 515 729 565 quorum
749 504 951 567 opibus
969 504 1242 554 nimirum
1263 506 1598 557 Judaaorum

41 585 101 629 :st
137 577 325 627 attrita
362 573 723 637 Respublica,
775 575 883 624 sub
920 574 1304 637 descriptione
1340 577 1607 627 videlicet

41 653 377 710 ocustarum,
396 644 860 696 vicissitudinem
874 644 1129 696 hostium
1142 645 1484 706 publicatam
1495 663 1605 697 esse

41 720 324 769 :redentes.
360 715 524 778 Quod
557 716 755 778 utique
789 725 807 744 ·
838 715 1169 767 viderentur
1211 730 1311 780 per
1351 717 1604 781 aliquam

41 788 474 853 pnsequentiam
487 786 782 849 suspicati,
799 786 847 836 si
860 786 1001 837 nihil
1015 786 1407 838 calamitatum
1418 789 1603 841 Judaei

41 863 117 913 tisi
150 863 218 912 ab
242 859 512 911 hostibus
538 857 929 921 pertulissent.
962 858 1101 908 Cum
1138 872 1270 909 vero
1308 864 1367 911 et
1392 860 1603 911 famem

41 931 427 995 gravissimam,
453 935 510 980 et
529 928 902 993 prodigialem
919 928 1068 979 sicut
1088 929 1239 980 beati
1262 931 1442 981 Helitn
1464 935 1606 981 tem-

41 1002 239 1053 ioribus
272 1001 610 1057 siccitatem,
650 1003 706 1050 et
735 1004 980 1050 mortem
1016 999 1267 1050 subitam
1298 1001 1603 1063 variasque

41 1073 397 1137 mruptiones
411 1070 716 1134 pertulisse
731 1070 1064 1133 doceantur,
1085 1070 1225 1133 quid
1240 1070 1350 1122 fuit
1363 1083 1603 1123 necesse

41 1157 134 1195 am
152 1155 378 1207 quoque
396 1141 715 1206 penuriam,
734 1141 1368 1204 quamvislocustarum
1391 1146 1450 1193 et
1468 1144 1603 1193 bru-

41 1216 247 1266 :horum
262 1212 521 1265 intulerit
533 1212 909 1272 mentionem,
935 1212 1197 1276 gentium
1218 1216 1603 1262 incursionibus

41 1286 320 1350 tpplicare?
344 1283 735 1347 Intelligentes
762 1296 897 1347 ergo
919 1284 1254 1346 simpliciter
1276 1285 1452 1335 verba
1473 1297 1599 1348 pro-

41 1359 253 1418 thetica,
265 1356 451 1419 magis
468 1368 643 1419 quam
659 1354 859 1406 eadem
881 1355 1009 1415 alio,
1024 1367 1138 1417 quo
1154 1356 1397 1410 libuerit.
1413 1360 1602 1406 trans-

41 1430 272 1492 ‘erentes,
286 1427 543 1479 locustas
555 1430 611 1477 et
621 1439 823 1477 erucas
834 1438 952 1476 non
967 1426 1362 1489 cataphractos
1375 1427 1600 1489 equites

41 1503 114 1551 tut
137 1499 422 1563 clypeatos
459 1497 697 1561 pedites,
726 1497 825 1548 sed
852 1496 1197 1547 vermiculos
1227 1497 1516 1561 raripedes
1545 1502 1602 1549 et

41 1571 257 1622 ninutas
278 1572 679 1634 pennatasque
710 1567 1061 1631 accipiamus
1083 1567 1406 1619 animantes
1434 1585 1445 1617 :
1470 1580 1601 1631 quas

42 1647 94 1693 ta
115 1642 216 1692 sibi
235 1643 368 1693 tunc
386 1640 445 1691 in
470 1639 785 1703 profanatas
801 1639 991 1702 gentis
1009 1640 1292 1689 tormenta
1312 1651 1600 1690 successe-

41 1717 161 1775 -unt,
186 1718 249 1764 ut
264 1711 464 1763 sedulo
481 1711 838 1762 custodirent
851 1710 999 1760 vices
1022 1709 1285 1773 nocendi,
1311 1715 1369 1761 et
1394 1711 1439 1760 si
1465 1710 1604 1773 quid

1703 509 1894 556 vinum
1920 510 1980 557 in
1997 509 2289 569 dulcedine,
2317 512 2448 573 quia
2470 513 2630 575 periit
2649 512 2713 559 ab
2735 528 2823 561 ore
2848 517 3028 560 vestro.
3051 512 3189 560 Cum
3206 510 3295 561 de-

1703 580 2058 631 nunciationi
2075 593 2175 643 pro
2185 581 2423 643 pheticw
2441 583 2695 632 censoris
2713 583 3074 645 exprobratio
3092 582 3295 643 perini-

1704 655 1913 711 scetur,
1945 650 2199 701 ostendit
2236 652 2369 715 quia
2408 653 2579 702 homo
2614 654 2671 703 in
2694 654 2907 703 honore
2946 652 3296 703 constitutus

1702 734 1819 772 non
1836 721 2182 773 intellexerit
2203 722 2364 783 (Psal.
2395 722 2521 785 48.),
2549 728 2607 773 et
2629 723 2838 775 idcirco
2858 725 3059 787 brutis,
3086 724 3298 786 quibus

1705 804 1766 843 se
1792 791 2035 842 similem
2061 792 2324 853 reddidit,
2356 798 2735 856 comparetur,
2762 794 3037 844 damnum
3063 793 3297 856 quippe,

1701 866 1767 913 ut
1794 863 2218 926 diximus,vitaa
2234 869 2447 927 putans
2465 863 2827 928 detrimenta,
2853 864 2874 892 ‘
2898 868 2960 914 ut
2976 864 3299 926 quialuxu-

1700 934 1785 984 ria
1801 946 1952 998 aegre
1971 935 2079 985 sub
2096 935 2220 998 ipso
2256 935 2477 999 fragore
2502 939 2679 986 motae
2703 934 2938 985 ultionis
2956 934 3201 997 evigilat,
3233 938 3302 985 ut

1702 1006 1837 1067 quia
1858 1006 2044 1056 nescit
2064 1008 2216 1061 ﬂere,
2239 1005 2332 1056 vel
2354 1006 2536 1057 ululet
2564 1023 2574 1054 :
2601 1005 2769 1068 quale
2791 1010 2879 1054 est
2900 1003 3037 1054 illud
3062 1006 3120 1054 in
3148 1005 3303 1067 psal-

1702 1088 1795 1126 mo
1822 1091 1834 1125 :
1855 1077 2069 1124 Famem
2082 1078 2365 1141 patientur
2386 1083 2443 1125 ut
2457 1081 2695 1137 canes,et
2719 1074 3025 1125 circuibunt
3039 1075 3303 1123 civitatem

1701 1146 1863 1207 (Psal.
1913 1146 2041 1209 58.).
2087 1148 2428 1212 Oportuerat
2474 1161 2642 1212 ergo,
2695 1151 2761 1198 ut
2792 1147 2936 1197 ratio
2974 1158 3075 1196 vos
3113 1146 3304 1209 potius

1702 1217 2162 1279 compunctionis
2203 1218 2544 1282 stimularet,
2585 1230 2759 1281 quam
2799 1228 3061 1269 aerumna
3093 1215 3306 1266 doloris

1700 1288 1993 1338 morsibus
2018 1289 2324 1339 excitaret:
2353 1302 2413 1340 se
2430 1289 2707 1352 quoniam
2725 1288 2945 1351 ejulatu
2970 1287 3147 1337 nimio
3173 1298 3307 1337 con-

1701 1356 2009 1409 sulentiam
2026 1359 2374 1423 perdidistis,
2392 1364 2454 1411 ut
2470 1373 2587 1411 non
2600 1361 2722 1422 jam
2738 1358 3055 1423 providere,
3075 1358 3176 1409 sed
3195 1364 3309 1406 tan-

1700 1429 1998 1480 tummodo
2022 1430 2232 1480 sentire
2250 1431 2508 1493 possitis,
2526 1430 2745 1481 ululate
2768 1429 3048 1494 percussi,
3067 1429 3167 1493 qui
3186 1441 3305 1479 non

1698 1499 1974 1549 timuistis
1990 1499 2284 1551 admoniti.
2311 1504 2380 1552 Et
2395 1513 2521 1562 quae
2542 1506 2632 1553 est
2651 1514 2859 1553 caussa
2879 1500 3309 1563 taliumlachry-

1697 1581 1923 1621 marum
1947 1574 1971 1617 7

1760 1642 1920 1691 Vers.
1961 1638 2096 1694 6.-8.
2145 1668 2205 1677 —
2253 1641 2391 1690 Gens
2429 1640 2575 1690 enim
2616 1641 2852 1690 ascendit
2900 1656 3062 1705 super
3101 1646 3304 1690 terram

1704 1727 1900 1771 meam,
1924 1712 2085 1776 fortis
2125 1717 2170 1760 et
2208 1712 2626 1761 innumerabilis
2650 1726 2663 1762 :
2690 1713 2866 1761 dentes
2894 1712 3007 1775 ejus
3042 1718 3100 1760 ut
3124 1712 3302 1761 dentes

41 1783 461 1875 )rtec‘edentibus
467 1781 869 1875 remansisset,
882 1780 939 1831 id
966 1785 1152 1862 totum
1167 1792 1299 1844 quae
1318 1785 1601 1875 sequeban:
1628 1801 1681 1875 B
1707 1783 1918 1865 leonum
1955 1781 2061 1846 [ΑΙ.
2088 1782 2274 1847 leonis]
2282 1820 2303 1865 ξ
2323 1783 2552 1875 mJolares
2574 1784 2688 1846 ejus
2708 1790 2767 1875 ui
2799 1783 2963 1832 catuli
2988 1783 3174 1875 leonis.
3196 1784 3302 1831 Po-

41 1867 109 1905 .ur
125 1855 507 1905 absumerent.
525 1854 709 1914 Quam
738 1865 875 1903 sane
901 1852 1209 1915 perniciem
1229 1857 1462 1903 sanctus
1481 1852 1604 1903 Joel

42 1924 435 1989 mpendentem
458 1923 668 1987 magis,
691 1935 867 1986 quam
887 1923 1009 1985 jam
1032 1921 1247 1973 illatam
1284 1922 1605 1986 prophetali

42 1999 541 2059 .ntueturaspectu:
567 1994 763 2045 etideo
777 1992 905 2053 illis,
921 1994 991 2044 de
1013 1994 1227 2056 quibus
1251 1998 1476 2055 agatur,
1497 1994 1607 2044 mi-

41 2065 234 2117 serabili
249 2066 554 2117 securitate
566 2065 942 2129 torpentibus,
968 2064 1092 2127 ipse
1109 2065 1275 2127 quasi
1298 2065 1603 2127 benignus,

41 2141 83 2187 at
104 2137 415 2200 spectaculo
442 2136 542 2188 tali
577 2140 997 2198 consternatus,
1022 2135 1297 2187 inclamat
1322 2152 1332 2183 :

83 2208 228 2259 Vers.
255 2211 299 2259 5.
339 2235 395 2243 -
427 2207 898 2273 Expergiscimini
920 2205 1073 2265 ebrii,
1102 2212 1148 2256 et
1174 2208 1304 2270 flete,
1333 2210 1379 2255 et
1403 2205 1606 2255 ululate

41 2293 191 2327 )mnes
212 2280 307 2343 qui
327 2278 511 2327 bibitis
530 2279 724 2327 vinum
746 2279 809 2326 in
825 2278 1127 2327 dulcedine:
1155 2277 1419 2342 quoniam
1445 2278 1607 2342 periit

42 2349 88 2397 ιὸ
108 2363 191 2397 ore
210 2355 391 2399 vestro.
415 2348 706 2399 Moraliter
716 2361 952 2412 prorsus
970 2348 1234 2400 inchoata
1248 2349 1603 2411 conquestio,

41 2432 147 2482 iure
167 2420 223 2470 in
248 2420 575 2472 calamitate
597 2420 891 2471 communi
914 2418 1040 2471 illos
1057 2419 1324 2483 primum,
1350 2420 1451 2483 qui
1476 2432 1602 2483 gra-

41 2492 145 2540 vius
167 2492 384 2543 caeteris
401 2491 791 2543 eademlaturi
807 2491 1110 2551 docentur,
1129 2490 1393 2555 appellat.
1423 2493 1605 2541 Acer-

41 2561 144 2611 :iius
168 2562 314 2613 enim
331 2566 557 2627 mordet
572 2563 809 2627 penuria
829 2562 1047 2614 deliciis
1071 2566 1354 2626 assuetos,
1377 2564 1601 2613 etluxu-

41 2634 176 2683 ‘iosis
198 2647 313 2685 non
356 2624 550 2686 solbm
573 2624 783 2698 inopia,
820 2633 921 2685 sed
945 2635 1114 2684 etiam
1140 2624 1437 2697 frugalitas
1477 2634 1601 2695 ipsa

42 2709 355 2757 armentum
371 2710 481 2757 est.
509 2707 651 2756 Cum
668 2719 801 2769 ergo
825 2706 1098 2769 egestatis
1114 2708 1270 2756 esset
1292 2706 1605 2753 incommoda

41 2779 413 2834 1arraturus,a
437 2776 822 2828 mediocribus
849 2776 1036 2840 caepit,
1055 2782 1112 2827 et
1128 2776 1460 2826 deliciarum
1488 2780 1603 2825 tan-

41 2858 138 2896 ;um
150 2846 354 2898 damna
366 2847 669 2909 contingit,
688 2860 822 2910 qua
836 2861 955 2898 non
966 2847 1027 2897 in
1041 2859 1345 2897 commune
1357 2845 1600 2909 cunctis,

41 2918 117 2967 sed
140 2918 507 2970 heluantibus
545 2923 772 2969 tantum
812 2924 1062 2981 possunt
1086 2931 1216 2969 esse
1250 2917 1598 2968 metuenda:

41 3000 224 3053 eosque
245 2995 359 3041 tam
382 2990 569 3041 viliter
590 2990 858 3051 testimat,
874 2994 937 3040 ut
954 2994 1184 3053 propter
1195 2988 1373 3039 solam
1398 2988 1602 3051 volup-

42 3061 182 3110 atem
206 3063 388 3114 vivere
417 3062 675 3113 voluisse
698 3060 1051 3125 pronunciet.
1078 3061 1297 3122 Proque
1321 3063 1387 3110 ut
1410 3063 1597 3109 status

41 3130 207 3182 alium
227 3136 500 3190 meretur,
529 3132 808 3195 adjungit,
837 3135 901 3181 ut
924 3131 946 3159 ¹’
972 3130 1288 3195 diligerent,
1314 3135 1371 3181 et
1394 3142 1599 3192 exper-

1703 1855 1809 1903 suit
1832 1854 2050 1903 vineam
2080 1869 2259 1902 meam
2282 1854 2341 1901 in
2356 1854 2638 1917 desertum,
2665 1860 2710 1902 et
2730 1856 2895 1916 ﬁcum
2918 1869 3093 1902 meam
3117 1853 3302 1903 decor-

1705 1925 1926 1975 ticavit:
1962 1925 2188 1974 nudans
2225 1925 2478 1990 spoliavit
2502 1941 2621 1974 eam
2654 1931 2698 1974 et
2730 1926 2991 1990 projccit:
3027 1925 3137 1974 albi
3171 1924 3306 1986 facti

1700 2003 1827 2044 sunt
1849 1997 1997 2045 rami
2013 1997 2143 2060 ejus.
2168 1996 2375 2059 Plange
2395 1997 2531 2045 sicut
2545 1998 2696 2060 virgo
2719 1998 2959 2045 accincta
2975 2010 3123 2044 sacco
3140 2010 3303 2059 super

1703 2068 1884 2115 virum
1907 2067 2198 2131 pubertatis
2220 2083 2342 2117 sum.
2363 2067 2737 2130 Temporibus
2763 2067 2991 2130 quidem
3014 2064 3145 2131 illis,
3170 2077 3303 2128 quae

1704 2137 1853 2189 beati
1871 2139 2034 2189 Oscae
2052 2139 2213 2189 titulo
2234 2138 2622 2200 continentur,
2640 2137 2912 2200 frequens
2928 2136 3104 2188 etiam
3121 2140 3298 2200 Assy-

1704 2210 1918 2260 riorum
1942 2215 2206 2261 narratur
2229 2209 2452 2272 eruptio
2487 2209 2620 2260 :sed
2646 2209 2779 2272 quia
2802 2220 2918 2259 non
2949 2221 3065 2258 uno
3090 2220 3301 2270 genere

1706 2285 2078 2331 temeratores
2094 2279 2235 2343 legis
2252 2291 2375 2330 suae
2388 2292 2579 2330 rerum
2593 2279 2852 2329 conditor
2866 2278 3174 2341 affligebat,
3189 2280 3300 2326 ideo

1703 2351 1849 2403 inter
1860 2351 2100 2403 hostiles
2116 2350 2536 2415 populationes,
2555 2350 2661 2400 has
2678 2362 2907 2412 quoque
2923 2351 3048 2399 lues
3068 2348 3301 2399 accidis-

1705 2436 1786 2486 se,
1804 2436 1948 2486 quas
1966 2423 2275 2473 denunciat
2291 2422 2586 2486 propheta,
2606 2421 2927 2483 colligimus
2945 2435 2960 2468 :
2978 2420 3037 2470 in
3055 2432 3300 2482 quarum

1705 2507 1845 2545 sane
1878 2494 2341 2556 descriptionem,
2365 2492 2605 2543 multam
2642 2504 2873 2555 operam
2912 2492 3173 2541 intentus
3198 2504 3303 2541 ex-

1704 2565 1918 2629 pendit,
1944 2564 2119 2630 482
2151 2563 2388 2614 consilio
2410 2564 2681 2612 nimirum
2707 2566 2763 2611 et
2785 2566 2907 2612 arte
2928 2561 3297 2610 medicantis:

1705 2639 1768 2686 ut
1800 2635 2107 2687 salutarem
2152 2634 2311 2684 illum
2353 2634 2634 2696 timorem,
2683 2632 2781 2694 qui
2814 2630 3109 2682 illecebras
3146 2631 3300 2693 cogit

1701 2707 2049 2763 horrescere,
2078 2707 2137 2755 in
2160 2705 2516 2755 audientium
2538 2704 2862 2766 pectoribus
2888 2706 3296 2763 commoveret,

1701 2790 1808 2827 nec
1823 2777 2154 2828 denunciati
2180 2775 2411 2827 terroris
2438 2773 2704 2826 stimulos
2723 2774 2831 2823 sub
2855 2772 3051 2822 indicii
3067 2780 3085 2800 °
3107 2772 3291 2823 brevi-

1702 2852 1815 2900 tate
1833 2852 2266 2910 transcurreret,
2290 2845 2393 2897 sed
2408 2845 2861 2897 consideratione
2877 2856 3068 2894 rerum
3088 2844 3297 2893 immo-

1699 2919 1811 2970 rari
1833 2919 2152 2969 auditorem
2190 2918 2433 2978 doceret,
2472 2918 2639 2980 cujus
2669 2916 2999 2967 etnendatui
3024 2918 3142 2965 tota
3167 2914 3295 2965 haec

1698 2989 1991 3054 plagarum
2006 2989 2242 3040 ambitio
2253 2988 2573 3051 parabatur.
2591 2988 2703 3037 Nec
2716 2988 2902 3036 solum
2914 2986 3293 3049 descripsisse

1699 3065 2025 3121 contentus,
2049 3059 2233 3122 pergit
2252 3059 2424 3109 etiam
2449 3059 2753 3109 verborum
2766 3060 3074 3119 ponderibus
3089 3073 3288 3124 augere,

1702 3131 1854 3194 quod
1867 3131 2126 3194 gesserit.
2144 3129 2394 3191 Denique
2407 3129 2757 3179 locustarum
2768 3129 2983 3191 agmini
2993 3130 3146 3191 genti
3156 3142 3183 3179 s
3196 3145 3293 3177 no-

41 3202 314 3265 ;iscantur,
328 3215 531 3254 earum
550 3202 754 3288 saltem
765 3214 954 3288 rerum
969 3201 1305 3252 imminente
1321 3203 1599 3282 dispendio,
1629 3212 1678 3288 ρ
1702 3215 1829 3288 men
1841 3200 2165 3281 adscripsit,
2183 3200 2347 3263 quasi
2359 3213 2457 3263 per
2472 3205 2695 3280 turmas
2714 3199 3153 3280 manipulosque
3169 3213 3293 3263 gra-

41 3286 249 3336 [uarum
266 3275 632 3326 studuissent
643 3272 757 3339 48
774 3272 792 3340 Ι
814 3273 1121 3324 indormire
1134 3273 1438 3323 consortio.
1452 3274 1600 3319 Nulla

41 3357 132 3403 ros,
159 3345 358 3409 inquit,
385 3345 712 3396 studiorum
728 3346 1009 3395 hactenus
1032 3344 1237 3394 habuit
1263 3357 1399 3394 cura
1417 3343 1601 3393 distri-

41 3420 151 3479 :tos,
174 3430 279 3467 nec
297 3416 763 3481 compunctionis
790 3414 1088 3466 stimulum
1106 3418 1395 3465 tantorum
1413 3414 1599 3464 crimi—

41 3500 146 3537 tum
169 3488 522 3540 conscientia
547 3486 882 3538 suscitavit:
912 3486 1015 3538 sed
1039 3486 1303 3537 servistis
1326 3485 1600 3536 omnibus

41 3556 319 3621 lesideriis,
344 3559 514 3623 quasi
538 3558 784 3622 ageretis
812 3570 847 3609 a
873 3557 1100 3621 justitia
1122 3556 1314 3607 liberi:
1341 3557 1488 3607 victa
1512 3560 1601 3607 est

41 3629 278 3681 iatientia
295 3631 512 3694 judicis
535 3630 738 3681 interni
759 3629 1116 3694 impudentia
1139 3633 1193 3678 et
1214 3628 1601 3679 obstinatione

41 3701 381 3751 )eccantium:
404 3701 661 3752 decrevit
683 3713 784 3751 vos
800 3700 1009 3751 debitis
1030 3700 1157 3763 subj
1168 3712 1341 3763 ngare
1363 3697 1605 3749 verberi-

41 3782 138 3829 ius,
163 3776 217 3821 et
242 3772 653 3836 primaisthaac
673 3771 1023 3834 deliciarum,
1048 3771 1257 3833 quibus
1281 3768 1603 3832 abutimini,

41 3845 387 3894 nstrumenta
412 3844 754 3894 subducere.
773 3842 951 3904 Cujus
979 3853 1118 3893 sane
1142 3841 1397 3905 penuriae
1421 3853 1601 3904 quan-

41 3923 181 3973 [uam
205 3927 513 3978 processus
529 3915 705 3965 etiam
721 3914 794 3964 ad
815 3913 1131 3964 mediocres
1146 3913 1462 3976 inopesque
1486 3924 1606 3974 per.

41 3984 217 4039 teniat.
256 3999 357 4036 vos
394 3991 591 4037 tamen
635 3985 807 4036 etiam
840 3984 1074 4035 exordia
1096 3984 1221 4048 ipsa
1244 3983 1600 4034 cruciabunt.

41 4056 163 4113 Quos
191 4068 324 4120 ergo
357 4055 503 4107 nihil
529 4056 723 4107 docuit
748 4055 1049 4118 disciplina
1072 4055 1341 4116 justitiae,
1372 4053 1606 4116 incipiat

41 4124 209 4176 altern
237 4127 460 4178 timoris
485 4136 502 4156 ο
533 4126 800 4177 stimulus
843 4126 1109 4190 experiri,
1141 4131 1199 4175 et
1230 4124 1361 4174 date
1384 4123 1608 4185 lachry-

41 4206 136 4245 nas
159 4197 329 4259 vitiis,
356 4210 507 4260 quas
531 4198 733 4247 ofﬁciis
757 4210 877 4249 non
910 4195 1152 4247 dedistis
1180 4210 1192 4243 :
1220 4195 1433 4256 quique
1458 4205 1608 4243 nun-

41 4277 180 4327 [uam
196 4267 465 4319 doluistis
481 4268 795 4319 sauciatam
806 4266 1210 4324 innocentiam,
1228 4266 1357 4315 ﬂete
1374 4264 1607 4315 demum

42 4337 407 4390 emulentiam
424 4339 782 4390 destitutam.
799 4336 1261 4402 Expergiscimini
1283 4335 1433 4395 ebrii,
1451 4341 1496 4383 et
1516 4335 1609 4398 ﬂc-

41 4421 92 4457 ετ
142 4409 344 4459 ululate
382 4425 566 4459 omnes
610 4411 707 4473 qui
746 4408 921 4458 bibitis
969 4410 1159 4457 vinum
1204 4408 1265 4456 in
1311 4406 1605 4466 dulcedine,

41 4480 273 4539 maniam
296 4481 460 4545 periit
484 4480 550 4528 ab
573 4495 661 4528 ore
684 4486 864 4529 vestro.
895 4482 1165 4539 Caussas,
1191 4477 1399 4541 inquit,
1424 4478 1606 4528 Oﬂ'en-

41 4549 188 4601 tionis
203 4552 573 4616 gravissima
598 4556 935 4602 consectatu
956 4550 1199 4601 luxuriae
1215 4549 1569 4614 praestitistis
1586 4564 1598 4599 :

42 4632 116 4671 iec
126 4621 296 4673 lautis
311 4621 792 4687 tempestivisque
804 4621 1080 4671 conviviis
1094 4626 1195 4671 aut
1215 4622 1429 4680 simplici
1447 4622 1603 4667 ebrie-

42 4695 126 4743 ate
141 4694 418 4755 contenti,
441 4692 544 4743 sed
560 4692 761 4743 vinum
776 4691 1193 4756 permiscendis
1212 4691 1476 4742 dulcibus
1491 4702 1607 4741 cor-

41 4763 210 4828 ‘uptis,
228 4766 286 4815 et
301 4764 731 4815 irritamentum
756 4763 937 4827 epulis
953 4762 1195 4814 artiﬁcio
1211 4762 1603 4826 comparastis,

41 4834 255 4884 ttomne
273 4834 415 4886 vitae
434 4834 693 4898 spacium
708 4836 855 4885 inter
875 4833 1172 4885 lasciviam
1189 4838 1245 4884 et
1265 4834 1605 4880 temulentiam

41 4902 326 4968 lisperiret.
357 4906 505 4956 Ecce
521 4918 677 4956 nunc
696 4910 925 4969 tempus
941 4904 1226 4969 ejusmodi
1250 4903 1483 4955 ultionis
1506 4903 1611 4954 ad-

41 4974 186 5035 renit,
202 4988 336 5039 quas
348 4976 694 5040 populandis
712 4980 994 5027 terrarum
1015 4976 1300 5028 fructibus
1315 4977 1606 5023 deliciarum

41 5045 381 5098 totissimum
412 5048 802 5099 instrumenta
834 5047 1138 5098 subducat.
1164 5048 1302 5099 Haec
1332 5059 1437 5099 vos
1472 5058 1610 5109 ergo

41 5118 244 5182 irimos,
260 5119 473 5182 inquit,
488 5130 770 5169 aerumma
780 5119 1010 5170 vexabit
1031 5119 1092 5182 [Α
1102 5122 1176 5167 nt.
1192 5118 1448 5181 vexavit]
1460 5158 1473 5180 ,
1491 5118 1610 5178 quia

42 5188 356 5251 'rugalitatis
369 5190 588 5253 ignaris
605 5190 954 5253 experientia
965 5201 1263 5254 ptenarum
1275 5190 1340 5240 iit
1351 5190 1614 5240 imminu-

42 5256 91 5309 io
106 5260 419 5325 copiarum.
447 5263 515 5311 Et
531 5262 805 5324 quoniam
829 5261 1069 5312 rationis
1092 5261 1269 5323 obliti,
1297 5261 1612 5311 bestiarum

41 5342 116 5382 ros
138 5331 360 5385 similes
384 5331 735 5391 reddidistis,
760 5333 821 5383 in
835 5332 977 5397 ipsis
1000 5331 1204 5384 saltem
1220 5332 1432 5396 quibus
1450 5331 1614 5382 incu-

78 5481 94 5503 '
120 5476 360 5528 Lectum
385 5480 557 5528 antea
579 5475 776 5527 minus
799 5480 975 5540 recte,
1008 5475 1279 5527 videntur.

76 5544 98 5575 δ
116 5548 374 5600 Placeret
393 5547 596 5611 utique
619 5547 823 5612 magis,
847 5552 906 5597 ut
929 5548 1163 5611 vigilem.

78 5625 96 5646 ε
118 5619 307 5671 Antea
329 5618 577 5667 stimulos
598 5617 923 5682 legebatur:
947 5619 1101 5682 quod
1125 5630 1245 5668 non
1268 5619 1614 5680 mutassem,

41 5686 67 5738 li
86 5695 143 5740 et
163 5690 446 5755 incipiant
474 5689 688 5742 lectum
711 5689 917 5743 fuisset
940 5691 1189 5755 plurium
1210 5699 1469 5739 numero.

79 5758 100 5789 ⁴¹
127 5762 245 5814 Aut
266 5761 400 5813 heic
425 5771 587 5813 error
609 5761 803 5826 cubat,
827 5767 928 5815 aut
955 5762 1016 5814 in
1037 5756 1280 5814 ἶσοκώλου
1304 5758 1483 5822 hujus
1504 5756 1618 5810 ilne

41 5835 149 5886 )ost
172 5833 424 5887 verbum
438 5831 672 5899 evigilat,
692 5837 748 5887 et
758 5833 1085 5887 addendum
1099 5832 1174 5885 vel
1189 5829 1611 5897 expergiscatur:

1627 4579 1683 4651 D

1700 3272 1922 3331 dientis,
1959 3277 2017 3322 et
2057 3273 2224 3333 cujus
2262 3284 2380 3321 non
2408 3270 2601 3320 minus
2638 3274 2795 3321 esset
2832 3272 3079 3333 novitas,
3114 3283 3291 3334 quam

1700 3342 2038 3405 magnitudo
2056 3340 2362 3393 formidini.
2380 3342 2568 3402 Hujus
2585 3341 2735 3391 enim
2753 3341 2800 3390 si
2819 3340 3181 3392 efﬁcientiam
3196 3354 3293 3406 po-

1700 3413 1836 3475 tius,
1863 3424 2035 3474 quam
2062 3412 2321 3462 membra
2337 3411 2679 3473 consideres,
2705 3410 2921 3461 videbis
2936 3411 3141 3462 dentes
3165 3416 3292 3476 ejus

1699 3483 1929 3536 leonum
1957 3483 2179 3545 catulis,
2196 3484 2310 3534 imo
2333 3482 2476 3547 ipsis
2498 3482 2794 3545 praedandi
2809 3482 3007 3546 peritis
3029 3483 3293 3534 leonibus

1703 3554 2104 3607 conferendos:
2133 3567 2320 3617 neque
2343 3556 2497 3605 enim
2515 3553 2802 3604 difficilius
2822 3554 2892 3603 ab
2911 3554 3001 3604 his
3016 3556 3293 3619 germina,

1705 3639 1878 3691 quam
1892 3627 1961 3676 ab
1973 3626 2082 3677 illis
2095 3631 2356 3677 armenta
2372 3630 2692 3677 vastantur.
2712 3626 2781 3675 Et
2797 3630 3012 3687 quanto
3024 3626 3220 3676 minus
3233 3628 3295 3674 ad

1702 3700 1916 3751 victum
1929 3698 2267 3749 mortalibus
2278 3710 2481 3761 greges
2492 3700 2719 3747 constat
2728 3698 3109 3759 commodare,
3124 3710 3299 3761 quam

1702 3771 1895 3833 fruges
1920 3787 1930 3819 :
1964 3773 2119 3821 tanto
2135 3769 2383 3833 amplius
2398 3768 2648 3832 frugum,
2671 3779 2842 3830 quam
2861 3781 3104 3832 gregum
3120 3782 3303 3833 popu-

1701 3842 1848 3892 lator
1859 3841 2265 3903 incommodat,
2278 3839 2670 3901 inhiantiaque
2684 3840 2951 3903 sanguini
2963 3848 3165 3899 guttura
3186 3844 3303 3903 bes-

1705 3913 1932 3963 tiarum.
1952 3913 2062 3963 Sed
2076 3913 2267 3975 ipsum
2284 3910 2371 3960 lac
2387 3909 2619 3973 frugum
2635 3915 2692 3960 et
2707 3910 3033 3972 graminum
3050 3911 3302 3962 saeviens

1705 3983 1930 4034 locusta
1949 3981 2255 4040 consumit,
2269 3986 2325 4032 et
2346 3980 2473 4030 ideo
2485 3981 2655 4030 etiam
2676 3995 2868 4039 pecora,
2881 3982 2969 4040 qui
2990 3996 3091 4029 non
3108 3985 3305 4030 mandit

1704 4056 1782 4117 [F.
1797 4067 1927 4117 quae
1940 4067 2054 4103 non
2070 4051 2369 4113 mandunt]
2388 4051 2673 4101 interficit.
2689 4053 2874 4099 Omnes
2888 4053 3021 4098 enim
3034 4055 3205 4112 sylvas
3221 4056 3304 4100 vi-

1705 4137 1829 4176 rore
1845 4123 2142 4186 despoliat,
2159 4126 2217 4173 et
2230 4122 2395 4185 quasi
2411 4124 2634 4172 naturae
2646 4121 2828 4184 ipsius
2844 4122 3231 4173 conditionem
3247 4127 3303 4174 vi

1706 4194 1885 4246 cladis
1895 4194 2153 4244 imitatur
2170 4209 2180 4242 :
2199 4197 2263 4243 ut
2279 4192 2767 4255 quemadmodum
2783 4191 2970 4243 solein
2984 4195 3209 4252 byberno
3226 4197 3305 4242 di-

1706 4279 1872 4324 vexo,
1892 4266 2101 4316 humor
2112 4265 2379 4315 arborum
2397 4262 2468 4314 ad
2484 4263 2753 4313 interiora
2773 4266 3108 4327 compellitur,
3131 4267 3305 4325 sicque

1705 4336 1993 4389 frondium
2014 4336 2231 4386 honore
2252 4334 2532 4397 deposito,
2550 4334 2756 4385 robora
2771 4332 2929 4384 nuda
2952 4335 3305 4400 consistunt,

1708 4421 1840 4473 qum
1866 4408 1913 4458 si
1937 4406 2256 4457 rusticandi
2279 4407 2517 4469 ignarus
2553 4405 2811 4469 aspiciat,
2849 4405 3114 4468 desperat
3136 4419 3308 4469 posse

1705 4481 2049 4532 revirescere
2066 4494 2077 4527 :
2093 4478 2173 4528 ita
2190 4477 2346 4528 istud
2359 4489 2585 4540 agmen,
2600 4475 2750 4538 quod
2766 4475 3038 4527 advenire
3051 4477 3304 4542 deploro,

1705 4552 1859 4603 haud
1877 4551 2063 4601 solum
2080 4548 2272 4600 mollia
2294 4548 2640 4611 graminum,
2666 4547 2767 4597 sed
2784 4552 3010 4599 matura
3024 4549 3199 4599 etiam
3217 4550 3305 4601 vi-

1704 4628 1837 4674 neta
1881 4625 2204 4683 consumet,
2244 4632 2353 4671 nec
2392 4618 2577 4683 pomis
2610 4620 2799 4669 albata
2827 4618 3116 4672 vindemia
3152 4626 3303 4673 tem-

1707 4694 1942 4760 perabit,
1982 4692 2183 4744 dulces
2228 4691 2435 4754 quippe
2479 4690 2624 4741 ﬂcus
2664 4703 2858 4741 amaro
2902 4691 3074 4742 dente
3118 4704 3304 4756 popu-

1706 4766 1931 4828 labitur,
1968 4769 2026 4816 et
2047 4764 2128 4815 ita
2163 4763 2356 4815 dedita
2378 4775 2546 4827 opera
2587 4767 2771 4813 totum
2798 4764 3064 4814 corticem
3106 4775 3302 4828 perse-

1710 4841 1938 4900 quetur,
1981 4849 2080 4900 per
2103 4847 2275 4898 quem
2307 4833 2497 4884 vitalis
2533 4833 2805 4883 nimirum
2840 4839 3060 4897 poterat
3089 4847 3302 4887 succus

1709 4908 1882 4971 illabi,
1906 4912 1972 4958 ut
1985 4906 2115 4957 alba
2130 4918 2229 4969 pro
2251 4904 2414 4957 viridi
2431 4903 2596 4968 sylva
2610 4904 2842 4955 visatur.
2863 4907 3005 4957 Cum
3026 4919 3178 4971 ergo,
3197 4921 3304 4960 nec

1716 4978 1863 5042 [Ληι.
1888 4977 1981 5043 ne]
2023 4977 2298 5028 creditam
2327 4975 2435 5026 sibi
2461 4976 2682 5039 frugem
2707 4979 2857 5026 terra
2888 4978 3173 5043 restituat,
3197 4992 3305 5030 nec

1712 5054 2066 5115 spontaneus
2085 5048 2374 5112 palmitem
2387 5046 2608 5098 fructus
2619 5045 2989 5113 inclinet,nec
3005 5062 3306 5113 pomorum

1714 5120 1923 5172 solatia
1955 5119 2127 5184 aegris
2149 5131 2339 5170 annus
2365 5118 2681 5169 cultoribus
2707 5121 3102 5172 subministret
3128 5139 3139 5168 :
3164 5121 3304 5184 quid

1713 5196 1995 5256 superest,
2021 5195 2215 5242 noster
2239 5188 2463 5254 popule,
2500 5190 2613 5240 nisi
2637 5193 2700 5241 ut
2735 5190 3121 5243 calamitatem
3145 5197 3306 5243 tuam

1712 5263 1945 5314 ﬂetibus
1970 5263 2371 5326 persequaris?
2394 5261 2495 5313 sed
2516 5262 2597 5313 ita
2616 5261 2843 5325 irriguis
2863 5267 2920 5313 et
2938 5262 3215 5329 plurimis,
3242 5267 3310 5316 ut

1716 5335 1905 5388 solent
1936 5333 2189 5386 femina:
2212 5346 2356 5397 quas
2374 5333 2567 5385 luctus
2600 5332 2898 5401 viduitatis
2921 5334 3223 5399 oppressit,
3248 5340 3308 5388 et

1714 5478 1892 5543 idque
1908 5476 2170 5542 proprius
2195 5475 2425 5527 videtur
2442 5474 2515 5527 ad
2540 5488 2761 5527 verum.
2784 5502 2844 5512 —-
2859 5477 3073 5531 Vereor
3093 5492 3167 5532 ne
3191 5493 3310 5535 non

1721 5551 1805 5602 sic
1827 5551 2002 5601 etiam
2028 5561 2239 5601 sensus
2260 5548 2359 5599 fiat
2387 5548 2614 5600 obvius.
2646 5550 2810 5599 EDIT.

1780 5656 1799 5677 '
1841 5647 2128 5699 Admonet
2163 5650 2333 5698 vetus
2358 5645 2553 5697 Editor
2574 5645 2881 5708 legendum
2902 5645 3104 5711 judicii
3126 5666 3147 5711 ;
3170 5663 3308 5703 mox

1719 5730 1950 5783 quoque
1973 5731 2075 5783 pro
2091 5717 2515 5768 consideratione
2538 5716 2599 5770 in
2618 5720 2719 5770 Ms.
2744 5719 3057 5785 exemplari
3084 5736 3189 5774 suo
3205 5724 3310 5776 ha-

1720 5790 1839 5843 beri
1870 5790 2291 5841 consideraturis
