3880 6222
498 278 634 332 1039

1553 267 1639 317 liU
1654 266 1814 315 HNU
1850 262 2304 316 l’ltEb‘UYTERO
2341 266 2722 317 ASCRIPTUS

3698 266 3825 320 illa)

495 404 691 442 eorum
709 389 959 440 virorum
976 385 1246 435 societate
1263 383 1571 446 privantur,
1587 379 1798 443 quibus
1812 379 2083 431 fueranta
2108 386 2162 455 Α
2185 380 2426 461 sionem,
2442 392 2613 443 quam
2631 380 3226 461 rerumamissionem.
3239 378 3533 431 dolentes.
3553 382 3687 461 Yos
3706 396 3826 445 pm-

493 460 836 523 virginitatis
864 468 986 508 sum
1012 460 1266 518 tempore
1291 453 1592 516 copulatae.

552 522 712 583 vers.
738 531 791 583 9.
820 556 881 564 —
899 527 1104 588 Plange
1129 526 1263 574 sicut
1289 526 1438 586 virgo
1468 522 1707 570 accincta
1740 536 1889 569 sacco
1921 535 2083 584 super

488 603 668 653 virum
692 598 985 664 pubertatis
1014 612 1121 644 suae
1146 612 1157 645 :
1198 596 1359 659 periit
1382 593 1711 664 sacrificium
1737 597 1782 639 et
1810 592 1994 639 tibatio
2020 592 2082 664 de

488 675 645 723 domo
669 662 763 721 Dei
788 669 899 734 [ΑΙ.
924 668 1191 730 Domini].
1228 668 1559 730 Opportune
1575 662 1647 713 ad
1666 663 1955 734 regionem
1982 662 2084 712 mi-

486 733 873 809 gravitoratio
900 740 1066 802 :quia
1091 739 1244 789 enim
1277 737 1503 787 dixerat
1534 733 2081 809 v_iduitatis_luctum

490 803 665 866 totius
695 810 887 875 gentis
906 810 1230 874 planctibus
1254 805 1703 871 exaequandum,
1722 803 1985 875 curhanc
2012 804 2081 854 si-

486 874 867 936 militudinem
886 881 1234 944 protulisset,
1255 880 1707 930 commemoratu
1725 874 1971 937 regionis
1988 876 2083 925 ab-

488 957 672 1007 solvit.
706 956 850 1005 Nam
888 953 1038 1003 sicut
1075 964 1229 1014 smpe
1270 949 1432 1007 aliis,
1457 948 1536 997 ita
1566 952 1621 997 et
1658 946 1811 1009 apud
1845 947 2080 997 beatum

484 1028 651 1085 Osee,
672 1025 837 1089 quasi
858 1024 918 1074 in
942 1025 1131 1073 locum
1150 1021 1347 1089 uxoris
1373 1034 1433 1070 se
1451 1022 1599 1068 Deus
1612 1022 1815 1089 noster
1823 1018 2079 1080 Synago-

483 1112 616 1164 gam
640 1086 958 1149 adscivisse
976 1086 1318 1157 pronunciat
1343 1106 1355 1140 :
1382 1089 1486 1141 sed
1502 1089 1658 1164 illam
1687 1086 2079 1164 adulterarum

487 1159 645 1222 inore
661 1168 787 1231 conj
800 1166 1090 1217 unctionis
1114 1164 1284 1214 istius
1310 1166 1476 1226 pacta
1499 1160 1765 1217 violasse,
1798 1170 1864 1209 ae
1894 1171 1955 1231 se
1998 1159 2080 1210 di-

485 1229 782 1293 versorum
806 1237 1045 1288 deorum
1068 1232 1607 1286 cultuisubdidisse.
1624 1231 1770 1292 Ergo
1784 1229 2075 1292 quoniam,

485 1318 543 1365 et
560 1302 651 1362 liic
674 1311 746 1360 ab
763 1307 1149 1373 impendentis
1160 1304 1501 1357 calamitatis
1513 1301 1747 1353 exordio
1761 1300 1823 1373 in
1833 1300 2078 1373 immen-g

488 1396 617 1434 sum
649 1371 973 1433 narratione
1001 1375 1297 1442 processit,
1342 1380 1400 1427 et
1424 1379 1553 1439 post
1585 1371 1888 1436 dispendia
1910 1372 2076 1435 quasi

488 1455 687 1518 prima;
702 1458 814 1503 tem
824 1450 1055 1501 ulentite
1065 1460 1212 1512 ,quaa
1222 1446 1536 1498 luxuriosis
1549 1442 1793 1518 dolenda
1804 1443 2075 1518 signavit,

489 1514 749 1577 {erumna
760 1521 1220 1572 cumulatissime
1235 1522 1325 1571 est
1348 1516 1620 1581 egestatis
1632 1514 1803 1576 illata,
1819 1516 1974 1565 culta
1985 1526 2078 1579 pa-

487 1596 623 1647 riter
652 1599 708 1645 et
731 1593 915 1643 lustra
931 1589 1233 1651 vastantis,
1273 1602 1370 1652 per
1415 1600 1546 1650 quin
1581 1587 1706 1636 haec
1731 1598 1849 1635 non
1886 1585 2073 1638 solum

486 1664 811 1716 communis
834 1660 1121 1717 alimonia.
1150 1659 1251 1710 sed
1274 1671 1379 1709 nec
1394 1655 1697 1722 illa,483
1718 1670 1851 1719 quae
1869 1670 2075 1708 secun-

483 1736 621 1785 dum
647 1733 981 1812 religionem
994 1735 1167 1817 lerant
1182 1729 1487 1817 olferenda,
1516 1732 1913 1817 superessent;
1942 1728 2074 1817 ideo
2103 1742 2159 1817 B

481 1807 644 1869 quasi
657 1805 729 1855 ad
744 1802 1175 1854 similitudinem
1186 1801 1437 1852 viduatae
1449 1799 1699 1850 mulieris
1712 1800 2071 1863 convenitur,

480 1878 690 1941 quippe
714 1887 845 1938 quae
867 1874 1083 1937 perhoc
1105 1872 1367 1923 videatur
1378 1870 1928 1921 maritidiscessione
1945 1885 2077 1921 cru-

479 1949 629 2007 ciari,
647 1946 801 2010 quod
823 1944 1131 1995 oblationis
1150 1949 1205 1993 et
1221 1943 1676 1993 ceremoniarum
1689 1943 2077 1994 instrumenta

479 2018 803 2082 perdiderit,
834 2017 1048 2079 quibus
1076 2027 1176 2078 per
1198 2014 1403 2065 diurna
1435 2014 1711 2065 sacriﬁcia
1753 2018 1812 2065 et
1852 2012 2076 2077 placere

478 2093 612 2151 Deo,
640 2094 697 2141 et
729 2088 1026 2139 adhaerere
1052 2085 1341 2137 credebat.

538 2162 701 2212 Vers.
723 2158 918 2213 10.-1⁴2.
937 2186 997 2194 —
1019 2158 1237 2206 Lusceru
1246 2163 1304 2205 nt
1326 2153 1616 2204 sacerdotes
1630 2155 1872 2204 ministri
1886 2156 1963 2204 Do
1972 2157 2071 2205 mi-

400 2238 409 2245 ‘
476 2230 555 2281 ni.
588 2231 924 2293 Depopulata
941 2233 1013 2276 est
1044 2231 1209 2290 regio,
1236 2227 1375 2275 luxit
1398 2227 1617 2284 humus,
1644 2224 1905 2288 quoniam
1924 2227 2078 2275 deva-

474 2307 672 2351 statum
702 2306 773 2348 cst
797 2300 1055 2359 triticum,
1092 2298 1381 2361 confusum
1407 2303 1477 2344 est
1511 2297 1722 2346 vinum.
1749 2302 1793 2343 et
1830 2296 2073 2359 elanguit

475 2374 667 2423 oleum.
704 2371 1069 2432 Con/'usisunt
1082 2368 1345 2432 agricola},
1368 2368 1709 2417 ululaverunt
1724 2368 1977 2415 vinitores
1988 2384 2073 2416 su-

473 2460 571 2508 per
590 2444 863 2505 frumento
888 2447 932 2489 et
958 2441 1181 2491 hordeo:
1211 2442 1342 2503 quia
1366 2441 1523 2503 periit
1544 2439 1726 2487 messis
1748 2440 1891 2502 agri.
1907 2439 2073 2488 Vinea

476 2515 704 2577 confusa
733 2520 823 2574 est,
846 2518 892 2562 et
906 2515 1039 2576 ficus
1068 2512 1327 2574 elanguit,
1352 2511 1752 2574 malogranata.
1785 2512 2073 2573 [Antma-

477 2586 758 2649 logravata
781 2600 798 2643 ;
822 2584 893 2635 al.
916 2582 1405 2646 malogranatnml,
1431 2587 1476 2630 et
1497 2582 1703 2645 palma,
1731 2587 1776 2630 et
1805 2581 1999 2641 matus,
2026 2588 2071 2631 et

475 2658 664 2705 omnia
678 2656 829 2718 ligna
842 2655 964 2717 agri
981 2659 1264 2713 aruerunt,
1279 2654 1410 2716 quia
1422 2653 1707 2714 confusum
1723 2652 2072 2715 estgaudium

475 2742 511 2775 α
532 2728 662 2788 [iliis
688 2727 997 2776 hominum.
1016 2728 1091 2775 Eo
1107 2726 1373 2787 usquead
1391 2723 1676 2787 publicam
1690 2724 1938 2787 inopiam
1956 2737 2073 2786 per-

482 2798 728 2859 venisse,
754 2802 1015 2847 vastante
1043 2796 1307 2846 videlicet
1329 2796 1570 2856 locusta,
1595 2794 1814 2844 brucho
1838 2800 1895 2844 et
1920 2795 2073 2845 rubi-

475 2870 628 2934 gine,
661 2874 725 2919 ut
749 2868 1065 2918 hostiarum
1104 2879 1335 2928 quoque
1359 2866 1674 2927 indigentia
1700 2871 2069 2932 sequeretur,

476 2954 582 2992 nec
607 2953 783 3004 panes
808 2937 1213 2997 Propositionis
1233 2938 1662 2998 imponerentur
1677 2936 1857 2997 altari,
1876 2950 2073 2989 conse-

477 3018 722 3075 quenter
734 3010 898 3073 primi
911 3006 1237 3057 sacerdotes
1256 3007 1481 3069 levitaaq
1490 3020 1559 3057 ue
1582 3006 1881 3070 lugebant:
1911 3009 2071 3072 plebs

475 3089 671 3133 autem
696 3078 1112 3141 reliqua,quasi
1136 3080 1209 3128 ab
1233 3082 1447 3128 aeterno
1460 3080 1705 3140 conjuge
1719 3080 1965 3141 repulsa,
1983 3082 2067 3133 vi-

477 3154 725 3204 duarum
748 3151 932 3201 instar
958 3152 1037 3211 (ut
1053 3148 1698 3212 diximus)ingemiscat,
1713 3150 1847 3211 quia
1861 3156 1919 3200 et
1942 3152 2067 3215 ipsa

478 3228 627 3273 terra
657 3224 864 3271 ornatu
889 3219 1043 3269 omni
1064 3218 1365 3270 viriditatis
1406 3231 1473 3269 ac
1499 3218 1803 3269 fertilitatis
1829 3221 2062 3285 amisso,

478 3292 742 3355 squalore
767 3290 1020 3354 lugentis
1044 3290 1312 3354 adoperta
1326 3294 1429 3341 est.
1447 3292 1571 3341 Non
1595 3291 1747 3340 enim
1762 3292 1909 3342 tristi
1933 3292 2068 3344 huic

476 3363 767 3427 populatui
786 3362 1069 3413 frumenta
1088 3374 1317 3412 messor
1332 3360 1557 3422 eripuit,
1572 3373 1690 3411 non
1722 3361 2069 3416 fertilitatem

477 3446 646 3484 suam
662 3435 816 3495 vitis,
842 3446 956 3496 qua
966 3438 1207 3496 gravata
1218 3433 1572 3490 constiterat,
1591 3431 1664 3482 ad
1677 3431 1866 3483 dulcia
1880 3440 2070 3486 musta

477 3504 770 3568 perduxit:
798 3504 898 3554 sed
925 3508 1087 3554 tanta
1103 3502 1351 3554 cultores
1373 3502 1739 3553 frustratione
1757 3504 2072 3569 decepit.ut

476 3575 841 3626 mendacium
858 3587 1031 3625 suum
1046 3574 1303 3625 videatur
1313 3574 1668 3625 erubescere.
1685 3576 1895 3626 Similis
1912 3576 2068 3629 oleas

475 3647 732 3710 pulsavit
745 3646 975 3705 invidia,
992 3644 1372 3707 elanguerunt
1386 3646 1919 3707 malogranatacum
1937 3650 2071 3700 licu-

478 3718 589 3766 bus
613 3731 623 3765 :
652 3728 756 3765 nec
781 3715 962 3765 ullum
987 3729 1172 3778 genus
1188 3728 1485 3778 pomorum
1502 3715 1731 3766 meliore
1746 3719 2074 3779 potuitcon-

476 3787 690 3837 ditione
705 3786 1048 3837 subsistere:
1068 3787 1169 3837 sed
1183 3799 1317 3836 cum
1332 3786 1558 3849 gaudiis
1573 3788 1902 3851 spebusque
1919 3803 2071 3842 mor-

478 3857 677 3907 talium
688 3896 701 3920 ,
721 3862 835 3907 tam
849 3860 1110 3920 germina
1124 3858 1354 3921 periere,
1376 3871 1548 3921 quam
1561 3860 1836 3921 gramina.
1848 3862 1969 3912 Non
1982 3870 2073 3915 est

478 3927 880 3979 dissimulandi
898 3934 1121 3992 tempus
1134 3928 1571 3988 doloris,omnes
1585 3928 1987 3993 lugentiumha
1997 3935 2073 3985 bi-

482 4004 603 4050 tum
627 4004 996 4062 mentemque
1015 4001 1311 4064 suscipite:
1340 4000 1698 4051 teterrimum
1722 4003 1871 4053 enim
1889 4018 2073 4067 genus

479 4071 762 4134 impendit
786 4071 964 4130 exitii,
991 4072 1203 4135 quibus
1229 4076 1345 4122 tam
1363 4084 1497 4136 spes
1521 4072 1657 4122 anni
1684 4071 2071 4139 lamentanda,

480 4156 655 4207 quam
692 4155 781 4193 res
806 4146 916 4193 est.

544 4215 706 4265 Vers.
733 4212 939 4267 13.44.
973 4239 1029 4249 —
1055 4212 1328 4275 Accingite
1364 4227 1467 4273 vos,
1494 4217 1539 4261 ct
1563 4213 1805 4278 plangite
1827 4217 2072 4267 sacerdo-

477 4289 565 4345 tes,
584 4285 784 4333 ulutute
804 4284 1045 4333 ministri
1058 4284 1271 4348 altaris,
1291 4284 1669 4348 ingredimini,
1687 4287 2071 4338 cubate‘insac-

475 4370 551 4419 co,
584 4355 828 4403 ministri
850 4356 945 4404 Dei
966 4346 1095 4414 mei;
1118 4355 1383 4418 quoniam
1408 4354 1615 4404 interiit
1633 4346 1693 4406 de
1717 4358 1873 4407 domo
1892 4359 2072 4409 Dcivc-

472 4427 915 4489 strisacriﬁcium
927 4432 971 4475 et
990 4426 1191 4475 libatio.
1210 4426 1713 4492 Sanctiﬁcate[Ant.
1736 4430 2062 4496 Sacriﬁcate]

462 4496 762 4559 jejunium,
790 4504 965 4547 vocate
980 4506 1195 4561 castum,
1208 4503 1517 4561 congregato
1538 4515 1701 4561 senes,
1721 4516 1900 4550 omnes
1914 4503 2057 4551 habi’

2096 3103 2144 3175 C

2182 452 2331 511 inde,
2345 451 2440 510 ait,
2469 451 2815 513 sacerdotes,
2828 451 3055 515 asperis
3074 450 3439 502 vestimenta
3452 451 3687 509 mollia.
3703 467 3824 503 mu-

2184 522 2655 577 tantes,liabitum
2669 521 2991 584 lugentium
3004 522 3394 584 animumque
3407 524 3731 589 suscipite,
3745 531 3819 573 ses”

2182 596 2237 644 et
2253 594 2405 655 quod
2428 593 2499 643 ad
2518 605 2713 643 curam
2737 599 2991 644 vestram
3022 592 3363 657 specialiter
3382 595 3652 657 pertinet
3684 597 3819 647 alle-

2180 668 2401 727 gantes,
2425 663 2629 714 deesse
2655 663 2936 727 videlicet,
2962 664 3122 714 unde
3145 663 3351 714 divino
3373 664 3566 716 cultui
3593 680 3815 717 ser-Via-

2183 736 2271 785 tis.
2300 735 2459 796 Quod
2484 747 2614 785 vero
2639 737 2856 798 spectat
2877 736 2951 784 ad
2977 734 3295 799 populum:
3324 733 3512 801 484
3544 737 3821 799 Sanctiﬁ-

2179 810 2289 853 cate
2295 805 2591 868 jejunium,
2618 804 2674 855 id
2700 809 2789 856 est
2811 805 3046 855 indicite
3072 805 3186 855 sub
3209 818 3280 856 ea
3321 808 3815 870 denunciatjone,

2182 881 2246 927 ut
2279 877 2326 926 si
2350 876 2480 939 quis
2511 876 2652 926 forte
2676 876 3067 938 contemserit,
3093 876 3267 939 quasi
3296 883 3509 928 sancta
3546 881 3817 932 violave-

2178 948 2267 1009 rit,
2299 953 2591 1011 arguatur.
2631 948 2753 997 Hoc
2794 952 2903 1010 est,
2937 948 3093 1010 quod
3120 947 3221 1009 ait,
3261 946 3633 1011 Sanctificate
3658 953 3816 1014 jeju-

2178 1017 2543 1069 nium.Simul
2565 1022 2778 1079 autem,
2804 1018 3012 1081 inquit,
3033 1032 3237 1079 omnes,
3264 1017 3325 1067 id
3351 1024 3452 1069 est
3474 1034 3599 1070 non
3616 1023 3809 1074 solum

2179 1093 2347 1142 aetate
2357 1090 2594 1150 validos,
2609 1090 2707 1140 sed
2722 1102 2867 1152 quos
2879 1089 3053 1140 etiam
3065 1088 3393 1139 imbecilles
3406 1090 3600 1143 habes
3612 1093 3709 1144 vel
3724 1096 3812 1145 in-

2176 1160 2373 1225 fantia,
2402 1161 2491 1211 vel
2528 1165 2817 1221 senectus,
2852 1172 2954 1223 pro
2982 1158 3399 1222 magnitudine
3438 1163 3691 1224 periculi
3737 1166 3809 1216 ad

2177 1230 2641 1281 communionem
2670 1229 2837 1280 ofﬁcii
2868 1233 3207 1280 convocate.
3245 1231 3354 1280 Est
3390 1232 3558 1283 enim
3596 1247 3808 1286 conse-

2176 1314 2379 1365 quens,
2401 1306 2465 1352 ut
2476 1306 2813 1352 cunctorum
2831 1299 3071 1363 repellat
3085 1300 3328 1352 afﬂictio
3341 1314 3481 1353 eam
3498 1304 3807 1356 calamita-

2178 1376 2311 1435 tem,
2330 1385 2461 1436 quaa
2486 1376 2606 1423 erat
2627 1371 2688 1423 in
2702 1384 2905 1422 omnes
2930 1372 3328 1423 communiter
3351 1374 3658 1427 saevitum.
3678 1379 3804 1429 Kon

2175 1452 2370 1495 autem
2383 1444 2554 1495 debet
2564 1444 2728 1494 nobis
2741 1443 3145 1506 opportunitas
3168 1441 3585 1508 intelligentiae
3595 1452 3801 1497 suberis

2175 1513 2347 1566 elabi:
2374 1513 2659 1566 universis
2678 1512 2965 1577 siquidem
2968 1516 2989 1577 j
2999 1513 3264 1573 ejunium
3285 1519 3802 1571 communiteer

2175 1590 2423 1649 peratur.
2462 1584 2769 1646 Convocate,
2795 1583 3003 1647 inquit,
3029 1598 3197 1642 senes,
3229 1599 3423 1633 omnes
3469 1586 3798 1637 habitatores

2176 1662 2330 1704 terrm
2346 1655 2407 1704 in
2430 1655 2652 1704 domum
2687 1655 2783 1704 Dei
2800 1654 2978 1705 vestri.
3002 1656 3080 1705 At
3104 1655 3154 1705 si
3183 1654 3286 1705 illa
3309 1655 3509 1720 inopia
3538 1659 3687 1722 (qum
3706 1675 3796 1710 su-

2183 1740 2281 1791 pra
2302 1726 2587 1790 descripta
2609 1728 2719 1788 est)
2746 1725 2880 1777 totis
2903 1725 3205 1789 regionem
3224 1725 3456 1777 ﬁnibus
3477 1729 3794 1794 obtinebat,

2178 1799 2256 1849 ita
2279 1802 2344 1849 ut
2365 1810 2471 1849 nec
2483 1796 2823 1848 sacriﬁcium
2850 1797 3091 1848 solenne
3108 1797 3303 1860 possit
3318 1798 3535 1863 oﬁ‘erri,
3562 1812 3793 1863 quomo-

2175 1869 2248 1920 do
2275 1870 2484 1920 iterum
2507 1880 2735 1931 magnas
2758 1868 3243 1919 sanctiﬁcationis
3258 1869 3493 1920 ambitu
3504 1870 3584 1933 jej
3596 1873 3790 1923 unium

2174 1940 2392 1993 eisdem
2419 1940 2677 2004 plebibus
2701 1940 3020 2003 imperatur
3046 1954 3056 1985 ε
3085 1951 3227 1989 cum
3258 1941 3471 2002 utique
3500 1944 3611 1993 sub
3634 1950 3790 1994 tanta

2173 2012 2489 2075 indigentia
2516 2010 2866 2067 constitutis,
2894 2008 3190 2060 difﬁcilius
3216 2009 3380 2061 factu
3410 2012 3554 2074 [Ant
3567 2014 3787 2077 factum]

2172 2089 2329 2135 esset
2352 2084 2540 2133 cibum
2560 2093 2777 2145 parare,
2796 2094 2976 2143 quam
2999 2082 3355 2133 continuare
3363 2083 3447 2145 jej
3459 2085 3694 2135 uniuni?
3710 2090 3787 2133 Er-

2172 2168 2245 2218 go
2270 2154 2548 2205 debemus
2568 2152 2880 2210 advertere,
2914 2153 3054 2215 quia
3075 2150 3237 2203 aliud
3267 2154 3347 2203 sit
3381 2155 3785 2217 esurire,aliud

2166 2227 2428 2289 jejunare
2443 2240 2454 2272 :
2471 2224 2580 2275 hoc
2591 2222 2665 2273 ad
2687 2223 3172 2274 exercitationem
3200 2223 3443 2274 virtutis
3460 2228 3711 2290 respicit,
3732 2228 3787 2277 il-

2171 2297 2271 2352 lud
2294 2308 2426 2347 vero
2454 2294 2528 2345 ad
2553 2293 2918 2345 mortalitatis
2953 2306 3256 2357 angorem.
3285 2295 3432 2345 Ideo
3464 2310 3585 2347 non
3612 2297 3787 2360 placat

2171 2367 2479 2417 Dominum
2503 2365 2738 2416 afﬁictio
2762 2377 3015 2425 reorum,
3042 2364 3147 2416 sed
3185 2368 3480 2418 correctio
3512 2370 3787 2430 peniten-

2173 2438 2345 2489 tium:
2366 2449 2556 2500 neque
2580 2450 2723 2500 opus
2742 2441 2833 2487 est
2850 2436 3001 2497 tabe,
3014 2436 3119 2487 sed
3139 2439 3604 2501 compunctione
3619 2455 3787 2488 σωλη-
3851 2487 3853 2489 ,

2172 2508 2275 2559 dis.
2304 2508 2510 2559 Sordes
2526 2508 2675 2558 enim
2690 2506 2937 2557 luxuria:
2954 2519 3337 2570 nequaquam
3359 2521 3631 2560 aerumna
3645 2514 3787 2559 bonis

2169 2580 2451 2642 malisque
2476 2579 2823 2640 communis,
2849 2582 3133 2629 caeterum
3159 2579 3357 2630 amica
3374 2585 3785 2645 tantumgene—

2169 2652 2317 2702 rosis
2340 2650 2637 2700 mentibus
2656 2648 2961 2712 disciplina
2983 2648 3237 2711 depellit.
3255 2651 3328 2701 Et
3352 2651 3486 2702 ideo
3502 2653 3783 2716 jejunium

2171 2726 2319 2786 peto,
2349 2720 2550 2783 inquit,
2565 2719 2719 2782 quod
2735 2719 2805 2770 de
2831 2719 3022 2770 ofﬁcio
3045 2720 3231 2783 venit,
3241 2734 3366 2773 non
3387 2725 3785 2787 esuriemqua

2171 2795 2240 2843 de
2264 2790 2539 2856 supplicio
2565 2791 2903 2854 plerumque
2928 2792 3223 2855 contingit
3239 2807 3253 2842 :
3269 2792 3365 2843 vel
3390 2795 3782 2846 esurientibus

2168 2865 2407 2926 inquam
2437 2861 2731 2913 conciliate
2756 2863 3067 2927 jejunium,
3094 2867 3162 2913 ut
3188 2863 3349 2925 quod
3380 2865 3582 2930 inapia
3610 2866 3776 2918 mole

2172 2940 2329 2985 stum
2363 2933 2591 2995 fecerat,
2616 2932 2820 2983 reddat
2842 2932 3080 2984 devotio
3104 2933 3499 2987 fructuosum.
3526 2938 3642 2989 Sed
3661 2938 3771 2989 haec

2170 3019 2280 3057 nos
2292 3018 2391 3069 pro
2408 3003 2785 3055 aediﬁcatione
2796 3003 3163 3055 audientium
3179 3005 3768 3058 dixerimuscimmm

2172 3081 2362 3141 potest
2393 3075 2807 3137 consequentia
2830 3075 3184 3139 propheticis
3222 3080 3537 3130 sententiis
3573 3082 3770 3144 majore

2167 3147 2503 3211 compendio
2538 3146 2832 3197 vindicari.
2851 3148 3295 3210 Impendentem
3308 3151 3468 3201 enim
3494 3152 3768 3203 calamita-

2169 3226 2281 3271 tem
2300 3219 2503 3281 magis,
2522 3229 2696 3280 quam
2714 3219 2836 3279 jam
2860 3218 3175 3270 irruentem
3193 3222 3544 3273 vaticinatm
3564 3236 3766 3274 annun-

2167 3292 2298 3351 ciat,
2331 3288 2652 3350 meritoque
2675 3288 2947 3339 admonet
2979 3290 3337 3350 sacerdotes,
3364 3297 3430 3342 ut
3456 3293 3684 3355 plebem
3704 3293 3764 3343 ad

2163 3362 2239 3425 jej
2250 3360 2385 3411 unia
2400 3362 2736 3422 couvocent,
2763 3363 2819 3410 et
2842 3358 3122 3422 legitimis
3139 3360 3667 3425 supplicationibus
3681 3377 3761 3413 oc-

2169 3436 2405 3483 currant
2433 3429 2523 3481 his
2547 3430 2993 3494 calamitatibus,
3014 3443 3165 3494 quas
3180 3433 3433 3483 audiunt
3455 3434 3762 3485 imminere.

2232 3501 2487 3564 Denique
2524 3500 2785 3563 sequitur
2812 3517 2823 3549 :
2863 3500 3049 3563 [Vers.
3080 3500 3391 3567 15.-18.]-
3419 3506 3467 3553 Α
3495 3507 3541 3553 Α
3568 3507 3614 3553 Α
3640 3506 3761 3553 diei!

2168 3574 2301 3637 quia
2324 3587 2424 3636 pro
2433 3586 2499 3636 pe
2512 3577 2583 3620 est
2607 3571 2716 3619 dies
2745 3570 2989 3634 Domini,
3007 3578 3055 3621 et
3079 3573 3243 3635 quasi
3266 3574 3494 3623 vastitas
3518 3592 3553 3623 a
3576 3583 3763 3638 potente
3838 3628 3839 3641 γ

2167 3644 2353 3693 veniet.
2378 3643 2665 3706 Numquid
2688 3657 2799 3691 non
2820 3656 3011 3691 coram
3029 3642 3201 3692 oculis
3218 3648 3403 3693 vestris
3418 3645 3683 3695 alimenta
3699 3661 3765 3710 pe-

2168 3715 2489 3764 rierunt?de
2511 3716 2677 3763 Domo
2702 3715 2796 3763 Dei
2816 3714 2835 3740 δ
2850 3716 3010 3763 vestri
3023 3715 3212 3764 latitia
3245 3721 3291 3764 et
3316 3717 3622 3768 exultatio?
3640 3719 3768 3767 Com-

2164 3791 2495 3851 putruerunt
2510 3785 2762 3849 jumenta
2784 3786 2845 3833 in
2864 3790 3222 3847 stercoresuo,
3242 3786 3502 3836 demotita
3518 3796 3648 3837 sunt
3666 3792 3762 3837 hoc

2170 3874 2281 3916 rea,
2308 3858 2581 3920 dissipatae
2602 3862 2729 3905 sunt
2762 3858 3051 3920 apothecae,
3069 3858 3343 3920 quoniam
3376 3859 3671 3923 confusum
3710 3866 3761 3908 est

2170 3929 2429 3977 triticum.
2452 3929 2595 3987 Quid
2614 3929 2875 3992 ingemuit
2892 3929 3132 3987 animat,
3149 3930 3474 3992 mugierunt
3488 3946 3670 3995 greges
3690 3948 3763 3981 ar-

2170 4000 2336 4048 menti
2365 4003 2389 4049 ?
2418 4000 2553 4062 quia
2574 4014 2687 4047 non
2708 4004 3057 4063 suntpascua
3080 4002 3157 4049 eis
3178 4016 3198 4060 ;
3234 4001 3328 4049 sed
3352 4007 3397 4050 et
3421 4017 3607 4065 greges
3630 4018 3757 4066 pereo

2169 4088 2298 4122 rum
2322 4072 2700 4135 dispericrunt.
2721 4074 3034 4135 Postquam
3056 4071 3386 4137 lugentium
3401 4075 3684 4135 habitum,
3714 4081 3757 4125 ut

2174 4156 2338 4195 sacco
2354 4143 2619 4194 videlicet
2634 4144 2835 4205 operti,
2859 4144 2914 4194 id
2935 4149 3028 4195 est
3051 4145 3254 4195 amicti
3278 4145 3485 4196 ciliciis
3505 4160 3756 4198 conveni-

2169 4220 2316 4278 rent,
2334 4214 3137 4279 prophetacomposuitznunc
3152 4218 3352 4279 etiam,
3371 4230 3491 4280 qua
3506 4217 3664 4281 fungi
3678 4218 3753 4268 de-

2172 4288 2344 4337 beant
2356 4285 2628 4346 oratione,
2648 4285 2968 4349 subiungit,
2980 4292 3040 4337 et
3056 4286 3548 4340 exclamationem
3562 4292 3753 4337 dolent:

2168 4359 2257 4409 bis
2283 4364 2478 4419 terque
2500 4357 2934 4420 congeminans,
2961 4360 3130 4419 quasi
3171 4360 3291 4409 vim
3310 4359 3535 4411 ictuum
3566 4362 3751 4423 quibus
3818 4400 3819 4405 η

2168 4432 2352 4494 plaga:
2377 4430 2745 4484 iucutiantur,
2770 4429 3077 4490 expressit.
3106 4425 3281 4481 Haud
3308 4432 3383 4482 ob
3406 4431 3569 4483 aliud
3594 4432 3752 4496 profe-
3816 4468 3817 4481 χ

2171 4506 2281 4560 cto,
2300 4512 2475 4562 quam
2491 4503 2552 4549 ut
2569 4498 2927 4549 formidinem
2943 4504 3001 4550 et
3018 4503 3531 4563 compunctionem
3546 4506 3753 4555 interdi-

474 4557 666 4616 tatores
692 4575 840 4617 terra:
854 4569 915 4618 in
930 4570 1151 4618 domum
1174 4557 1269 4617 Dei
1287 4557 1461 4632 uestri,
1477 4575 1520 4618 et
1542 4557 1767 4620 clamate
1779 4574 1852 4621 ad
1874 4574 2066 4624 Domi-
2089 4557 2147 4631 Β
2172 4557 2282 4622 bus
2297 4557 2657 4621 audientium
2669 4570 3062 4632 pronunciatm
3074 4557 3427 4624 calamitatis
3444 4577 3677 4627 ambitio
3690 4591 3751 4623 Su-

473 4654 626 4688 num.
637 4640 1026 4702 Magnitudine
1038 4640 1379 4691 calamitatis
1391 4643 1946 4706 exposita,omnibus
1957 4652 2067 4707 qui-

472 4708 601 4780 dem
627 4708 853 4772 populis
868 4710 1038 4761 ﬁetus
1051 4711 1380 4775 impendere
1397 4712 1797 4778 descripserat,
1819 4717 1920 4767 sed
1934 4719 2069 4780 quia

472 4777 900 4851 lachrymarum
928 4783 1327 4833 tantummodo
1352 4783 1679 4846 spectaculo
1697 4777 2064 4851 commoveri,

472 4848 804 4922 miserantis
828 4851 1037 4916 potius,
1064 4866 1237 4915 quam
1262 4853 1525 4905 docentis
1549 4855 1803 4907 ofﬁcium
1826 4848 2069 4922 est,proé

472 4920 647 4993 pheta
662 4925 855 4972 autem
881 4924 1075 4974 animo
1093 4925 1348 4988 parentis
1378 4924 1639 4986 indutus,
1666 4927 1808 4978 nihil
1835 4920 2068 4993 nisi—pro

474 4990 719 5041 utilitate
733 4993 1015 5056 conciliat,
1032 5008 1188 5045 nunc
1204 5008 1433 5058 quoque
1453 4996 1714 5049 ordinate
1732 5000 1803 5050 ad
1816 4990 2069 5053 lamenta

475 5062 764 5126 conducit,
790 5069 855 5116 ut
884 5078 1002 5115 non
1020 5066 1217 5116 vacuis
1242 5067 1474 5115 ﬁetibus
1490 5072 1717 5132 tempus
1734 5072 2066 5131 absumant,

472 5133 737 5184 miserias
764 5148 901 5185 suas
930 5134 1273 5198 lugubribus
1306 5136 1582 5205 nimirum
1607 5140 1846 5190 vocibus
1874 5156 2069 5205 perse-

472 5208 736 5267 quentes,
762 5205 914 5267 quod
938 5205 1152 5267 utique,
1178 5210 1235 5257 et
1258 5204 1553 5269 religiosos
1565 5209 1620 5259 et
1647 5208 1822 5261 fortes
1845 5204 2067 5265 animos

471 5273 729 5325 deceret:
763 5275 866 5326 sed
882 5275 1007 5339 ipsa
1028 5274 1453 5339 lachrymarum
1478 5290 1719 5331 munera
1746 5283 2066 5336 secundum

470 5356 651 5418 sacrae
676 5345 819 5409 legis
844 5346 1072 5410 regulas
1096 5350 1451 5412 ordinantes,
1476 5362 1725 5403 messem
1742 5359 2068 5418 praeparent

469 5414 832 5489 gaudiorum,
848 5421 1185 5489 tantumque
1197 5422 1470 5472 terumnis
1483 5424 1693 5475 mentis
1708 5414 2065 5489 indulgeant,

468 5487 753 5547 quantum
778 5487 989 5539 sufﬁcit
1013 5489 1086 5541 ad
1108 5492 1568 5556 indignationem
1586 5494 1819 5559 judicis,
1847 5487 2067 5547 'oifené

475 5626 962 5757 qéiigpglllendum
996 5638 1108 5683 tam
1151 5635 1283 5701 ejus,
1320 5636 1379 5689 id
1420 5643 1528 5700 est,
1557 5638 1781 5704 judicis,
1815 5643 1917 5693 aut
1954 5639 2065 5692 tale

536 5763 559 5791 ι’
580 5762 783 5816 Crateri
806 5776 998 5824 autem
1018 5776 1144 5830 libri
1168 5792 1389 5844 omnes,
1412 5768 1585 5843 atque
1610 5780 1731 5845 ipse
1747 5780 2062 5835 Hebraicus

2166 4645 2414 4699 scitaret,
2446 4654 2514 4691 ac
2544 4642 2590 4690 si
2611 4640 2824 4690 diceret
2849 4656 2861 4690 :
2894 4640 3125 4693 Credite
3156 4644 3345 4694 oculis
3368 4648 3537 4706 meis,
3562 4646 3747 4697 credite

2162 4714 2442 4775 sensibus,
2468 4711 2589 4762 acie
2612 4710 2932 4775 prophetali
2950 4726 3070 4763 non
3095 4713 3480 4779 solumillata,
3494 4718 3596 4767 sed
3608 4719 3749 4768 etiam

2168 4791 2414 4838 ventura
2425 4783 2823 4835 cernentibus:
2845 4802 2857 4830 ι
2872 4785 2973 4847 jus
2989 4785 3275 4837 nimirum
3296 4800 3433 4851 qua:
3449 4790 3671 4840 tolerari
3682 4802 3747 4839 ne

2165 4862 2337 4923 queat
2350 4853 2527 4922 485
2546 4852 2887 4905 calamitatis
2897 4856 3133 4918 pondus
3145 4857 3503 4921 insistere,et
3520 4860 3595 4911 ad
3610 4862 3747 4922 cujus

2165 4931 2316 4981 ictus
2331 4926 2591 4990 singulos
2603 4928 2770 4992 quasi
2784 4929 3053 4979 convulsi
3066 4930 3394 4982 visceribus
3405 4931 3746 4984 conabamur.

2166 5001 2254 5051 Sic
2279 4996 2437 5051 ei‘im
2461 4998 2572 5048 sibi
2596 5011 2767 5049 eruca
2790 5002 2848 5049 et
2871 4998 3117 5063 locusta,
3132 5002 3413 5063 bruchus,
3427 5004 3632 5066 rubigo
3646 5016 3746 5054 suc-

2168 5071 2345 5127 cedet,
2380 5068 2627 5120 cessatio
2678 5069 3059 5132 praecedentis
3092 5072 3475 5135 incommodi,
3515 5090 3646 5139 quae
3684 5090 3748 5127 re.-

2168 5142 2585 5206 spiramentum
2617 5140 2919 5192 videbatur
2941 5140 3183 5204 aliquod
3207 5143 3487 5207 polliceri,
3511 5149 3745 5211 graviora

2165 5213 2393 5265 miseris
2419 5215 2704 5263 tormenta
2737 5216 3079 5276 comportet.
3107 5218 3193 5266 Ac
3218 5216 3367 5276 dies,
3410 5217 3506 5270 ille
3528 5220 3743 5273 Domini.

2167 5297 2313 5348 quos
2326 5296 2455 5334 reos
2468 5282 2733 5334 videlicet
2744 5283 3064 5336 destinavit
3076 5286 3429 5349 ulcisci,non
3445 5292 3607 5353 quasi
3621 5289 3744 5341 tenui

2167 5354 2558 5405 sitvexatione
2577 5353 2861 5416 terribilis,
2891 5354 2996 5405 sed
3033 5369 3166 5407 eam
3194 5361 3582 5413 vastationem
3609 5362 3738 5412 ferat.

2166 5438 2339 5488 quam
2365 5423 2801 5488 potentissimus
2814 5425 3063 5489 quisque
3091 5428 3249 5481 ultor
3263 5432 3581 5485 invehemt
3598 5434 3737 5494 Cujus

2164 5498 2428 5551 videlicet
2439 5497 2790 5556 viribus,nec
2801 5496 3047 5550 audacia
3056 5502 3471 5555 resistentium
3488 5504 3657 5568 quiret
3669 5503 3735 5552 ob

2164 5644 2362 5714 textus
2372 5638 2544 5689 nostri
2560 5635 2886 5702 praeferunt.
2906 5639 3046 5693 Mox
3063 5654 3329 5708 quoque,
3348 5653 3724 5714 nonestch

2161 5711 2368 5764 minori
2390 5714 2630 5763 numero
2661 5722 2763 5775 pro
2789 5725 2901 5760 non
2926 5719 3075 5778 sunt,
3113 5718 3226 5769 etc.
