3880 6222
54 350 220 406 1041

48 466 321 539 sistere,
345 481 421 520 ne
438 470 778 523 subtrahere
810 474 1119 539 quippiam,
1138 476 1416 529 calliditas
1441 480 1701 533 occulen-

48 614 221 657 tente
252 611 449 686 veniet,
480 611 571 686 vel
605 617 1090 676 comparationem
1124 621 1371 682 positam
1396 611 1609 686 accipe,
1636 629 1697 675 ut

52 690 202 758 non
219 681 429 758 minus
442 682 747 758 valituram
764 681 1202 758 castigationem
1223 692 1496 752 sciamus,
1520 681 1695 758 quam

50 750 115 823 si
130 756 313 803 esset
330 754 718 821 potentissimi
729 756 898 821 aliqu
911 773 975 809 us
988 762 1138 823 regis
1153 764 1427 816 saevitura
1440 750 1693 818 victoria.

52 821 159 871 De
182 834 314 885 quo
349 824 539 877 colore
562 828 735 877 etiam
775 828 911 880 lllud
948 830 1008 881 in
1030 821 1249 894 p—salmo
1274 840 1363 886 est
1383 852 1394 887 :
1413 838 1695 887 Excitatus

47 898 364 971 tanquam
377 895 653 946 dormiens
672 898 956 961 Dominus,
977 908 1065 951 tan
1076 919 1105 968 q
1115 919 1241 953 nam
1250 912 1438 969 potens
1448 910 1696 971 crapula-

51 966 75 1042 ς
86 978 160 1010 us
199 979 242 1013 a
272 965 404 1015 vino
420 983 438 1027 ;
464 972 539 1031 et,
575 969 840 1019 Percussit
872 965 1123 1022 inimicos
1151 965 1273 1025 suos
1290 980 1350 1025 in.
1380 965 1696 1042 posteriori-

52 1033 194 1115 (ηιξ,
235 1038 597 1115 opprobrium
631 1044 1015 1105 smpiternam
1038 1047 1182 1096 dedit
1217 1048 1326 1097 illis
1360 1033 1516 1111 (l’sal.
1554 1051 1691 1115 77.):

52 1104 167 1184 vel
183 1112 376 1184 certe,
395 1122 521 1184 non
548 1124 649 1175 per
679 1104 1029 1178 exemplum,
1049 1117 1147 1167 sed
1174 1131 1273 1181 pro
1299 1104 1695 1184 singularitate

62 1174 313 1251 tactam
325 1174 715 1245 intelligamus
727 1174 1330 1241 commemorationem
1344 1174 1560 1251 polentia
1577 1208 1695 1241 neu-

50 1247 151 1308 tiq
162 1260 330 1323 nam
329 1262 503 1323 unum
517 1258 620 1304 aut
635 1254 802 1315 duos,
823 1257 925 1307 sed
937 1263 1143 1310 cuncta
1156 1273 1287 1323 quae
1302 1247 1546 1315 voluerit
1560 1267 1693 1315 abs-

52 1329 192 1399 que
205 1319 556 1399 difﬁcultate
568 1329 865 1399 patrantis,
887 1331 1085 1392 sicque
1101 1319 1305 1394 potens
1322 1333 1694 1399 Omnipoten-

57 1392 200 1439 tem
218 1394 592 1465 expressisse
615 1396 888 1449 videatur.
919 1400 1058 1457 Quia
1070 1392 1235 1465 prope
1253 1404 1362 1452 dies
1383 1392 1622 1465 Domini,
1649 1412 1695 1455 et

56 1461 378 1535 vastitasa
397 1470 604 1526 potente
642 1469 828 1518 veniet.
856 1461 1145 1535 Numquid
1172 1461 1285 1522 non
1308 1490 1491 1525 coram
1524 1461 1692 1527 oculis

56 1533 276 1612 uestris
289 1533 555 1612 alimenta
567 1539 845 1612 perierunt
860 1542 884 1588 ?
901 1533 1144 1605 Non—est,
1157 1545 1359 1609 inquit,
1382 1550 1609 1612 tempus
1626 1555 1691 1601 ut

57 1602 156 1679 im
167 1604 570 1679 pauimentum
584 1610 867 1662 mediocre
882 1602 1170 1679 formidas,
1188 1602 1255 1667 et.
1266 1602 1566 1679 colligendis
1589 1630 1691 1670 tan-

56 1672 211 1722 tum
234 1672 519 1727 fructibus
541 1687 559 1707 ·
583 1679 740 1730 haud
766 1682 939 1733 etiam
961 1672 1214 1735 collectis
1234 1672 1531 1740 calamitas
1555 1691 1689 1742 infe-

57 1746 273 1823 ratur,
292 1745 396 1823 sed
424 1749 535 1823 sub
558 1748 699 1823 ipsis
724 1752 906 1803 oculis
932 1756 1158 1815 vestris,
1187 1762 1252 1807 ut
1270 1758 1391 1819 jam
1422 1762 1685 1823 repositis

58 1814 392 1898 conﬁdatis
414 1818 706 1898 alimentis
730 1837 742 1872 :
773 1837 889 1898 nec
915 1825 1101 1898 solum
1128 1814 1366 1891 privatis
1399 1814 1685 1898 domibus,

63 1885 185 1967 sed
213 1887 398 1967 etiam
410 1891 607 1967 templi
623 1895 822 1945 aerario
837 1896 1087 1960 inopiam
1104 1885 1399 1953 imminere
1418 1885 1684 1967 praedico:

59 1956 156 2004 ita
174 1959 244 2006 ut
259 1956 625 2036 laetitia,‘imo_
636 1956 954 2036 consolatio
971 1969 1244 2021 universa
1258 1956 1539 2036 depereat.
1571 1956 1685 2028 Nec

64 2036 226 2105 sane
245 2029 454 2111 ablatis
481 2031 986 2111 frugibusvictum
1012 2053 1216 2101 pecora
1249 2029 1682 2111 ministrabant,

59 2098 219 2176 quia
236 2101 323 2179 eti
329 2102 420 2181 psi
432 2103 977 2181 perniciemdepasti
991 2098 1234 2172 montes,
1249 2118 1307 2163 et
1323 2098 1685 2181 consumptio

63 2169 599 2246 vivorisindicent.
628 2169 846 2236 Quibus
872 2180 1067 2243 utique
1095 2169 1492 2246 propiantibus
1518 2169 1685 2238 m‘alis

62 2241 341 2320 ostendit
357 2256 419 2320 se
437 2244 711 2320 propheta
728 2249 960 2320 pulsari,
978 2241 1130 2314 quod
1151 2241 1241 2305 vel
1257 2256 1329 2306 ad
1346 2257 1684 2320 spiritalium

73 2314 662 2393 sensuumjudicium
673 2319 840 2393 valet,
860 2323 1106 2393 multum
1125 2339 1186 2376 se
1202 2326 1349 2377 ultra
1363 2314 1471 2378 hos
1487 2343 1686 2393 corpo-

72 2393 211 2462 reos
236 2387 684 2465 porrigendum,
699 2391 791 2442 vel
811 2392 883 2442 ad
902 2407 1169 2465 pompam
1195 2397 1274 2459 (ut
1294 2397 1567 2465 diximus)
1586 2387 1685 2452 de-

68 2456 501 2533 scriptionis,in
517 2460 856 2523 populorum
874 2456 1143 2516 cordibus
1157 2456 1426 2521 aﬂ‘ectum
1439 2456 1686 2523 formidi.

78 2535 182 2606 nis
194 2538 323 2576 com
332 2533 830 2606 moventem.Erg_o
843 2537 1005 2606 quasi
1021 2538 1269 2600 speciem
1282 2540 1684 2606 interrogantis

84 2597 429 2676 assumpsit,
456 2598 699 2676 dicendo
726 2618 736 2648 :
770 2604 912 2661 Quid
943 2597 1209 2667 ingemuit
1232 2612 1460 2671 animal,
1485 2597 1687 2676 mugiec

82 2670 425 2745 runtngreges
437 2671 671 2719 armenti
695 2675 719 2722 9
734 2677 841 2723 uta
853 2677 1253 2738 respondentis
1270 2685 1428 2743 parte
1445 2670 1572 2745 Subj
1582 2670 1686 2733 ice-

84 2739 194 2815 ret,
220 2736 366 2815 Quia
388 2753 502 2787 non
529 2748 657 2789 sunt
680 2757 882 2806 pascua
905 2736 997 2797 eis.
1026 2746 1129 2797 Sed
1153 2755 1197 2797 et
1220 2736 1397 2813 greges
1431 2736 1682 2815 pecorum

85 2806 474 2867 disperierunt.

148 2896 569 2969 Proinde,cum
590 2913 685 2953 me
714 2915 785 2953 ex
809 2905 966 2956 omni
990 2910 1148 2969 parte
1176 2907 1550 2962 intolerabilis
1573 2912 1684 2962 cir-

84 2966 324 3017 cumdet
348 2968 596 3031 aﬂlictio,
635 2973 707 3045 ab
736 2977 788 3024 te
826 2966 1060 3026 unicum
1085 2979 1415 3040 Dominum,
1450 2995 1679 3045 manus,

86 3048 281 3119 voces,
307 3045 445 3119 vota
482 3041 761 3119 sustollo;
791 3048 851 3119 et
886 3050 950 3096 ut
984 3045 1342 3101 calamitates
1367 3053 1533 3105 terrae
1558 3041 1680 3119 jam

83 3106 308 3187 dexter,
330 3110 452 3187 ja_m
469 3113 626 3187 mitis
641 3115 905 3187 aspicias,
929 3119 1120 3170 animo
1137 3126 1192 3171 et
1214 3134 1446 3187 corpore
1465 3106 1680 3181 suanm

84 3178 347 3243 imploro.
374 3184 517 3261 Ecce
534 3184 688 3261 enim
710 3185 725 3250 [
746 3178 901 3238 Vers
929 3188 1013 3261 19.
1033 3190 1049 3253 J
1069 3178 1515 3254 speciosa-deserti
1529 3178 1678 3261 ﬁam:

1299 365 1369 414 IN
1405 367 1578 416 JOEL
1614 366 2198 419 COMMENTARIUS.

3254 378 3393 432 1042

88 469 321 556 istere,
339 481 421 556 pe
438 470 1119 556 subtrahercnquippiam,
1138 476 1701 556 calliditasocculen-
1723 487 1773 556 Α
1807 481 1936 543 bus,
1950 484 2266 545 autrorem,
2283 469 2788 553 autpluviam,quo
2801 492 3059 554 germina
3077 493 3391 555 producan-

53 539 761 615 tium[Al._ocule_ntumj.
784 545 944 603 Quod
976 545 1150 609 igitur
1165 549 1261 608 ait,
1288 551 1518 599 Vastitas
1539 569 1573 600 a
1601 567 1692 615 po-

1805 557 1914 625 tur,
1939 559 2253 625 esspectat.
2270 557 2447 625 Quod
2473 561 2519 608 si
2546 562 2689 612 bene
2708 563 3058 625 consideres,
3078 569 3275 614 noster
3297 578 3390 614 au-

1792 620 2174 695 ditor,_inesse
2196 624 2415 676 videbis
2434 630 2656 689 pondus
2672 633 2936 695 exemplo
2959 620 3312 683 :animarum
3329 648 3392 683 e-

1790 691 1911 766 nim
1930 692 2083 744 sitim
2100 693 2513 747 elementorum
2524 702 2767 751 naturali
2782 691 3283 766 ap'petentizze,quze
3300 709 3391 755 est

1790 763 1989 825 utique
2019 766 2202 835 multo
2224 767 2632 832 vehementior,
2660 763 3031 835 comparavit.
3059 763 3387 827 Sed—videa-

1790 845 1922 883 mus
1949 839 2005 885 et
2031 834 2266 898 reliqua.

2381 951 2669 1016 CAPUT
2710 953 2795 1017 II.

1854 1082 2018 1131 Vers.
2049 1081 2250 1136 i.-‘2.——
2280 1084 2468 1134 Canite
2495 1086 2621 1135 tuba
2638 1087 2699 1135 in
2723 1087 2877 1146 Sion,
2902 1088 3103 1137 utulate
3126 1090 3188 1138 in
3208 1096 3386 1140 monte

1788 1157 1972 1201 sancto
1989 1167 2122 1214 meo,
2140 1155 2713 1206 conlurbentu-romnes
2730 1158 3053 1207 habitatores
3070 1165 3235 1223 terrm,
3252 1163 3385 1224 quia

1788 1223 1958 1271 veniet
1979 1224 2090 1272 dies
2110 1226 2350 1289 Domini,
2372 1228 2503 1290 quia
2532 1243 2701 1292 prope
2722 1235 2811 1279 est.
2841 1229 2959 1278 Dies
2986 1230 3326 1279 tenebrarum
3342 1238 3387 1280 et

1788 1293 2035 1355 salignis,
2054 1296 2162 1343 dies
2178 1296 2337 1344 nubis
2358 1302 2403 1345 et
2421 1298 2656 1347 turbinis
2675 1316 2685 1347 :
2708 1300 2869 1363 quasi
2888 1314 3048 1348 mane
3072 1300 3092 1328 “
3109 1306 3388 1351 extensum

1784 1377 1947 1425 super
1960 1371 2181 1415 montes.
2201 1368 2344 1416 Cum
2355 1367 2544 1429 inquit
2560 1373 2787 1432 tempus
2800 1381 3031 1433 magnae
3043 1372 3386 1423 vastationis

1786 1435 2100 1497 appropiet,
2125 1437 2369 1487 civitatis
2387 1438 2593 1491 incolae
2614 1452 3001 1502 agrorumque
3017 1443 3384 1504 cenveniant,

1786 1508 1845 1574 et
1859 1504 2211 1556 orationibus
2228 1511 2401 1569 atque
2416 1510 2649 1561 ﬂetibus
2667 1515 2893 1574 tempus
2911 1510 3277 1564 denunciatee
3290 1526 3385 1564 ca-

1784 1572 2057 1625 lamitatis
2079 1576 2413 1640 anticipent.
2441 1580 2618 1640 Cujus
2645 1580 2692 1628 si
2718 1572 2825 1643 ego
2849 1593 3083 1643 possem
3103 1588 3236 1633 ante
3259 1585 3385 1648 ipsa

1784 1657 1976 1696 rerum
2007 1648 2396 1710 experimenta
2411 1650 2785 1701 acerbitatem
2809 1650 3093 1715 explicare
3118 1653 3383 1714 dicendo,
3452 1674 3463 1679 κ

1786 1716 2053 1767 videntur
2067 1717 2209 1767 mihi
2224 1718 2340 1769 fore
2357 1718 2498 1770 tales
2513 1732 2794 1783 angorum
2813 1723 3086 1786 tenebrae,
3105 1723 3305 1787 quales
3335 1725 3384 1777 si

1788 1788 2214 1851 contingatatra
2228 1790 2526 1851 geminari,
2549 1796 2614 1842 ut
2630 1804 2762 1842 cum
2778 1797 3003 1845 noctem
3023 1794 3203 1858 caligo
3223 1801 3279 1847 et
3298 1801 3384 1848 te-

1710 1842 1766 1917 B
1788 1842 2216 1910 nebraal’aciunt
2228 1842 2558 1912 densiorem
2584 1876 2596 1912 :
2613 1862 2729 1913 imo
2757 1842 2815 1913 si
2829 1842 2919 1914 his
2936 1842 3379 1930 nubescdensas,

1789 1931 2165 1993 turbinesque
2181 1932 2497 1993 consocies,
2511 1935 2575 1984 ut
2587 1934 2791 1985 solatio
2812 1934 3066 1985 siderum
3084 1938 3287 1996 penitus
3302 1952 3383 1985 ex-

1786 1999 1967 2057 cluso,
1982 2014 2082 2064 per
2097 2013 2316 2052 caecum
2328 2015 2515 2053 aerem
2529 2004 2836 2054 fulminum
2850 2006 3381 2059 terrorintermicet.

1784 2072 1924 2130 Quae
1942 2076 2134 2122 tamen
2152 2072 2434 2134 imagines
2452 2072 2631 2123 solam
2650 2074 2786 2124 mali
2802 2074 3135 2137 qualitatem
3159 2076 3382 2128 labora-

1785 2147 1994 2191 verunt
2008 2142 2280 2205 indicare,
2298 2143 2467 2205 cujus
2482 2143 2552 2194 de
2565 2145 2884 2207 quantitate
2900 2146 2958 2195 in
2970 2147 3248 2208 majorem
3260 2159 3381 2200 mo-

1785 2211 1925 2262 dum
1944 2214 2224 2263 acerbitas
2240 2218 2537 2275 augeatur.
2562 2217 2647 2265 Ita
2665 2214 2818 2265 enim
2844 2216 2949 2279 vis,
2968 2216 3041 2266 de
3066 2228 3180 2279 quo
3195 2217 3381 2280 loqui-

1785 2294 1933 2349 mur,
1952 2283 2106 2346 mali,
2126 2283 2397 2334 universa
2414 2286 2606 2348 spacia
2622 2290 2840 2336 nostra;
2856 2286 3107 2349 regionis
3123 2288 3381 2351 implevit

1784 2352 1896 2416 [Αι.
1922 2354 2227 2417 implebit],
2253 2355 2419 2418 quasi
2440 2356 2719 2407 limitibus
2743 2356 3061 2421 explicatis,
3084 2371 3283 2409 omnes
3307 2359 3384 2409 si-

1784 2424 1904 2474 mul
1925 2430 2157 2476 montes
2173 2430 2344 2488 atque
2360 2426 2533 2477 colles
2549 2438 2718 2477 mane
2734 2427 3000 2488 nitidum,
3025 2428 3080 2479 id
3103 2432 3213 2491 est,
3237 2429 3376 2480 ruti-

1782 2494 1911 2545 lans
1927 2507 2133 2546 aurora
2148 2495 2475 2558 perfuderit.
2490 2499 2675 2548 Unam
2691 2511 2827 2561 ergo
2843 2511 2964 2549 rem
2981 2502 3039 2550 et
3050 2499 3202 2549 nocti
3219 2512 3380 2550 com-

1782 2567 2019 2629 paravit,
2046 2571 2104 2617 et
2124 2567 2345 2629 lumini,
2378 2571 2442 2618 ut
2464 2580 2580 2618 non
2605 2569 2956 2620 contrarium
2979 2569 3194 2631 aliquid
3211 2570 3381 2621 infer-

1782 2640 1888 2698 ret,
1916 2636 2018 2687 sed
2040 2640 2104 2687 ut
2122 2637 2512 2688 dilatationem
2539 2638 2665 2701 ejus
2689 2643 2744 2689 et
2761 2640 3132 2690 acerbitatem
3152 2640 3381 2691 diversi-

1783 2709 1902 2758 tate
1914 2708 2355 2769 comparationis
2371 2708 2731 2771 exprimeret.
2746 2709 2986 2772 POpulus
3001 2710 3201 2759 multus
3214 2716 3261 2759 et
3268 2712 3378 2773 for-

1786 2778 1876 2828 tis:
1902 2778 2098 2826 similis
2117 2778 2166 2826 ei
2180 2793 2294 2826 non
2314 2778 2423 2840 fuit
2442 2796 2477 2827 a
2488 2779 2785 2842 principio,
2803 2785 2847 2827 et
2867 2785 2984 2843 post
3000 2794 3121 2828 eum
3145 2795 3259 2829 non
3275 2781 3380 2830 erit

1788 2863 1949 2912 usque
1970 2849 2031 2897 in
2055 2863 2230 2897 annos
2248 2850 2611 2913 generationis
2640 2853 2685 2898 et
2711 2851 3091 2912 generationis.
3119 2851 3283 2912 Quod
3305 2852 3376 2902 de

1781 2917 2022 2971 locustis
2045 2920 2248 2983 magis,
2273 2928 2291 2949 ο
2306 2932 2480 2983 quam
2501 2920 2572 2971 de
2587 2919 2854 2971 hostibus
2873 2920 2948 2972 sit
2968 2921 3233 2975 instituta
3248 2933 3375 2973 nar-

1782 2991 1945 3053 ratio,
1970 3003 2245 3054 processu
2271 2991 2545 3042 orationis
2578 2991 2847 3042 ostendit.
2882 2993 3140 3042 Examen
3163 2991 3375 3056 quippe

1783 3059 1958 3128 487
1983 3062 2175 3126 ipsum
2200 3061 2550 3113 locustarum
2567 3067 2627 3113 et
2648 3064 3016 3125 bruchorum,
3043 3064 3211 3127 cujus
3226 3063 3376 3114 irru-

1780 3133 1900 3196 ptio
1916 3132 2287 3196 multiplicem
2301 3133 2683 3184 calamitatem
2701 3134 2995 3197 peperisse
3006 3133 3369 3196 describitur,

1780 3217 1936 3254 nunc
1946 3209 2164 3255 armato
2177 3204 2457 3255 exercitui
2471 3204 2851 3267 frementique
2864 3204 3201 3268 composuit:
3217 3203 3371 3267 quod

82 3264 179 3339 ’ζδξξ
201 3254 628 3339 ἦίξοδυωὲίίομι]
653 3270 767 3339 c19.0
789 3258 1064 3339 saneloco
1081 3254 1576 3339 diligensauditor
1597 3273 1679 3324 in-
1701 3256 1750 3330 C
1781 3275 1977 3337 utique
1993 3254 2587 3339 percomparationem
2616 3288 2734 3325 non
2756 3254 3196 3339 possetinferre,
3224 3254 3273 3326 si
3298 3275 3370 3326 de

82 3322 296 3406 quirat,
314 3336 446 3386 qua;
459 3326 517 3376 in
529 3326 773 3406 desertis
790 3329 1153 3406 pulchritudo
1167 3322 1512 3406 praedicetur
1521 3322 1679 3406 agro-

80 3402 234 3464 rum,
262 3405 436 3456 quam
468 3408 625 3448 nova
660 3398 788 3450 haec
820 3401 1050 3453 exustio
1086 3403 1373 3458 invidiosa
1403 3398 1679 3464 consim-

81 3462 248 3514 serit:
262 3467 594 3538 _pr2esertim
617 3481 751 3520 cum
774 3483 1065 3534 nusquam
1084 3474 1330 3527 incendii
1344 3462 1678 3538 praecessisset

74 3534 361 3618 querela?
390 3541 810 3618 consequentia
848 3544 1086 3618 proinde
1111 3534 1378 3618 lectionis
1404 3555 1673 3618 ostendit,

77 3603 566 3685 pulchritudinem
580 3610 672 3661 hic
677 3603 950 3685 agrorum
966 3615 1297 3670 frondentes
1315 3620 1505 3685 sylvas
1518 3603 1679 3678 et

78 3680 140 3724 ta
166 3688 383 3754 pascua
404 3681 707 3754 nominari.
737 3682 869 3734 Ideo
894 3690 1087 3737 autem
1111 3701 1229 3740 non
1253 3680 1409 3754 culti,
1427 3695 1537 3745 sed
1574 3697 1676 3747 de-

78 3746 218 3836 serti
238 3747 386 3798 ruris
397 3752 912 3836 ammnalaudavit,
933 3758 1068 3818 quia
1079 3746 1470 3836 armentorum
1496 3746 1674 3836 486

78 3820 139 3865 et
158 3829 399 3901 gregum
416 3821 630 3901 fecerat
641 3825 1021 3901 mentionem:
1037 3829 1168 3892 quia
1181 3835 1452 3895 quoniam
1470 3820 1679 3901 perri];-

75 3899 246 3937 mora
280 3889 551 3968 laetantur
583 3898 639 3943 et
674 3906 907 3968 pascua,
943 3897 1034 3948 his
1055 3889 1265 3964 utique
1299 3889 1493 3968 aliqua
1515 3910 1675 3960 clade

78 3961 386 4038 corruptis,
400 3961 717 4038 illiquoque
730 3966 1063 4019 subduntur
1074 3961 1284 4024 exitiis.
1301 3961 1496 4038 Ignem
1508 3986 1671 4028 autem

80 4029 278 4090 posuit
292 4043 391 4093 pro
404 4034 745 4097 vastatione,
762 4048 935 4098 quam
946 4029 1471 4096 locustaintulisset
1482 4052 1538 4097 et
1549 4049 1678 4099 bru-

78 4100 252 4161 chus,
267 4100 415 4152 sicut
430 4102 600 4179 e_t_iam
623 4102 871 4179 legimus
894 4108 955 4159 in
975 4111 1225 4171 psalmo:
1249 4114 1436 4162 Posuit
1457 4116 1673 4179 pluvias

77 4183 268 4217 eorum
291 4174 635 4235 grandinem,
658 4176 841 4250 ignem
871 4179 1261 4229 comburentem
1286 4183 1345 4230 in
1365 4174 1508 4233 terra
1526 4188 1672 4250 ipso-

76 4254 228 4303 rum,
265 4247 309 4290 et
329 4247 583 4305 percussit
618 4245 800 4295 vineas
830 4263 1036 4311 eorum,
1072 4256 1118 4298 et
1142 4253 1394 4302 contrivit
1419 4245 1575 4306 omne
1608 4259 1672 4307 li-

78 4325 256 4384 gnum
277 4313 474 4384 ﬁnium
505 4331 691 4366 eorum
729 4314 891 4379 (Psal.
920 4319 1082 4384 104.).
1120 4323 1361 4375 Proinde
1395 4338 1527 4377 cum
1552 4341 1670 4379 0m-

78 4382 242 4432 nium
258 4383 546 4446 sylvarum
557 4391 614 4438 et
624 4389 951 4453 graminum
968 4382 1220 4443 virorum
1233 4394 1546 4448 italocusta
1558 4402 1671 4447 bru-

78 4455 341 4526 chusque
363 4461 763 4522 consumserit,
789 4464 983 4513 utnon
1006 4464 1200 4526 adesa,
1226 4467 1325 4517 sed
1351 4473 1559 4519 exusta
1586 4471 1671 4521 vi-

81 4523 328 4575 deantur
347 4539 360 4574 :
381 4536 804 4592 consequenter
821 4542 839 4560 ε
855 4534 1023 4583 etiam
1049 4523 1400 4589 ferie'bestiaa
1416 4539 1488 4589 ad
1505 4540 1669 4590 famis

78 4593 325 4673 pericula
350 4605 756 4673 pervenerunt,
775 4606 830 4652 et
844 4602 918 4653 ad
946 4608 1000 4654 te
1022 4618 1203 4655 unum
1226 4609 1473 4659 naturali
1490 4611 1671 4673 magi-

78 4664 254 4744 sterio
277 4664 459 4719 doctae
480 4671 829 4735 suspiciunt,
851 4678 916 4723 ut
940 4676 1261 4727 remedium
1278 4679 1527 4741 periculo
1550 4664 1670 4744 pro-

76 4736 319 4811 piciatus
345 4745 628 4802 apportes.
655 4744 1077 4797 Attestantibus
1103 4736 1311 4811 quippe
1335 4751 1512 4802 sacris
1536 4736 1669 4802 cum

77 4807 324 4885 veritate
338 4820 406 4885 ac
426 4812 713 4885 suavitate
737 4816 1109 4878 carminibus,
1123 4807 1338 4869 caesa
1359 4837 1393 4870 a
1414 4827 1459 4869 te
1481 4837 1670 4885 emspe-

80 4881 244 4954 ctant,
271 4881 324 4925 ut
349 4879 434 4954 des
458 4880 566 4928 illis
590 4897 763 4933 escam
779 4885 838 4933 in
858 4891 1106 4949 tempore.
1133 4889 1305 4939 Dante
1320 4896 1381 4954 te,
1408 4892 1506 4940 illa
1529 4879 1670 4941 colli-

78 4953 202 5025 gent
225 4950 517 5025 :aperiente
534 4958 578 5000 te
590 4968 821 5002 manum
839 4960 1010 5020 tuam,
1025 4959 1284 5008 universa
1301 4950 1669 5025 implebuntur

72 5017 408 5092 jucun‘ditate
427 5034 439 5070 :
458 5028 665 5072 averten
674 5028 718 5072 te
730 5030 774 5073 le
786 5032 963 5076 autem
976 5017 1173 5089 faciem
1188 5036 1358 5092 tuam,
1371 5017 1670 5084 turbabun-

84 5094 190 5138 tur.
214 5089 431 5164 Auferes
462 5094 609 5141 enim
635 5097 891 5157 spiritum
914 5112 1101 5147 eorum
1137 5106 1183 5148 ct
1214 5089 1472 5164 deﬁcient,
1498 5111 1544 5153 et
1578 5107 1666 5155 in-

80 5174 241 5233 suum
262 5161 529 5233 pulverem
547 5170 875 5215 revertentur
896 5170 1059 5229 (Psal.
1080 5169 1241 5233 103.).
1266 5161 1506 5225 Proinde
1532 5176 1613 5228 sic
1633 5190 1667 5229 a

80 5237 138 5281 te
153 5230 318 5307 etiam
336 5232 583 5284 ferarum
599 5248 803 5299 greges
827 5240 1166 5301 remedium,
1183 5230 1241 5294 et
1257 5243 1305 5294 si
1320 5244 1667 5307 liquidarum

81 5313 282 5379 vocum
294 5301 518 5379 inopes,
539 5308 731 5356 tamen
750 5308 995 5361 diversis
1014 5310 1264 5364 faucium
1282 5301 1441 5366 son-is
1467 5322 1669 5379 postu-

81 5372 203 5423 lant
224 5387 235 5422 :
262 5372 410 5424 sicut
431 5379 711 5429 terrarum
732 5390 865 5431 area
886 5383 1171 5447 susceptis
1201 5389 1396 5449 aptata
1432 5372 1667 5440 semini-

143 5569 430 5641 flj‘ortasse
443 5574 557 5641 aut,
572 5584 672 5634 pro
682 5574 927 5637 negandi
940 5576 1237 5641 particula,
1249 5578 1559 5641 legendum
1570 5587 1661 5631 est.

140 5638 162 5668 δ
175 5640 757 5704 Transitexplicatum
776 5638 1391 5710 subsequentem’XfX.
1408 5651 1663 5701 versicu-

78 5710 198 5760 lum
224 5726 234 5760 :
253 5711 338 5782 _Ad
368 5717 429 5774 te,
458 5712 703 5777 Domine,
726 5716 983 5781 clamabo,
1003 5720 1131 5781 quia
1153 5720 1296 5781 ignis
1311 5721 1535 5769 comedit
1549 5736 1664 5782 spe-

80 5781 217 5829 ciosa
229 5780 430 5842 deserti,
450 5789 495 5831 et
507 5783 733 5845 ﬂamma
746 5780 1023 5837 succendit
1033 5804 1155 5837 omn
1166 5780 1220 5838 ia
1239 5789 1389 5851 ligna
1407 5780 1661 5851 regionis.

143 5861 157 5880 '
184 5854 336 5905 Nunc
356 5853 604 5905 alterum
621 5868 725 5907 seu
740 5860 863 5908 XX.
883 5860 1136 5923 exponit,
1155 5873 1327 5924 quem
1349 5865 1405 5912 et
1422 5866 1661 5924 praestat

1775 3346 2054 3398 militibus
2067 3345 2271 3397 fuisset
2281 3346 2548 3397 instituta
2559 3346 2883 3410 descriptio.
2902 3346 3295 3409 Pergititaque
3306 3347 3373 3393 ef-

1776 3418 2008 3478 iectum,
2041 3417 2298 3479 inquam,
2324 3414 2457 3466 mali
2493 3429 2593 3480 per
2616 3417 2804 3468 varias
2837 3417 3059 3480 species
3088 3416 3370 3479 explicare

1775 3492 1833 3538 et
1857 3486 1994 3538 dicit
2018 3488 2245 3550 qualem
2265 3490 2545 3537 terrarum
2562 3486 2784 3549 faciem,
2802 3499 2937 3538 cum
2964 3487 3201 3551 veniret,
3218 3486 3371 3537 inve-

1772 3558 1938 3617 nerit,
1964 3559 2194 3621 qualem
2225 3556 2536 3621 reliquerit,
2570 3570 2704 3608 cum
2728 3558 2928 3608 abiret.
2970 3556 3139 3618 Nihil,
3163 3557 3370 3620 inquit,

1776 3628 1961 3679 simile
1990 3631 2274 3693 majorum
2299 3634 2632 3679 nostrorum
2657 3628 2805 3679 vidit
2827 3633 2990 3692 setas,
3016 3628 3160 3679 nihil
3184 3629 3371 3679 mino-

1761 3712 1902 3750 rum
1931 3699 2115 3751 simile
2137 3699 2373 3750 videbit.

1836 3770 1998 3821 Vers.
2038 3769 2089 3823 3.
2126 3798 2185 3805 —
2208 3770 2346 3818 Ante
2379 3769 2575 3833 faciem
2600 3769 2715 3833 ejus
2745 3770 2892 3833 ignis
2928 3784 3147 3833 vorans,
3181 3776 3227 3819 et
3258 3775 3375 3833 post

1773 3855 1896 3889 eum
1930 3856 2162 3889 exurens
2190 3841 2447 3903 ﬂamma:
2489 3842 2651 3904 quasi
2685 3842 2873 3891 hartus
2906 3842 3195 3905 voluptatis
3228 3846 3374 3890 terra

1773 3925 1958 3959 coram
1994 3926 2071 3974 eo,
2111 3916 2156 3959 et
2192 3916 2311 3975 post
2357 3925 2481 3960 eum
2513 3911 2744 3961 solitudo
2776 3912 2996 3961 deserti:
3028 3927 3142 3960 non
3172 3917 3243 3961 est
3276 3912 3373 3975 qui

1772 3978 1997 4043 effugiat
2012 3995 2153 4031 eum.
2175 3983 2311 4029 Ante
2334 3982 2531 4043 faciem
2554 3982 2685 4044 ejus,
2705 3982 2857 4043 quod
2884 3981 3047 4042 dixit,
3077 3982 3270 4045 ipsum
3288 3981 3369 4033 lo-

1771 4055 2068 4101 custarum
2080 4052 2380 4101 incursum
2396 4050 2578 4101 voluit
2592 4051 2861 4113 indicare,
2873 4064 2993 4102 non
3010 4051 3205 4113 utique
3217 4057 3283 4102 ut
3298 4052 3373 4102 fa-

1770 4120 1916 4171 ciem
1954 4120 2309 4171 locustarum
2342 4120 2497 4170 aliud
2542 4120 2749 4184 periret
2780 4121 3133 4184 incendium,
3170 4124 3225 4173 et
3254 4121 3369 4174 illa)

1769 4196 1993 4241 exustae
2010 4190 2277 4253 deinceps
2292 4202 2427 4241 rura
2447 4196 2902 4254 corrumperent:
2918 4192 3019 4242 sed
3039 4192 3137 4255 ita,
3158 4192 3366 4255 inquit,

1771 4265 1921 4312 totas
1942 4261 2206 4323 regiones
2223 4272 2421 4311 eorum
2452 4261 2705 4311 vastabit
2728 4261 3001 4324 incursio,
3024 4266 3091 4312 ut
3116 4275 3234 4312 non
3256 4262 3368 4312 mi-

1766 4344 1879 4382 nus
1902 4343 2079 4394 quam
2104 4331 2253 4394 ignis
2279 4332 2647 4382 absumserit.
2677 4333 2747 4382 Et
2768 4331 2903 4394 quia
2918 4344 3036 4382 non
3060 4332 3368 4383 efﬁcientia

1768 4402 2042 4465 probatur
2075 4401 2341 4461 incendii,
2382 4414 2586 4453 verum
2618 4400 2769 4454 levia
2791 4414 3038 4465 quaeque
3060 4415 3273 4461 rerum,
3303 4409 3367 4456 ut

1769 4471 2019 4535 frondes,
2039 4476 2103 4523 ut
2116 4472 2357 4528 culmos,
2375 4476 2438 4522 ut
2453 4471 2666 4535 paleas,
2684 4473 3101 4536 crepitantibus
3119 4473 3366 4524 volitan-

1772 4543 2041 4605 tibusque
2067 4543 2314 4593 ﬂammis
2339 4542 2595 4593 celeriter
2620 4542 2766 4593 solet
2789 4543 3134 4606 penitusque
3150 4556 3361 4595 consu-

1696 4615 1753 4688 D
1775 4625 1959 4688 mere:
1986 4625 2119 4688 quas
2146 4626 2279 4688 vero
2304 4613 2561 4665 materiae
2584 4614 2715 4677 plus
2734 4613 3039 4688 habuerint
3054 4614 3364 4679 ﬁrmitatis,

1774 4685 1990 4747 majore
2006 4684 2249 4735 incendii
2269 4697 2428 4735 mora
2445 4688 2707 4748 superat:
2730 4684 2879 4745 ideo,
2899 4688 2957 4735 et
2981 4691 3117 4737 ante
3141 4690 3197 4737 et
3214 4693 3365 4751 post,

1768 4755 2061 4805 ﬂammam
2075 4755 2266 4819 vigere
2283 4754 2610 4806 dcnunciat.
2625 4756 2892 4821 Augendi
2902 4760 3095 4807 autem
3107 4756 3367 4809 ordinem

1770 4837 1841 4874 ex
1854 4828 1977 4876 arte
1987 4824 2654 4890 custodiens,postquam
2666 4826 2947 4879 locustam
2961 4828 3225 4880 incendio
3238 4841 3369 4881 con-

1769 4895 1919 4957 tulit,
1948 4896 2238 4959 regionem
2261 4909 2392 4959 quaa
2419 4901 2648 4948 vastata
2672 4897 2765 4956 sit,
2796 4898 2961 4949 terris
2977 4900 3225 4950 ammnis
3244 4899 3366 4951 irri-

1767 4967 2014 5029 guisque
2036 4967 2114 5017 ait
2138 4968 2397 5030 potuisse
2413 4967 2669 5019 conferri:
2696 4969 2864 5026 Quasi
2876 4969 3062 5018 hortus
3076 4969 3367 5035 voluptatis

1768 5042 1911 5086 terra
1938 5052 2122 5087 coram
2149 5053 2225 5099 eo,
2270 5044 2316 5087 et
2347 5043 2466 5103 post
2490 5053 2613 5088 eum
2642 5039 2873 5089 solitudo
2891 5040 3112 5090 deserti:
3151 5056 3265 5090 non
3295 5046 3365 5091 est

1766 5109 1863 5171 qui
1886 5108 2111 5172 effugiat
2135 5123 2275 5160 eum.
2299 5113 2372 5163 Ut
2393 5113 2533 5162 tunc
2552 5110 2753 5173 utique
2775 5112 2861 5162 vis
2882 5112 3019 5163 mali
3040 5114 3364 5177 grassantis

1766 5184 2052 5243 appareat,
2079 5184 2144 5231 ut
2166 5191 2233 5230 ea
2250 5192 2382 5244 quae
2405 5180 2619 5233 fuerint
2645 5181 2819 5232 nimis
2841 5194 3071 5234 ammna
3093 5195 3363 5233 consum-

1766 5250 1921 5301 serit.

1827 5322 1990 5372 Vers.
2031 5321 2201 5376 4.-11.
2245 5348 2309 5359 —-
2343 5322 2513 5381 Quasi
2552 5328 2793 5386 aspectus
2827 5337 3091 5387 equorum
3121 5327 3361 5388 aspectus

1762 5406 1967 5453 eorum,
1986 5397 2032 5442 et
2051 5393 2209 5457 quasi
2231 5394 2429 5458 equites
2456 5394 2532 5443 sic
2555 5399 2789 5447 current.
2817 5394 2967 5445 Sicut
2988 5395 3198 5444 sonitus
3221 5408 3363 5458 qua-

1764 5586 2114 5639 describere:
2144 5588 2247 5637 Sed
2271 5594 2317 5637 et
2345 5588 2513 5637 bestia:
2535 5590 2679 5652 agri,
2705 5590 2865 5652 quasi
2887 5604 3020 5638 area
3041 5589 3227 5639 sitiens
3256 5589 3365 5637 im-

1763 5656 1927 5707 brem.
1950 5664 2309 5721 suspexerunt
2323 5660 2397 5707 ad
2416 5665 2460 5707 te
2464 5695 2480 5719 ,
2499 5661 2764 5721 quoniam
2783 5660 3036 5709 eacsiccali
3050 5667 3177 5709 sunt
3191 5660 3363 5722 fontes

1762 5741 2055 5789 aquarum.
2085 5736 2131 5777 et
2154 5730 2299 5791 ignis
2325 5729 2595 5777 devoravit
2617 5729 2854 5793 speciosa
2870 5730 3048 5779 desrti.

1826 5797 1846 5825 ά
1873 5798 2091 5860 Reliqui
2137 5800 2267 5849 libri
2308 5814 2613 5862 cmpansum
2656 5800 2873 5850 habent
2917 5812 3018 5862 pro
3062 5804 3359 5848 extensum.

1825 5874 1843 5895 ι’
1869 5868 2075 5919 Recole
2104 5880 2235 5932 quae
2256 5869 2526 5931 superius
2549 5868 2653 5920 col.
2682 5868 2786 5922 480
2809 5869 2962 5919 dicta
2982 5873 3137 5919 sunt.
