3880 6222
81 377 214 431 1045

1277 382 1346 430 1N
1383 383 1552 432 JOEl.
1588 383 2170 433 COMMENTARIUS.

3224 376 3361 432 1046

79 492 1661 576 tantumluxuﬁmquefamulari,miseranteratqueindi-
1680 500 1737 572 Α
1773 566 1782 576 .
1823 497 1986 576 .Vers.
2020 495 2528 576 15.-“17.--οιιηίιρ
2567 501 2688 549 tuba
2728 502 2787 549 in
2824 500 2994 576 Syon,
3036 496 3359 576 sancti/irate

79 567 312 625 gnanter
333 564 625 616 exclama:
654 565 841 613 Posuit
862 566 1076 614 vincam
1096 581 1273 615 meam
1294 568 1355 614 in
1374 568 1656 628 desertum,

79 639 109 681 ει
131 636 299 697 ficum
339 649 514 683 meam
545 636 902 695 decorticavit,
932 638 1149 686 nudans
1173 637 1420 701 spoliavit
1444 653 1581 698 eam,
1615 642 1662 687 et

79 705 288 768 ort'ijecit
304 722 319 754 :
344 706 453 755 albi
466 706 597 769 facti
612 714 738 755 sunt
753 708 897 756 rami
914 708 1043 771 ejus,
1062 724 1155 757 con
1162 710 1349 772 fusum
1364 715 1435 757 est
1449 712 1655 759 vinum.

77 776 145 823 δια
156 791 222 838 ng
233 777 312 825 uit
327 778 520 837 oleum,
535 778 747 841 confusi
768 785 895 827 sunt
916 781 1179 843 agricola),
1192 781 1326 844 quia
1352 781 1527 830 messis
1539 781 1661 845 agri

77 848 244 898 periit.
274 849 382 900 Hic
408 855 605 901 autem
640 851 1015 901 ecclesiarum
1049 857 1257 913 status,
1295 853 1521 916 qualem
1554 854 1661 904 hac

77 920 439 979 potissimum
458 926 795 985 tempestate
811 924 1217 987 conspicimus,
1232 924 1383 976 illam
1402 925 1664 987 indigna-

77 988 283 1040 tionem
304 993 616 1055 Dei,quam
632 993 932 1044 intremuit
950 995 1243 1057 propheta,
1269 996 1583 1058 succendit,
1604 995 1660 1046 id

77 1066 171 1123 est,
197 1063 439 1126 Magnus
462 1069 532 1112 est
556 1065 668 1113 dies
690 1065 931 1125 Domini,
958 1072 1003 1114 et
1022 1066 1273 1115 terribilis
1288 1066 1454 1127 valde,
1482 1068 1661 1131 etquis

75 1132 341 1183 luslincbil
365 1150 487 1183 cum
507 1139 531 1187 .9
554 1138 676 1196 Quo
701 1142 892 1187 autem
914 1137 987 1187 sit
1003 1137 1239 1189 consilio
1257 1138 1534 1202 proditus,
1561 1139 1661 1202 qui

75 1204 341 1255 sustineri
368 1211 633 1270 nequeat,
663 1208 986 1258 audiamus.

126 1276 285 1327 Vers.
318 1274 527 1331 12-14.
550 1305 613 1315 —
634 1278 796 1327 Nunc
813 1295 935 1343 ergo
953 1279 1081 1329 dicit
1106 1279 1398 1329 Dominus:
1429 1280 1659 1331 Conver-

75 1344 247 1393 7imini
270 1348 347 1395 ad
368 1363 452 1396 me
476 1350 535 1397 in
557 1355 661 1399 toto
691 1351 876 1410 corde,
904 1350 1202 1415 injejunio,
1228 1356 1274 1399 et
1292 1352 1347 1399 in
1368 1353 1508 1413 ﬂetu,
1527 1359 1572 1401 et
1596 1354 1653 1402 in

73 1417 307 1469 planctu.
328 1420 400 1470 Et
427 1421 651 1470 scindite
670 1423 833 1470 corda
850 1428 1035 1484 vestra,
1062 1428 1107 1470 et
1126 1438 1234 1471 non
1248 1424 1557 1473 vestimenta
1586 1440 1659 1473 ve-

73 1493 247 1547 rtra,et
258 1492 644 1540 convertimini
660 1494 733 1542 ad
751 1494 1046 1542 Dominum
1060 1494 1227 1542 Deum
1246 1500 1412 1542 vcstru
1425 1510 1500 1545 In:
1523 1497 1656 1559 quia

74 1559 321 1623 benignus
345 1568 391 1611 et
414 1564 717 1613 misericors
740 1570 828 1627 est,
852 1565 1081 1628 patiens,
1116 1570 1159 1612 et
1186 1575 1203 1593 ο
1230 1566 1427 1614 mullus
1461 1568 1517 1615 in
1544 1570 1653 1616 mi-

73 1633 373 1697 :ericordia,
400 1640 445 1683 et
465 1636 780 1698 praestabilis
792 1652 952 1699 super
964 1636 1201 1685 malitia.
1222 1637 1324 1695 Qui
1348 1638 1441 1687 scit
1461 1640 1507 1687 si
1527 1654 1657 1687 con-

73 1709 297 1752 uertatur
319 1712 367 1754 et
387 1707 625 1769 ignoscat
660 1712 705 1755 et
725 1708 999 1771 relinquat
1018 1712 1197 1771 postse
1222 1707 1654 1774 benedictionem,

71 1776 390 1836 locri/icium
414 1783 458 1826 et
485 1777 719 1827 libamen
744 1779 976 1828 Domino
991 1779 1093 1828 Deo
1115 1786 1275 1828 vestro
1291 1781 1314 1827 .9
1332 1782 1476 1844 Ergo
1493 1794 1655 1845 pom-

71 1858 187 1936 pam
214 1848 560 1936 severitatis,
580 1860 694 1929 qua
710 1850 956 1930 stipatur
972 1850 1268 1931 egrediens
1280 1850 1348 1900 ad
1367 1851 1651 1936 vindican-
1676 1863 1731 1936 B

72 1917 195 1966 ium
220 1922 477 1970 aeternus
498 1921 792 1982 Dominus,
810 1921 1122 1983 intuentes,
1139 1922 1361 1972 animos
1386 1921 1655 1986 despera-

71 1986 208 2038 tione
224 1988 792 2053 prohibere,speique
813 1992 1063 2042 melioris
1075 1992 1277 2043 effectu
1304 1996 1656 2053 scilole,illum

69 2071 173 2109 non
201 2059 503 2120 saeviendi,
523 2060 623 2111 sed
648 2062 1209 2125 parcendidesiderio
1234 2065 1522 2116 terruisse.
1544 2068 1656 2117 Ne-

69 2141 171 2200 que
182 2132 339 2181 enim
352 2131 592 2195 propriae
605 2132 973 2195 benignitatis
986 2133 1216 2196 oblitus,
1232 2139 1349 2186 tam
1361 2136 1657 2200 multiplici

69 2198 273 2263 fragore
291 2207 469 2254 mota:
483 2203 997 2255 animadversionis
1012 2205 1285 2265 insonuit,
1305 2207 1408 2257 sed
1422 2212 1483 2257 ut
1494 2198 1662 2259 invo-

69 2271 144 2321 bis
167 2272 441 2324 affectum
458 2274 776 2340 formidinis
794 2276 1086 2340 excitaret.
1114 2277 1522 2340 Deniqueipsa
1549 2292 1652 2330 vos

69 2346 243 2385 rerum
266 2348 411 2387 voce
440 2336 761 2399 compellat,
786 2341 851 2387 ut
875 2338 945 2387 ad
972 2349 1105 2387 eum
1132 2336 1537 2400 aegra—demum
1562 2354 1654 2405 pe-

67 2410 211 2456 ctora
227 2407 557 2470 conferatis,
577 2408 785 2470 ejusqu
804 2408 1183 2459 emedicinam
1199 2410 1654 2462 eeternisvirtuti-

67 2476 162 2525 bus
188 2476 532 2542 obligantes,
558 2492 678 2529 non
699 2478 898 2529 solum
922 2479 1179 2529 habitum
1197 2480 1654 2545 lugentium,sed

67 2550 238 2598 totum
260 2547 547 2612 impleatis
571 2549 857 2609 affectum,
901 2550 1189 2612 cordaque
1223 2556 1415 2602 vestra
1443 2555 1651 2618 potius,

68 2630 225 2680 quam
246 2620 597 2671 vestimenta
613 2621 907 2683 rumpatis.
936 2621 1099 2682 Quod
1115 2634 1245 2671 cum
1266 2630 1649 2689 exaggerantur,

65 2693 179 2739 tum
194 2691 371 2741 etiam
383 2692 672 2755 eleganter
682 2692 1002 2753 admonuit,
1018 2697 1081 2742 ut
1096 2693 1231 2755 quia
1244 2705 1369 2743 mos
1383 2693 1472 2756 pla
1481 2708 1649 2757 ngen-

65 2761 196 2812 tium
211 2766 302 2813 est
316 2764 704 2826 ,apectoribus
718 2763 1063 2813 vestimenta
1074 2763 1359 2826 diducere,
1376 2764 1504 2815 illos
1518 2780 1652 2829 quo-

66 2845 163 2895 que
187 2834 355 2896 quasi
370 2834 617 2885 admotae
629 2834 956 2897 pectoribus
969 2846 1177 2884 manus
1190 2834 1361 2885 altius
1377 2841 1441 2886 ut
1458 2837 1653 2900 impri-

65 2910 370 2967 merentur,
396 2905 725 2956 admonuit:
753 2918 820 2956 ac
844 2918 960 2956 non
980 2905 1167 2955 solum
1193 2906 1459 2958 videlicet
1483 2908 1653 2960 indu-

65 2979 265 3031 menta,
283 2976 387 3026 sed
405 2975 578 3026 etiam
595 2975 834 3038 viscera,
850 2977 895 3026 si
910 2977 1028 3027 fieri
1045 2982 1259 3039 posset,
1284 2978 1408 3041 ipsa
1424 2992 1653 3042 rumpe-

63 3048 204 3104 rent,
232 3047 489 3097 Verbum
512 3059 741 3111 quoque
766 3047 1433 3099 accommodatissimum
1458 3050 1555 3112 rei,
1581 3051 1651 3101 de

64 3128 175 3179 qua
188 3118 486 3181 agebatur,
520 3118 743 3169 invenit
774 3133 785 3166 :
814 3118 1053 3168 Scindite
1077 3120 1259 3180 corda,
1288 3126 1334 3168 et
1364 3136 1477 3169 non
1506 3122 1658 3169 vesti-

64 3194 239 3237 menta
264 3193 455 3239 vestra.
480 3192 615 3250 Quae
631 3189 831 3252 utique
845 3190 1046 3240 scissio
1064 3194 1268 3252 praeter
1288 3192 1655 3243 ambitionem

63 3257 330 3324 lugentis,
350 3260 753 3311 discretionem
770 3273 999 3323 quoque
1017 3262 1151 3312 boni
1165 3262 1415 3324 malique
1434 3264 1661 3315 videtur

64 3328 336 3391 indicere,
361 3334 418 3382 et
443 3332 861 3394 separationem
886 3345 919 3381 a
953 3332 1200 3396 flagitiis,
1226 3346 1475 3396 quorum
1500 3348 1659 3385 com-

64 3403 339 3453 mixtione
362 3401 717 3454 sorduerant.
737 3405 802 3454 In
819 3401 1023 3454 melius
1050 3416 1185 3466 ergo
1210 3408 1428 3455 mutate
1448 3418 1658 3469 propo—

63 3474 252 3537 situm,
279 3472 372 3525 vel
396 3485 465 3524 ea
489 3486 622 3536 quas
658 3478 795 3524 sunt
824 3474 984 3537 prius
1016 3474 1169 3525 male
1203 3479 1385 3539 gesta,
1427 3475 1654 3530 deﬂete,

63 3545 268 3607 quippe
281 3544 493 3608 quibus
507 3556 712 3595 caussa
725 3545 944 3596 sitcum
957 3546 1287 3607 benigno,et
1300 3547 1655 3599 misericordi

63 3615 318 3673 Domino,
346 3620 389 3663 et
410 3614 701 3679 pr'azstabili
733 3630 895 3678 super
917 3616 1154 3679 malitia,
1182 3615 1239 3666 id
1265 3621 1372 3680 est,
1409 3618 1507 3680 qui
1529 3619 1655 3682 ejus

63 3686 421 3750 calamitatis,
446 3698 619 3749 quam
642 3685 922 3737 malitiam
949 3690 1132 3748 vocat,
1161 3688 1578 3752 remissionem,
1607 3691 1655 3741 si

64 3761 434 3820 :ompunctos
459 3756 664 3809 viderit
685 3769 832 3819 quos
858 3757 1306 3808 comminatione
1332 3764 1576 3819 eruerat,
1598 3760 1656 3811 li-

63 3828 250 3879 benter
268 3827 576 3890 indulgeat.
594 3829 676 3878 Ex
689 3841 802 3878 usu
817 3831 1011 3878 autem
1036 3828 1472 3892 Scripturarum,
1489 3832 1656 3895 quasi

63 3900 301 3960 speciem
325 3898 644 3949 dubitantis
670 3899 974 3957 assumsit,
1011 3899 1256 3951 dicendo
1281 3916 1291 3947 :
1334 3903 1463 3960 Quis
1497 3903 1583 3964 sit,
1607 3903 1656 3951 si

63 3975 404 4030 :onrertatur,
430 3976 476 4018 et
501 3971 755 4033 ignoscat,
773 3974 817 4018 et
837 3970 1112 4032 relinquat
1135 3976 1254 4034 post
1274 3986 1325 4020 se
1346 3972 1654 4022 benedictio-

64 4045 192 4089 ’tcm?
204 4041 370 4103 Quod
384 4041 575 4104 utique
586 4054 688 4104 pro
699 4052 758 4091 re
768 4042 1023 4092 verentia
1031 4041 1051 4104 j
1063 4041 1268 4092 udican
1277 4043 1346 4091 tis
1360 4043 1653 4099 inseritur.

64 4111 219 4174 :ujus
253 4117 480 4163 tantum
506 4112 629 4163 vult
663 4124 793 4163 esse
823 4114 1116 4171 terrorem,
1142 4117 1208 4163 ut
1231 4113 1401 4162 etiam
1430 4118 1555 4164 tuta
1584 4116 1653 4165 ti-

63 4187 341 4233 meantur.
358 4181 852 4245 Relinquatautem
866 4187 983 4246 post
998 4197 1048 4230 se
1074 4181 1504 4243 benedictionem,
1524 4184 1651 4237 ideo

64 4253 143 4313 lit,
156 4253 293 4315 quia
309 4264 483 4316 supra
495 4253 721 4304 dixerat
741 4257 963 4304 tantam
982 4254 1102 4303 vim
1119 4254 1396 4315 egestatis
1413 4254 1651 4305 locustis

63 4324 416 4375 vastantibus
437 4320 587 4391 49]
614 4324 989 4387 inferendam,
1008 4325 1073 4373 ut
1089 4327 1218 4385 post
1234 4325 1544 4375 transitum
1562 4338 1652 4376 ea-

64 4408 175 4445 ‘um
187 4401 513 4447 remaneret
531 4401 679 4447 terra
693 4397 845 4446 sicut
857 4394 1105 4444 solitudo
1118 4394 1351 4445 deserti.
1372 4398 1499 4455 Ergo
1518 4411 1653 4445 nunc

63 4465 141 4527 tit,
168 4466 378 4516 OlTerte
392 4466 738 4530 lachrymas,
756 4466 955 4517 oll‘erte
970 4464 1241 4528 gemitus.
1258 4465 1493 4516 Talibus
1507 4465 1648 4517 forte

64 4537 255 4587 nostiis
270 4537 358 4587 vis
370 4537 887 4589 animadversionis
902 4536 1565 4588 denunciatalaatabitur:
1582 4542 1649 4589 ut

63 4606 96 4655 si
111 4607 401 4658 imminuit
413 4610 651 4672 copiam,
664 4621 781 4659 non
798 4608 971 4659 etiam
989 4609 1281 4665 absumat,
1294 4608 1639 4659 alimoniam.

63 4677 114 4725 Et
136 4679 412 4741 relinquat
433 4685 551 4743 post
589 4694 638 4727 se
676 4679 1091 4727 benedictionem
1133 4680 1483 4742 sacrificium,
1518 4685 1561 4727 et
1586 4680 1645 4728 li-

64 4764 239 4797 ramen
274 4750 504 4798 Domino
542 4750 648 4799 Deo
673 4756 854 4799 nostro
884 4750 987 4813 [AL
1016 4750 1222 4814 vestro].
1261 4753 1362 4800 Per
1387 4751 1642 4802 ordinem

64 4818 118 4867 id
144 4820 447 4881 praemissa
463 4820 775 4881 respondit.
795 4821 977 4883 Supra
997 4820 1149 4871 enim
1169 4820 1406 4879 dixerat,
1430 4822 1626 4884 magni

63 4889 314 4941 tudinem
332 4892 609 4954 egestatis
628 4904 694 4942 eo
712 4904 901 4953 usque
918 4896 1241 4952 venturam,
1263 4894 1325 4942 ut
1340 4893 1546 4956 periret
1563 4905 1646 4943 sa-

63 4960 327 5011 :rillcium
345 4966 404 5012 et
417 4961 610 5013 libatio
628 4962 697 5012 de
716 4963 887 5012 domo
902 4961 1157 5012 Domini:
1174 4963 1266 5013 hic
1282 4963 1492 5025 itaque,
1511 4977 1643 5014 cum

63 5043 203 5092 ipem
247 5031 432 5083 solatii
464 5033 738 5083 correctis
762 5046 828 5084 ac
853 5032 1265 5096 penitentibus
1294 5034 1659 5093 vendicaret,

64 5101 274 5165 tdjecit,
302 5102 456 5165 quod
475 5102 821 5166 relinqueret
846 5101 1326 5167 benedictionem,
1345 5117 1477 5168 quae
1501 5106 1643 5156 liba-

63 5173 256 5224 nentis
278 5173 518 5228 serviret
550 5172 765 5224 altaris.

105 5324 122 5343 ⁸
157 5315 404 5367 Consule
434 5316 836 5367 Prasfationem
872 5321 1152 5379 nostram,
1195 5317 1297 5368 ubi
1347 5318 1419 5370 de
1463 5318 1639 5383 hujus

63 5387 447 5438 lommentarii
470 5389 716 5438 Auctore
746 5384 1107 5439 disserimus.

104 5456 124 5483 δ’
159 5454 556 5521 Supplendum
582 5462 765 5514 vestro,
797 5458 951 5519 quod
978 5460 1034 5510 et
1066 5459 1259 5511 caeteri
1290 5459 1416 5511 libri
1445 5466 1503 5512 et
1524 5462 1639 5514 He-

64 5527 271 5578 )raicus
298 5532 496 5579 textus
522 5528 644 5590 ipse
668 5527 861 5579 habet.

105 5607 122 5625 '
158 5600 244 5649 Ita
280 5600 339 5650 et
362 5598 637 5649 laudatus
674 5599 840 5651 nobis
866 5601 1346 5664 Hieronymianus
1372 5602 1474 5652 Ms.
1500 5603 1640 5655 liber

63 5667 334 5720 Palatinus
348 5670 523 5720 habet
542 5683 642 5733 pro
654 5675 712 5721 et
728 5671 908 5719 multa:
924 5672 1321 5722 misericordiae.
1339 5673 1482 5721 Tum
1504 5687 1638 5725 vero

64 5740 167 5789 leic
192 5739 593 5790 subnectenda
608 5740 1038 5804 supplendaque
1058 5741 1287 5792 fuerunt
1299 5742 1490 5803 verba,
1507 5754 1637 5803 quae

64 5809 303 5870 lecrant,
320 5816 365 5859 et
388 5810 705 5875 praestabilis
726 5827 888 5875 super
902 5812 1136 5875 malitia,
1163 5825 1291 5876 quae
1320 5816 1377 5862 et
1399 5811 1521 5861 libri
1542 5814 1638 5865 alii

63 5893 249 5934 )mnes
260 5895 397 5935 cum
415 5881 692 5933 IIebraico
707 5883 1017 5946 exemplari
1029 5883 1267 5935 addunt.
1286 5885 1501 5935 Auctor
1515 5883 1636 5946 ipse

1682 3227 1731 3304 C

1667 4629 1725 4702 D

1752 567 2238 630 jejunium,vocate
2251 570 2457 618 coelum.
2482 572 2802 635 Cong-rogate
2819 571 3104 634 papulum,
3122 567 3358 627 sancti/i-

1760 646 1869 687 cate
1886 639 2195 701 Ecclesium,
2222 642 2519 689 coadunale
2550 658 2710 706 senes,
2736 647 3046 705 eongregale
3082 637 3337 703 parvulos

1760 713 1805 756 et
1827 716 2066 773 sugentes
2096 711 2256 760 ubera
2276 730 2285 759 :
2315 713 2621 773 egrediatur
2644 728 2867 775 sponsus
2892 714 2953 761 de
2974 711 3219 759 cubiculo
3241 721 3354 765 suo,

1760 787 1805 830 ct
1832 796 2030 844 sponsa
2064 782 2125 830 de
2163 782 2405 831 thalamo
2437 798 2551 833 suo.
2580 784 2725 831 Inter
2750 784 3063 834 vestibulum
3104 786 3148 830 et
3189 779 3358 828 altare

1757 852 2048 916 plorabant
2061 854 2350 901 sacerdotes
2362 855 2603 902 ministri
2627 855 2867 916 Domini,
2882 860 2925 901 et
2942 855 3114 902 dicent
3135 869 3144 899 :
3172 851 3357 907 Parce,

1760 924 2005 985 Domine,
2022 940 2183 987 parce
2194 925 2393 987 populo
2425 930 2545 974 tuo:
2568 930 2689 972 etne
2706 925 2791 971 des
2820 925 3175 973 haereditatem
3206 927 3355 968 tuam

1760 996 1815 1042 in
1835 994 2204 1058 opprobrium,
2220 997 2639 1044 utdominentur
2652 996 2698 1043 ei
2714 996 3159 1052 nutionesﬂuare
3172 992 3358 1039 dicunt

1759 1066 1815 1113 in
1834 1066 2073 1130 populis,
2105 1067 2201 1115 Ubi
2221 1072 2291 1115 est
2316 1068 2454 1115 Deus
2478 1082 2664 1115 eorum
2690 1071 2714 1117 5?
2734 1066 3029 1117 Familiare
3048 1063 3356 1128 prophetis,

1757 1139 1823 1188 ut
1847 1151 1963 1188 non
1988 1138 2226 1189 sollicite
2253 1143 2531 1202 tempora,
2558 1137 2646 1189 vel
2671 1150 2803 1200 quae
2845 1137 3114 1187 dicuntur
3152 1144 3361 1197 genera

1757 1211 2063 1261 verborum
2078 1210 2138 1259 in
2156 1209 2537 1260 declinatione
2550 1208 2881 1259 custodiant
2905 1225 2916 1254 :
2940 1212 3213 1257 certorum
3235 1215 3361 1253 sen-

1758 1293 1891 1331 sum
1910 1279 2237 1344 implevisse
2257 1280 2526 1340 contenti,
2541 1280 2709 1342 quasi
2735 1278 2924 1329 obviis
2940 1274 3361 1327 elocutionibus

1755 1353 2093 1403 abutuntur.
2124 1350 2283 1402 Unde
2304 1354 2360 1402 et
2383 1363 2541 1402 nunc
2568 1362 2700 1401 cum
2736 1349 2997 1407 dixisset,
3032 1345 3362 1408 Egrediatur

1753 1438 1979 1487 sponsus
2016 1423 2076 1471 de
2108 1422 2346 1470 cubiculo
2383 1437 2497 1484 suo,
2543 1427 2587 1469 et
2630 1436 2837 1485 sponsa
2872 1420 2933 1468 de
2972 1417 3216 1467 thamalo
3240 1430 3358 1477 suo,

1756 1494 2016 1558 subjecit,
2043 1495 2186 1543 Inter
2208 1494 2517 1541 vestibulum
2538 1492 2777 1541 etallare
2797 1490 3095 1555 plorabunt
3112 1487 3361 1537 sacerdo-

1754 1570 1843 1628 tes,
1871 1579 1971 1629 pro
1996 1578 2061 1617 eo
2090 1564 2395 1623 utdiceret,
2428 1564 2653 1628 plorent
2670 1562 3016 1613 sacerdotes.
3038 1562 3359 1610 Contentus

1755 1638 1909 1687 enim
1934 1636 2118 1687 omcio
2144 1635 2429 1698 censoris,
2458 1647 2574 1685 non
2597 1633 2704 1684 fuit
2730 1632 2994 1683 curiosus
3022 1631 3355 1681 modorum:

1755 1707 2029 1763 velcerte,
2046 1710 2107 1756 ut
2122 1706 2410 1757 efﬁcacem
2425 1705 2603 1755 fuisse
2618 1703 3015 1754 hortationem
3038 1712 3204 1751 suam
3228 1710 3358 1763 pro-

1754 1778 1930 1840 deret,
1947 1777 2421 1839 dixitcuraturos,
2440 1777 2592 1838 quod
2616 1774 2973 1833 utfacerent,
2992 1772 3352 1835 imperasset.

1759 1852 1914 1900 Inter
1929 1848 2276 1901 vestibulum
2291 1848 2503 1911 itaque,
2518 1851 2574 1898 et
2586 1845 2787 1921 altare,
2805 1848 3014 1921 coetus,
3027 1843 3125 1921 ait,
3140 1841 3358 1921 lamen-

1763 1921 2007 1971 tantium
2036 1924 2339 1983 personate
2356 1934 2366 1966 ε
2384 1922 2559 1970 etvos
2578 1916 2850 1980 praecipui
2862 1913 3207 1971 sacerdotes,
3226 1913 3356 1974 qui-

1758 1993 1866 2042 bus
1881 2003 2174 2041 sacrorum
2187 1990 2400 2041 rituum
2416 1989 2681 2052 delegata
2699 1987 2961 2038 custodia
2973 1990 3080 2045 est,
3098 1987 3355 2032 madentes

1757 2074 1855 2114 ora
1872 2063 2121 2122 ﬂetibus,
2135 2061 2480 2111 exclamate:
2507 2061 2691 2121 Parce,
2715 2059 2962 2114 Domine,
2982 2071 3139 2120 parce
3152 2053 3353 2119 populo

1757 2139 1866 2194 tuo,
1891 2137 1948 2184 et
1968 2145 2041 2183 ne
2062 2132 2185 2191 hos,
2208 2143 2355 2194 quos
2374 2130 2478 2181 dec
2488 2130 2676 2181 revisti
2689 2129 2819 2191 jure
2834 2127 3197 2180 haareditario
3223 2135 3355 2187 pos-

1756 2205 1958 2267 sidere,
1984 2216 2139 2253 nunc
2164 2202 2415 2266 profanis
2436 2201 2674 2263 (quibus
2694 2200 2997 2261 cingimur)
3020 2196 3354 2267 nationibus

1755 2274 2077 2326 exsecratui
2107 2272 2243 2333 ﬂeri,
2275 2275 2504 2336 despect
2521 2272 2695 2334 uique
2734 2270 3001 2333 patiaris:
3042 2273 3099 2319 et
3134 2267 3184 2317 si
3226 2266 3349 2316 nihi

1753 2346 1926 2409 aliud,
1941 2346 2107 2396 nobis
2124 2345 2179 2395 id
2196 2344 2397 2395 saltem
2410 2342 2570 2407 apud
2588 2346 2747 2392 tuam
2765 2340 3128 2392 clementiam
3147 2336 3355 2388 suffra-

1753 2423 1935 2480 getur,
1959 2417 2113 2479 quod
2129 2418 2350 2478 absque
2374 2419 2475 2466 tua
2505 2413 2856 2465 contumelia
2876 2412 3058 2476 perire
3084 2422 3203 2460 non
3222 2420 3356 2472 pos-

1755 2500 1978 2538 sumus.
1998 2488 2105 2549 Qui
2121 2500 2257 2549 ergo
2274 2499 2382 2537 nos
2407 2492 2539 2537 tuos
2553 2484 2703 2536 credi
2720 2483 3029 2544 vocarique
3044 2492 3261 2541 servos,
3288 2490 3356 2529 ac

1753 2558 1917 2616 filios,
1944 2571 2062 2609 non
2088 2557 2274 2608 solum
2298 2557 2565 2616 creando,
2586 2555 2688 2606 sed
2713 2555 2885 2605 etiam
2904 2552 3233 2614 adsciendo,
3253 2562 3356 2600 vo-

1750 2629 1927 2685 luisti,
1954 2628 2070 2679 noli
2096 2629 2279 2681 sinere
2303 2633 2369 2679 ut
2393 2627 2588 2677 dicant
2608 2630 2812 2689 gentes
2836 2641 2850 2672 :
2887 2624 2984 2673 Ubi
3016 2628 3085 2672 est
3110 2624 3249 2672 Deus
3272 2634 3354 2670 co-

1751 2716 1876 2747 rum
1893 2703 1918 2751 .9
1935 2712 2049 2763 quo
2076 2699 2339 2771 videlicet
2355 2699 2616 2771 solebant
2634 2699 3065 2771 propugnatore
3081 2693 3349 2771 gaude-re.

1752 2772 1893 2832 Quae
1914 2762 2217 2833 postquam
2238 2768 2423 2819 ofﬁcio
2446 2766 2816 2831 praeceptoris
2844 2764 3141 2827 explicuit,
3159 2762 3354 2833 vatici-

1750 2832 1943 2892 nantis
1961 2841 2235 2891 continuo
2250 2838 2461 2889 fiducia
2484 2837 2799 2901 pollicetur,
2819 2836 2996 2887 fuisse
3020 2833 3211 2898 populi
3232 2832 3351 2884 em-

1751 2925 1915 2963 caces
1940 2916 2226 2975 precatus,
2252 2915 2309 2961 et
2324 2909 2489 2972 quasi
2511 2922 2612 2972 pro
2630 2907 2750 2960 zelo
2768 2906 3131 2958 stimulatum
3149 2916 3346 2956 rerum

1752 2983 2083 3041 Dominum,
2120 2980 2512 3032 defensionem
2536 2978 2791 3030 ﬁdelium
2817 2977 3117 3040 recepisse.

1820 3055 1984 3104 Vers.
2029 3052 2114 3106 18.
2152 3080 2207 3088 -
2244 3051 2458 3100 Zelatus
2488 3056 2576 3108 est,
2616 3049 2820 3113 inquit,
2854 3048 3122 3097 Dominus
3147 3051 3349 3095 terram

1754 3139 1933 3186 suam,
1957 3129 2001 3172 el
2022 3123 2248 3187 pepercit
2272 3123 2292 3151 ἀ
2315 3122 2513 3187 populo
2529 3137 2642 3172 suo.
2669 3123 2975 3179 Interesse,
2994 3117 3200 3181 inquit,
3217 3129 3351 3180 pro-

1757 3196 1894 3260 prias
1906 3195 2171 3259 dignitati
2187 3194 2494 3258 aspiciens,
2507 3206 2579 3244 ne
2592 3205 2751 3256 gens,
2768 3203 2901 3254 quae
2924 3190 3110 3254 ipsius
3126 3187 3352 3260 proprie

1755 3259 1986 3317 nomine
1998 3264 2533 3328 censebatur,quasi
2547 3264 2785 3326 indigna
2796 3260 3114 3314 defensoris
3126 3259 3351 3323 periret,

1757 3342 1815 3389 et
1839 3337 2234 3401 desperatione
2258 3348 2385 3387 eam
2409 3334 2721 3400 prohibuit,
2764 3337 2819 3384 et
2846 3344 2946 3396 spe
2973 3329 3350 3395 jocunditatis

1756 3407 2031 3472 implevit.
2070 3409 2153 3457 Ex
2189 3407 2314 3470 ejus
2352 3418 2487 3468 ergo
2527 3403 2900 3475 responsione
2917 3401 3351 3475 Asubjungitur:

1819 3469 1980 3530 Vers.
2008 3469 2301 3532 19:20.7—
2328 3476 2459 3525 Ecce
2493 3490 2585 3538 ego
2605 3469 2823 3523 mittam
2846 3469 3021 3541 492
3050 3472 3191 3521 vobis
3225 3470 3352 3532 fru-

1756 3554 2019 3611 mentum,
2053 3549 2265 3608 vinum,
2289 3552 2336 3595 et
2369 3546 2561 3605 oleum,
2587 3551 2631 3594 et
2655 3544 3012 3609 replebimini,
3047 3556 3066 3577 ο
3100 3558 3167 3591 ea:
3203 3556 3260 3590 eo
3286 3545 3351 3602 et,

1757 3636 1870 3670 non
1893 3621 2029 3670 dabo
2059 3634 2148 3668 vos
2182 3619 2329 3667 ultra
2361 3617 2715 3682 opprobrium
2753 3617 2814 3665 in
2843 3616 3107 3666 Gentibus.
3137 3613 3203 3662 Et
3228 3625 3350 3682 eum

1756 3693 1852 3755 qui
1886 3691 1953 3739 ab
1977 3690 2245 3754 Aquilone
2270 3692 2360 3746 est,
2390 3681 2580 3752 procul
2601 3687 2807 3749 faciam
2847 3702 2883 3735 a
2913 3686 3084 3735 vobis:
3106 3689 3151 3732 et
3174 3681 3353 3755 expel-

1756 3754 1867 3811 lam
1888 3777 2010 3811 eum
2043 3762 2102 3809 in
2143 3766 2343 3809 terram
2383 3760 2595 3808 inviam
2627 3763 2673 3806 et
2706 3758 2987 3817 desertam,
3012 3755 3208 3818 faciem
3238 3754 3352 3817 ejus

1754 3839 1941 3881 contra
1968 3847 2117 3880 mare
2133 3830 2409 3892 orientate,
2430 3835 2729 3878 extremum
2740 3828 2852 3891 ejus
2869 3828 2944 3875 ad
2958 3842 3108 3875 mare
3123 3822 3353 3873 novissi-

1754 3919 1908 3952 mum
1935 3923 1944 3952 :
1973 3908 2017 3952 et
2042 3903 2287 3952 ascendet
2310 3901 2463 3964 [ἅδιον
2478 3900 2611 3963 ejus,
2635 3903 2680 3947 et
2707 3900 2948 3947 ascendet
2968 3897 3191 3962 putredo
3216 3894 3347 3958 ejus.

1753 3977 1965 4027 Beatus
1978 3973 2213 4036 quidem
2223 3971 2500 4022 Jeremias
2513 3975 2571 4021 et
2582 3969 2677 4020 alii
2688 3969 3001 4033 prOphetae,
3015 3967 3282 4030 Assyrios
3291 3967 3351 4015 et

1754 4045 2054 4096 Chaldaeos
2070 4044 2270 4094 dicunt
2288 4043 2363 4092 ab
2379 4040 2661 4103 Aquilone
2684 4043 2975 4090 venturos.
3013 4040 3082 4089 Et
3100 4038 3193 4088 hic
3214 4047 3349 4097 ergo

1752 4116 2026 4178 Assyrius
2044 4117 2240 4177 posset
2253 4111 2511 4175 intelligi,
2537 4110 2664 4173 nisi,
2690 4111 2756 4160 ut
2773 4121 2947 4172 supra
2969 4107 3181 4169 notavi,
3206 4106 3349 4157 alias

1754 4198 1982 4250 quoque
2008 4186 2227 4247 plagas,
2270 4181 2593 4232 secundum
2615 4180 2767 4242 quod
2811 4180 2870 4229 in
2898 4178 3347 4250 peuteronomio

1754 4248 2045 4315 sanxerat,
2058 4254 2353 4318 profanato
2366 4252 2575 4315 populo
2591 4248 3098 4301 constaretillatas.
3112 4250 3343 4308 Proinde,

1754 4326 2076 4378 secundum
2088 4325 2421 4375 institutum
2436 4322 2711 4381 ordinem,
2729 4319 2985 4371 locustas
2995 4318 3344 4382 accipiamus

1753 4403 1811 4450 et
1830 4397 2099 4457 bruchos,
2115 4407 2362 4458 quarum
2379 4392 2766 4444 amolitionem
2791 4391 3049 4454 placatus
3060 4389 3344 4440 Dominus

1746 4468 2044 4533 pollicetur
2071 4482 2083 4517 :
2109 4466 2204 4529 qui
2229 4465 2338 4516 hoc
2370 4476 2510 4515 sane
2534 4464 2605 4514 ad
2629 4462 2871 4525 gratiam
2899 4465 2958 4533 et
2981 4459 3341 4533 dulcedinem

1745 4531 2096 4592 liberationis
2112 4536 2338 4599 adjecit,
2361 4535 2513 4599 quod
2532 4533 2629 4584 illa
2651 4533 2881 4595 agmina
2896 4532 2954 4581 in
2972 4531 3201 4582 deserto
3212 4531 3342 4593 jus-

1752 4610 2195 4667 sitoccumbere,
2210 4620 2281 4657 ne
2296 4605 2510 4657 fcetoris
2522 4603 2861 4667 magnitudo
2877 4602 2949 4653 de
2963 4601 3342 4653 cadaveribus

1751 4682 1982 4736 excitati
2007 4678 2205 4731 incolis
2222 4678 2487 4728 morbum
2511 4677 2745 4726 crearet.
2770 4673 3058 4725 Ascendet
3076 4685 3210 4736 ergo
3226 4672 3343 4723 illic

1749 4756 1917 4806 laetor
1932 4754 2057 4816 ejus
2083 4756 2141 4802 et
2160 4748 2420 4813 putredo,
2446 4747 2581 4811 quia
2603 4744 2823 4811 superbe
2839 4745 2966 4808 egit:
2988 4745 3234 4806 superbe
3248 4757 3345 4795 au-

1751 4832 1863 4878 tem
1887 4836 2022 4876 eum
2046 4822 2236 4884 egisse
2262 4819 2672 4883 pronuncians,
2695 4816 2850 4867 haud
2877 4816 3089 4867 vicium
3107 4817 3340 4881 mentis,

1749 4900 2023 4949 caeterum
2048 4890 2509 4954 magnitudinem
2547 4887 2878 4940 calamitatis
2910 4887 3216 4950 expressit.

1812 4969 1973 5018 Vers.
2000 4962 2199 5019 91:93.
2224 4989 2284 4997 —
2307 4961 2434 5010 Noli
2460 4962 2660 5020 limere,
2693 4964 2855 5018 terra,
2889 4957 3090 5023 exulta,
3128 4961 3174 5007 et
3198 4957 3343 5007 laeta-

1746 5054 1803 5088 re
1826 5054 1838 5089 :
1859 5037 2123 5102 quoniam
2142 5032 2518 5096 magni/icavit
2539 5031 2827 5102 Dominus,
2850 5033 2909 5078 ut
2933 5028 3144 5091 faceret.
3167 5028 3343 5102 Nolite

1748 5100 2105 5165 timere,anim
2113 5104 2228 5153 alia
2238 5103 2473 5166 regionis
2487 5116 2499 5151 :
2513 5102 2646 5164 quia
2656 5100 3098 5163 germinaverunt
3108 5100 3343 5162 speciosa

1747 5180 1953 5242 deserti,
1980 5178 2116 5243 quia
2139 5176 2352 5239 lignum
2375 5173 2553 5223 attulit
2574 5173 2815 5235 fructum
2838 5186 3021 5233 suum,
3046 5175 3093 5219 et
3113 5171 3266 5232 ﬁcus,
3290 5174 3339 5217 et

1746 5327 1941 5376 noster
1956 5320 2303 5393 inisubnexqa
2324 5316 2681 5393 expositione
2712 5313 2995 5393 agnoscit:
3070 5381 3084 5393 _
3249 5381 3261 5393 .

1808 5395 1829 5423 δ
1864 5392 2158 5445 Excidisse
2186 5389 2412 5441 videtur
2442 5388 2806 5449 subsequens
2840 5381 3181 5443 versiculus,
3216 5381 3339 5433 sive

1744 5465 1894 5530 prior
1913 5461 2179 5516 versiculi
2193 5472 2346 5524 pars,
2370 5464 2416 5508 et
2437 5458 2705 5530 respondit
2724 5455 3073 5530 Dominus,‘et
3089 5452 3232 5501 dixit
3251 5467 3338 5515 po-

1740 5526 1870 5600 pulo
1885 5550 2002 5597 suo,
2022 5545 2152 5597 quae
2168 5532 2228 5582 in
2244 5530 2466 5587 eadem,
2483 5529 2660 5600 verba
2670 5532 2846 5600 atque
2860 5526 3340 5600 proximepmce-

1743 5595 1909 5663 dens,
1928 5595 2133 5669 populo
2158 5617 2273 5658 suo,
2309 5600 2595 5659 desinens,
2627 5597 2788 5669 facile
2810 5596 3117 5669 antiquarii
3141 5595 3338 5647 oculos

1742 5667 1957 5728 fefellit.
1977 5667 2136 5725 Certe
2148 5677 2344 5724 noster
2355 5687 2420 5720 ea:
2439 5670 2534 5721 illa
2548 5668 2844 5719 Dominica
2854 5667 3199 5731 responsione
3209 5678 3338 5729 per-

1742 5748 1826 5811 git
1847 5746 2239 5809 explanatum,
2263 5753 2394 5805 qua:
2419 5741 2876 5811 subsequuntur.

1805 5827 1823 5847 ·
1858 5803 2243 5876 Hieronymus
2269 5803 2335 5861 ex
2365 5809 2825 5875 praepositionem
2864 5807 3050 5857 tacet:
3090 5803 3333 5866 Vulgata

1740 5887 1991 5952 plurium
2025 5896 2263 5936 numero
2288 5883 2362 5931 eis
2400 5880 2657 5944 priBfert;
2694 5876 2954 5929 llebraic.
2989 5877 3128 5925 ms.
