3866 6206
406 284 545 339 1047

1463 279 1728 331 RUFINO
1760 278 2218 330 PRESBYTERO
2253 279 2635 331 ASCRIPTUS
3664 261 3780 316 1υὲ

403 398 559 445 vinea
576 395 838 442 dederunt
856 393 1103 465 virtutem
1118 407 1294 442 suam.
1313 392 1381 440 Et
1396 391 1499 465 ﬁlii
1525 392 1655 465 Sion
1674 392 1920 465 emultalc,
1947 395 1993 439 et
2015 393 2070 465 Α
2100 391 2413 465 Et'ucaruln
2435 403 2569 453 ergo
2592 393 2647 442 et
2668 391 3031 465 locustarum
3047 391 3193 465 ipsa.
3218 381 3585 465 exiguitas

397 466 663 516 lxtamini
686 466 745 512 in
770 464 1001 513 Domino
1019 464 1123 511 Deo
1144 467 1328 523 vestro,
1348 462 1482 527 quia
1502 462 1642 511 dedit
1668 463 1807 511 vobis
1828 463 1997 510 docto-

404 554 517 587 rem
526 536 766 600 justitiae.
787 535 1300 596 Consequenterad
1320 539 1499 585 totam
1520 536 1813 595 regionem
1835 532 2002 596 quasi

407 620 597 660 sermo
615 606 895 669 dirigitur,
917 609 982 655 ut
1004 605 1054 655 ei
1070 606 1438 669 promittatur
1455 606 1702 655 recidiva
1720 604 2001 662 fertilitas,

408 680 500 730 cui
514 679 696 729 fuerat
711 676 1054 727 denunciata
1071 676 1331 727 vastatio.
1353 678 1417 727 Et
1430 689 1529 739 per
1539 676 1771 726 easdem
1786 676 2004 739 species

408 762 597 801 sermo
614 748 876 807 decurrit,
895 760 990 810 per
1006 760 1151 810 quas
1168 748 1341 799 etiam
1360 749 1467 798 sub
1487 748 1837 799 adversitate
1856 754 2006 794 trans-

409 824 570 875 ferat.
593 821 739 871 Dicit
757 821 971 883 itaque,
997 824 1221 870 montes
1244 819 1469 883 pascuis
1484 819 1833 881 vestiendos,
1850 817 2008 868 fron-

410 895 555 945 dosa
572 892 775 942 faciem
809 891 965 940 silvis
982 890 1184 952 redire,
1208 890 1353 940 Ilcus
1373 895 1429 940 et
1454 890 1601 940 vites
1626 901 1867 939 munera
1884 900 2009 940 suat

412 962 804 1015 fcecunditatis
825 961 1040 1011 oﬂ‘erre.
1061 961 1180 1009 Hoc
1195 960 1348 1009 enim
1372 964 1480 1021 est,
1497 959 1648 1021 quod
1673 971 1871 1009 earum
1895 959 2005 1008 vir-

415 1037 598 1085 tutem
612 1032 858 1095 vocavit,
876 1044 1009 1093 quas
1026 1031 1297 1093 quoniam
1316 1030 1507 1079 omnia
1524 1030 1654 1080 usui
1673 1034 1810 1080 sunt
1829 1030 2008 1080 homi-

418 1118 561 1156 num
589 1103 924 1166 mancipata,
943 1102 1146 1152 merito
1173 1101 1444 1160 subiecit:
1464 1102 1529 1149 Et
1552 1101 1657 1162 ﬁlii
1683 1102 1833 1164 Syon
1855 1101 2009 1151 exul-

420 1181 540 1235 tate,
566 1179 613 1223 et
637 1174 898 1223 laetamini
924 1173 983 1221 in
1011 1172 1244 1220 Domino
1270 1172 1374 1220 Deo
1393 1176 1588 1220 vestro:
1615 1173 1749 1236 quia
1772 1172 1914 1220 dedit
1932 1188 2014 1221 vo-

421 1247 497 1295 bis
517 1247 778 1294 doctorem
788 1244 1027 1307 jmtitiae.
1046 1243 1353 1293 Coronavit
1373 1243 1606 1293 omnino
1622 1244 2012 1306 praecedentes

423 1318 678 1369 monitus
702 1315 1039 1366 eruditionis
1068 1315 1231 1377 plena
1256 1315 1541 1365 sententia
1565 1332 1574 1362 :
1603 1327 1735 1378 qum
1764 1320 1894 1378 post
1916 1316 2011 1366 de-

421 1388 747 1451 pulsionem
772 1398 1184 1447 aerumnarum,
1209 1390 1268 1436 et
1286 1398 1596 1436 successus
1619 1387 2015 1449 optatissimos

421 1470 843 1525 prosperorum,
868 1456 1135 1520 usurpari
1163 1469 1198 1507 a
1222 1456 1429 1520 populo
1453 1456 1677 1519 gaudia,
1698 1457 1798 1507 sed
1812 1470 1885 1508 ex
1903 1469 2017 1520 qua

425 1531 793 1595 potissimum
831 1528 1106 1578 deberent
1142 1532 1319 1590 parte,
1356 1527 1640 1589 signavit:
1668 1541 1785 1578 non
1817 1528 2017 1591 utique

426 1601 581 1664 quod
600 1598 836 1650 fruenda
850 1603 1200 1660 appeterent,
1222 1598 1323 1648 sed
1337 1598 1489 1660 quod
1510 1598 2015 1657 doctoremjustitiae

425 1671 788 1734 reperiment.
812 1670 876 1717 Et
891 1669 1013 1731 ﬁlii,
1038 1669 1243 1731 inquit,
1265 1669 1415 1730 Syon
1435 1669 1684 1729 emultate,
1702 1675 1747 1717 et
1765 1670 2025 1718 laztamini

427 1744 489 1790 in
518 1741 749 1789 Domino
768 1740 870 1788 Deo
894 1745 1060 1787 vestro
1083 1755 1098 1787 :
1128 1741 1263 1802 quia
1287 1740 1429 1787 dedit
1454 1739 1595 1787 vobis
1617 1740 1879 1789 doctorem
1892 1742 2022 1803 jus—

429 1814 574 1862 tiliae.
596 1814 692 1862 Est
708 1811 961 1873 quidem,
978 1811 1185 1872 inquit,
1206 1810 1549 1869 misericors,
1568 1815 1625 1861 et
1641 1812 1738 1874 qui
1763 1824 1876 1862 una
1892 1824 2024 1863 suo—

430 1882 699 1935 currendi
718 1883 927 1933 virtute
938 1881 1186 1944 depellat
1200 1882 1400 1939 tristia,
1418 1887 1474 1932 et
1490 1885 1708 1930 secunda
1719 1885 2024 1945 contribuat;

432 1954 534 2006 sed
554 1960 633 2015 tu,
653 1952 860 2017 p0pule
883 1965 1066 2013 meus,
1092 1953 1150 2002 in
1171 1966 1235 2003 eo
1261 1953 1627 2016 potissimum
1649 1954 1907 2006 exultare
1928 1955 2029 2006 de-

434 2027 554 2084 bes,
577 2038 691 2087 quo
704 2024 930 2074 caeteris
960 2024 1293 2074 nationibus
1309 2024 1628 2074 antecellis:
1658 2024 1793 2087 quia
1809 2028 2030 2074 doctores

434 2096 701 2148 videlicet
710 2096 729 2158 j
741 2100 887 2146 ustae
900 2095 1354 2145 conversationis
1364 2096 1675 2159 acceperis,
1692 2109 1937 2159 quorum
1952 2100 2030 2146 in-

436 2167 704 2225 formatu,
733 2171 789 2215 et
804 2165 1105 2215 modestus
1120 2177 1323 2227 ageres
1346 2170 1405 2215 et
1428 2166 1651 2216 beatus.
1673 2166 1845 2228 Quale
1862 2166 2027 2218 estil-

436 2237 535 2287 lud
558 2236 711 2299 apud
727 2236 901 2286 alium
928 2236 1293 2299 prophetam:
1320 2237 1471 2299 Beati
1494 2251 1683 2284 sumus
1699 2237 1878 2295 Israel,
1905 2253 2031 2300 quo-

436 2308 593 2355 niam
619 2322 735 2369 qua:
755 2307 855 2354 Deo
878 2307 1103 2369 placent,
1128 2306 1279 2354 nobis
1300 2311 1425 2354 nota
1445 2312 1571 2355 sunt
1588 2308 1841 2368 (Baruch.
1869 2308 1919 2361 4.
1937 2308 2029 2369 4.).

501 2379 663 2427 Vers.
690 2375 893 2430 9.4.425.
918 2404 980 2413 —
1002 2378 1068 2425 Et
1092 2377 1397 2424 descendere
1422 2377 1581 2439 faciet
1601 2379 1674 2425 ad
1695 2393 1783 2426 vos
1807 2378 2030 2426 imbrem

438 2449 777 2497 matutinum
793 2454 837 2496 et
852 2449 1141 2497 serotinum
1154 2457 1170 2475 ⁸
1185 2449 1243 2495 in
1259 2448 1551 2511 principio.
1572 2449 1636 2496 Et
1651 2449 1724 2497 sic
1740 2448 2035 2513 implebun-

440 2525 531 2569 ιω·
550 2516 726 2586 3
747 2521 941 2567 horrea
962 2518 1252 2579 frumento,
1279 2523 1323 2566 ct
1341 2518 1721 2568 redundabant
1740 2520 2037 2568 toreularia

440 2592 566 2640 vino
588 2597 633 2639 et
656 2591 787 2641 oleo.
815 2590 883 2638 Et
918 2590 1142 2637 reddam
1173 2588 1316 2638 vobis
1338 2605 1514 2637 annos
1537 2605 1669 2653 quos
1706 2591 1928 2639 comedit
1960 2590 2039 2638 lo-

441 2669 609 2721 custa,
635 2661 889 2720 bruchus,
907 2666 953 2708 et
970 2661 1177 2724 rubigo,
1204 2665 1252 2709 et
1268 2675 1428 2709 eruca
1453 2675 1464 2710 :
1484 2662 1746 2722 fortitudo
1775 2678 1897 2713 mea
1920 2678 2039 2711 ma-

442 2748 573 2796 gna,
603 2747 769 2795 quam
796 2732 922 2779 misi
947 2732 1002 2779 in
1031 2747 1137 2780 vos.
1166 2733 1265 2782 Per
1279 2731 1536 2782 diversas
1561 2734 1781 2795 species
1804 2734 1863 2785 id
1887 2735 2040 2798 quod

446 2804 615 2865 caapit
632 2803 984 2865 exsequitur,
1002 2808 1057 2852 et
1075 2802 1324 2852 futuram
1340 2803 1717 2854 mutationem
1732 2805 1802 2855 de
1816 2808 2043 2855 tristibus

446 2874 507 2925 in
530 2873 663 2925 lecta
687 2873 974 2924 describit.
1012 2873 1406 2923 Promissurus
1431 2886 1564 2936 ergo
1590 2874 2039 2934 facunditatem,

450 2945 781 3008 tempestivi
804 2957 871 2995 ac
887 2944 1122 2995 serotini
1145 2943 1345 2995 imbris
1360 2944 1695 3007 praadicavit
1710 2946 1770 2996 in
1792 2946 2041 3011 lapsum,

451 3016 773 3075 descendere,
792 3015 1216 3077 inquiens,faciet
1238 3015 1459 3063 imbrem
1487 3017 1821 3065 matutinum
1846 3025 1891 3067 et
1911 3035 2045 3067 sero-

454 3087 633 3135 tinum
651 3087 711 3135 in
730 3087 1024 3151 principio.
1042 3086 1205 3146 Quod
1224 3087 1612 3150 Septuaginta,
1637 3101 1753 3139 non
1769 3089 1829 3136 in
1846 3090 2046 3153 princi-

448 3159 558 3222 pio,
585 3158 684 3207 sed
707 3158 844 3205 sicut
867 3174 901 3206 a
920 3158 1213 3221 principio,
1246 3158 1678 3217 transtulerunt,
1711 3164 1775 3210 ut
1796 3160 2045 3212 facerent

452 3241 718 3279 sensum:
738 3228 873 3290 quia
888 3228 1324 3287 oil‘ensionibus,
1344 3228 1553 3291 quibus
1565 3240 1889 3281 annuorum
1910 3237 2045 3282 tem-

450 3312 654 3363 porum
679 3298 1077 3361 opportunitas
1103 3303 1223 3349 erat
1239 3300 1768 3362 quasiperturbata,
1784 3301 2046 3363 sublatis,

448 3370 521 3420 ad
548 3382 764 3419 morem
790 3381 963 3417 suum
984 3381 1173 3419 annus
1197 3374 1480 3419 recurrat:
1508 3374 1573 3418 ut
1588 3382 1689 3431 pro
1715 3371 2049 3424 diversitate

449 3440 757 3498 seminum,
774 3438 863 3489 vel
874 3438 1248 3500 tempestivis,
1268 3437 1354 3488 vel
1373 3439 1639 3488 serotinis
1654 3452 1792 3492 arva
1803 3441 1823 3470 ι’
1833 3443 2048 3505 pluviis

443 3510 772 3570 irrigentur.
787 3512 925 3569 Quae
940 3513 1157 3558 tantam
1171 3522 1308 3558 sane
1324 3507 1672 3559 fertilitatem
1685 3513 1980 3577 creabunt,
1995 3522 2052 3564 ut

450 3584 509 3630 et
536 3579 734 3629 horrea
758 3583 857 3629 tua
898 3583 1255 3640 superentur,
1293 3582 1349 3627 et
1372 3577 1539 3627 dolia.
1566 3579 1760 3631 Potest
1783 3595 1918 3646 ergo
1940 3585 2050 3636 hoc

451 3648 607 3711 quod
631 3647 793 3709 dixit,
833 3648 1241 3710 tempestivum
1272 3647 1515 3697 imbrem
1557 3653 1614 3699 et
1650 3652 1962 3703 serotinum
1988 3655 2050 3705 in

450 3717 747 3784 principio,
766 3717 847 3765 sic
862 3716 1119 3778 intelligi,
1139 3721 1203 3767 ut
1227 3717 1491 3779 signasse
1516 3718 1779 3771 videatur
1793 3723 2049 3776 ordinem

451 3786 904 3859 commodorum,
928 3800 1034 3859 nec
1054 3788 1126 3837 sit
1142 3786 1267 3859 ulla
1288 3787 1349 3859 in
1366 3788 1628 3859 sensibus
1653 3794 2047 3859 contrarietas,

453 3858 618 3921 quasi
648 3857 938 3919 quomodo
976 3857 1037 3907 in
1068 3857 1353 3929 principio
1382 3858 1572 3909 dictus
1611 3863 1685 3911 sit
1722 3862 1922 3924 imber,
1949 3857 2049 3929 qui

452 3928 627 3979 etiam
652 3929 938 3978 serotinus
967 3933 1203 3979 vocatur
1226 3944 1235 3974 :
1260 3927 1362 3979 sed
1380 3931 1444 3979 ut
1466 3929 1901 3984 fecunditatem
1926 3927 2049 3988 fru-

453 4003 651 4049 ctuum
678 3998 872 4062 pluvia
910 4011 1267 4063 praecessura
1291 4000 1537 4064 dicatur,
1578 4002 1767 4065 sitque
1793 4018 2005 4058 sensus
2034 4022 2047 4058 :

452 4070 673 4119 Mittam
698 4069 945 4133 primum
980 4071 1241 4131 imbrem,
1280 4075 1334 4121 et
1357 4077 1557 4135 postea
1596 4072 1827 4135 frugum
1850 4076 2050 4129 laetitia

426 4142 441 4155 ’
454 4141 859 4203 subsequetur.
875 4144 1015 4202 Quas
1027 4155 1159 4191 cum
1172 4140 1421 4192 cultores
1436 4156 1571 4193 suos
1585 4144 1811 4206 gaudiis
1828 4150 2045 4198 viribus-

452 4223 564 4273 que
580 4211 970 4274 compleverit,
992 4211 1310 4262 obliviones
1328 4213 1535 4277 inopiee
1561 4215 1938 4276 praecedentis
1961 4218 2049 4269 in-

450 4281 670 4342 fundat,
712 4286 770 4332 et
793 4295 1071 4333 aerumnae
1096 4288 1295 4345 pergat
1316 4284 1543 4334 abolere
1569 4286 1815 4348 vestigia
1842 4304 1852 4334 :
1879 4288 1961 4339 ita
1984 4292 2050 4340 ut

450 4364 566 4401 non
583 4351 769 4402 solum
792 4352 1047 4417 penuria:
1064 4353 1328 4404 molestia
1344 4355 1734 4416 conquiescat,
1754 4356 1855 4407 sed
1877 4358 2047 4410 etiam

448 4422 809 4486 detrimenta,
824 4437 954 4487 quin
966 4430 1397 4487 praecesserant,
1415 4438 1482 4475 su
1491 4425 1808 4488 ppleantur.
1824 4428 1944 4478 Hoc
1958 4434 2047 4481 est

450 4494 601 4543 enim
626 4493 781 4556 quod
815 4495 979 4555 dixit,
1005 4494 1250 4543 Reddam
1278 4494 1420 4543 vobis
1444 4511 1638 4555 annos,
1664 4512 1797 4559 quos
1820 4500 2045 4548 comedit

451 4563 668 4613 locusta.
704 4566 828 4615 Non
852 4569 1051 4629 utique
1079 4572 1147 4618 ut
1167 4570 1459 4617 momenta
1483 4571 1829 4630 temporum,
1857 4569 1959 4621 sed
1982 4575 2048 4622 ut

450 4634 700 4685 facundi
708 4640 793 4686 tas
805 4636 1139 4688 redderetur
1150 4650 1452 4688 annorum.
1478 4638 1803 4689 Notandum
1824 4656 2044 4705 quoque,

451 4705 586 4768 quia
599 4706 991 4758 fortitudinem
1006 4719 1173 4759 suam
1187 4710 1243 4758 et
1261 4721 1529 4771 magnam
1543 4721 1773 4760 erucam
1786 4712 1943 4762 Deus
1955 4724 2047 4773 ap-

452 4774 696 4837 pellavit,
719 4780 777 4825 et
798 4774 1084 4828 locustam
1113 4798 1124 4826 :
1154 4778 1312 4829 haud
1336 4779 1552 4841 utique,
1580 4780 1735 4843 quod
1759 4781 2045 4844 ejusmodi

450 4856 680 4895 vermes
695 4844 768 4894 ad
784 4851 1129 4897 coasternam
1156 4849 1256 4899 Dei
1284 4849 1595 4912 potentiam
1619 4849 1809 4912 aliqua
1824 4852 2046 4904 ratione

451 4914 787 4975 referantur,
816 4918 917 4965 sed
936 4917 1086 4978 quod
1105 4929 1303 4969 earum
1319 4919 1656 4981 ministerio,
1673 4925 1847 4983 atque
1864 4934 2041 4985 popu-

448 4985 571 5036 latu
582 4985 640 5036 in
652 4985 1019 5037 afﬂictionem
1031 5000 1256 5038 reorum
1268 5002 1484 5041 munus
1494 4990 1795 5055 implevere
1812 4995 2041 5045 ultionis.

515 5138 531 5156 ·
560 5126 852 5178 Discimus
862 5127 1129 5179 Auctoris
1146 5141 1373 5191 quoque
1387 5131 1570 5182 nostri
1583 5132 1930 5197 testimonio,
1943 5147 2045 5185 ex-

448 5198 841 5262 pungendum,
865 5199 1021 5262 quod
1042 5198 1172 5249 heic
1187 5199 1346 5250 addit
1374 5202 1620 5263 Vulgata
1642 5202 1816 5253 editio
1839 5204 2044 5257 adver-

447 5270 607 5322 bium
619 5272 692 5319 sic
700 5275 752 5318 ut
766 5291 776 5318 :
794 5271 947 5334 quod
958 5283 1146 5333 neque
1159 5271 1590 5335 Hieronymiani
1601 5273 1844 5339 codices.
1857 5287 2045 5338 neque

447 5343 763 5393 Hebraicus
779 5346 973 5394 textus
990 5345 1327 5407 agnoscunt.
1342 5343 1637 5394 Constabit
1652 5344 1760 5396 hoc
1772 5347 1956 5408 magis
1969 5360 2043 5399 ex

447 5415 709 5464 subnexa
723 5414 1100 5478 expositione,
1123 5426 1256 5478 quae
1274 5414 1445 5466 etiam
1471 5413 1621 5465 unde
1636 5414 1773 5467 illud
1790 5417 2042 5481 ﬂuxerit,

443 5484 628 5535 docet.
648 5484 1021 5548 Septuaginta,
1038 5486 1246 5550 inquit,
1265 5501 1378 5535 non
1401 5485 1460 5536 in
1475 5486 1771 5551 principio,
1788 5489 1879 5537 sed
1895 5489 2043 5541 sicut

443 5566 477 5605 a
502 5555 797 5618 principio,
821 5558 1233 5609 transtulerunt.
1260 5555 1476 5608 Alian
1501 5563 1678 5621 parte,
1706 5572 1879 5622 quam
1904 5572 2042 5611 mox

444 5628 660 5675 Auctor
674 5625 827 5676 idem
843 5632 1040 5680 noster
1063 5628 1356 5681 interserit
1370 5629 1447 5681 sic
1467 5628 1752 5691 voculam,
1782 5630 1881 5681 ubi
1905 5630 2043 5681 dici-

448 5698 614 5771 tur,_et
627 5694 701 5771 sic
713 5696 787 5741 im
792 5698 906 5771 pleb
914 5705 1098 5759 untur,
1114 5703 1242 5762 etc.,
1258 5700 1569 5751 eorundem
1583 5699 1855 5752 librorum
1869 5707 2042 5749 aucto-

446 5762 612 5812 ritate
634 5762 765 5814 hinc
786 5766 1009 5820 videtur
1023 5771 1364 5823 amovenda.
1382 5770 1621 5823 Leviora
1642 5772 1751 5824 alia
1774 5772 2040 5835 quasdam

2102 460 2239 511 tiam
2256 460 2471 510 indicat
2486 447 2541 512 et
2566 464 2835 513 creatoris
2855 447 3216 513 etvindicis:
3245 447 3378 521 qui
3405 447 3781 530 ub_i_popuies

2101 530 2353 582 decrevit
2363 536 2622 591 atterere,
2640 545 2745 583 nec
2756 533 3038 584 dentibus
3056 530 3440 583 bestiarum
3453 521 3786 601 aliquarum

2102 602 2300 664 utitur,
2316 614 2422 652 nec
2447 604 2705 665 venenis,
2735 604 2839 654 sed
2866 616 2966 668 per
2990 603 3313 655 bruchum
3344 594 3790 669 et_r}1biginf?m

2104 673 2376 735 opulenta
2400 673 2566 735 paulo
2582 678 2715 725 ante
2741 666 2923 738 regna
2945 673 3284 725 consumit.
3312 671 3406 721 Et
3434 666 3591 717 ideo
3620 666 3786 743 virtus

2107 743 2543 807 Deiappellatur,
2559 745 2727 809 cujus
2740 736 3120 809 sententiam,
3133 744 3310 806 quasi
3334 736 3794 795 strenuuslie'wr,

2106 813 2442 877 impleverit.

2170 876 2311 935 Cum
2329 897 2461 948 ergo
2477 884 2719 936 istorum
2744 889 3076 948 temporum
3097 885 3349 938 damna
3380 876 3790 937 fertilitas,in-

2110 956 2251 1019 quit,
2278 960 2473 1027 optata
2488 958 2818 1009 correxerit:
2839 956 3145 1022 [Vers.—26.
3172 955 3304 1020 27.]
3332 953 3426 1027 Et

2109 1033 2154 1076 et
2169 1026 2575 1085 saturabimini,
2593 1035 2638 1076 et
2655 1028 2951 1078 laudabitis
2966 1043 3175 1078 nomen
3200 1025 3491 1076 Domini
3510 1022 3626 1071 Dei
3638 1022 3793 1077 uestri,

2112 1098 2209 1163 qui
2232 1098 2373 1147 vobis
2394 1098 2518 1160 fecit
2540 1099 2825 1148 mirabilia
2848 1116 2863 1148 :
2890 1106 2937 1150 et
2962 1115 3079 1149 non
3102 1097 3554 1161 confundetur
3572 1092 3794 1157 populus

2112 1184 2261 1218 meus
2285 1170 2343 1217 in
2366 1170 2772 1234 sempiternum.
2789 1171 2859 1220 Et
2882 1173 3058 1220 scietis
3080 1170 3229 1235 quia
3246 1170 3321 1218 in
3340 1166 3571 1216 medio
3598 1163 3796 1213 Isi-acii:

2113 1256 2205 1304 ego
2236 1256 2377 1300 sum,
2403 1245 2449 1289 et
2482 1255 2573 1304 ego
2606 1241 2875 1290 Dominus
2908 1243 3049 1291 Deus
3072 1246 3272 1300 vester,
3312 1245 3373 1288 et
3404 1253 3553 1286 non
3586 1240 3665 1284 est
3695 1250 3796 1282 as:-

2114 1311 2258 1375 plius
2283 1328 2294 1358 :
2322 1314 2365 1359 et
2390 1327 2501 1360 non
2524 1311 2890 1373 confundetur
2910 1312 3152 1377 populus
3178 1327 3355 1360 meus
3384 1312 3469 1359 in
3510 1316 3793 1356 sternuas.

2116 1383 2287 1434 Venit
2310 1386 2503 1433 autem
2527 1395 2600 1433 ex
2632 1396 2789 1434 more
2834 1384 3193 1448 prOpbetico,
3225 1388 3297 1433 ut
3325 1381 3659 1445 quotiens
3680 1390 3795 1440 qua

2117 1457 2254 1503 sunt
2268 1452 2403 1504 laeta
2414 1454 2754 1517 promiserit,
2773 1455 2853 1505 ita
2864 1456 3039 1506 etiam
3053 1455 3117 1505 in
3140 1453 3640 1517 sempiternum
3657 1461 3797 1499 man-

2118 1537 2252 1575 sura
2275 1524 2600 1575 denunciet.
2628 1526 2793 1587 Quod
2815 1525 2908 1577 vel
2932 1526 3043 1576 sub
3068 1524 3451 1577 conditione
3477 1523 3792 1579 duntaxat.

2121 1607 2256 1657 qua:
2280 1595 2589 1658 Scripturis
2618 1596 2903 1648 celebrata
2922 1601 3033 1654 est,
3059 1597 3371 1647 debemus
3396 1594 3721 1656 accipere,
3745 1591 3791 1641 id

2123 1670 2230 1727 est,
2245 1666 2300 1715 Si
2311 1664 2609 1716 illistudiis
2628 1667 2932 1728 probitatis
2944 1668 3260 1725 insistant,
3281 1672 3446 1718 tunc
3459 1665 3664 1716 etiam
3678 1675 3795 1725 pro-

2126 1748 2293 1800 spera
2314 1749 2584 1787 mansum
2609 1738 2726 1788 ire:
2758 1737 2846 1788 vel
2879 1743 3053 1801 certe,
3082 1738 3251 1801 quod
3276 1737 3360 1788 ad
3396 1735 3790 1789 vaticinantis

2127 1807 2379 1859 ofﬁcium
2392 1807 2603 1870 aliquid
2623 1820 2851 1871 semper
2865 1808 2936 1859 de
2951 1810 3215 1872 optantis
3231 1813 3416 1872 parte
3435 1809 3589 1869 conj
3604 1810 3791 1868 ungat.

2128 1882 2325 1930 Potest
2346 1883 2543 1929 autem
2568 1892 2779 1930 sensus
2805 1880 3114 1944 introferri,
3140 1880 3243 1930 cui
3275 1891 3437 1930 sane
3466 1887 3789 1943 processus

2123 1950 2307 2014 ipsius
2324 1949 2596 1999 orationis
2608 1949 2827 2001 alludit.
2841 1947 3022 2018 494
3044 1952 3197 2001 Nam
3209 1951 3343 2013 jam
3358 1961 3570 2013 supra
3581 1951 3784 2001 dixerat.

2125 2021 2253 2071 Filii
2279 2020 2427 2083 Syon
2450 2020 2698 2080 exultate,
2722 2027 2767 2069 et
2784 2021 3050 2069 tutamini
3075 2022 3140 2069 in
3157 2022 3421 2070 Domino
3449 2022 3578 2069 Deo
3608 2025 3785 2074 terim,

2128 2092 2261 2155 quia
2277 2091 2418 2138 dedit
2433 2090 2574 2139 vobis
2588 2091 2855 2140 doctorem
2860 2092 3000 2155 justi
3006 2093 3107 2141 tiae.
3129 2093 3307 2153 Quod
3325 2092 3637 2154 quamvis
3654 2087 3785 2139 mul-

2127 2160 2392 2225 tipliciter
2403 2161 2585 2223 possit
2604 2161 2865 2225 intelligi,
2890 2168 3090 2213 tamen
3108 2168 3425 2225 quantum
3441 2161 3527 2212 ad
3542 2164 3781 2208 rationem

2130 2238 2451 2292 temporum
2474 2232 2724 2296 respicit,
2750 2234 2985 2283 beatum
3010 2232 3331 2284 Ezechjam
3358 2232 3614 2296 proprie
3637 2230 3785 2280 vide-

2131 2308 2225 2355 tur
2239 2302 2541 2353 ostendere
2559 2319 2571 2353 :
2590 2315 2762 2366 quem
2787 2316 3001 2368 magno
3018 2305 3176 2355 circa
3189 2303 3435 2355 cultum
3458 2303 3581 2355 Dei
3596 2300 3780 2352 studio

2132 2374 2589 2437 ferbuisse,ﬂdes
2615 2377 2815 2438 pandit
2828 2377 3158 2428 annalium:
3188 2378 3505 2440 cujusque
3535 2385 3779 2440 persona

2134 2444 2301 2507 regis,
2316 2444 2466 2495 sicut
2477 2446 2764 2509 praecipue
2779 2447 2981 2497 Esaias
2994 2447 3289 2511 propheta
3301 2448 3713 2499 demonstrat.
3726 2446 3775 2490 ad

2136 2514 2613 2578 significationem
2645 2517 2881 2579 majoris
2914 2518 3149 2581 negocii
3184 2518 3433 2569 videtur
3461 2517 3679 2568 electa.
3707 2516 3774 2565 Ea

2135 2598 2289 2649 ergo,
2314 2598 2445 2648 quas
2468 2600 2568 2650 per
2592 2587 2897 2639 Ezechiam
2919 2595 3092 2651 gesta
3119 2592 3290 2646 sunt,
3312 2590 3394 2640 ad
3422 2590 3774 2648 Redemptoris

2135 2657 2319 2707 nostri
2338 2658 2574 2721 negocia
2594 2659 3042 2710 transferamus:
3067 2662 3134 2710 ut
3152 2659 3257 2710 illo
3283 2660 3535 2723 quidem
3562 2666 3775 2717 teme

2138 2727 2499 2778 mediocriter
2532 2728 2781 2792 impleta,
2818 2730 2931 2779 sub
2967 2729 3295 2792 Evangelia
3326 2743 3473 2780 vero
3510 2730 3772 2792 ingentes

2140 2796 2403 2847 cumulos
2420 2798 2741 2860 adquisisse
2760 2799 3084 2851 videantur.
3108 2803 3313 2851 Verus
3334 2800 3564 2864 quippe
3582 2799 3771 2848 doctor

2135 2867 2381 2931 justitiie
2405 2867 2496 2918 ille
2513 2873 2621 2930 est,
2638 2869 2697 2919 in
2713 2882 2828 2932 quo
2854 2875 2996 2921 sunt
3019 2883 3233 2922 omnes
3252 2871 3520 2921 thesauri
3546 2870 3772 2931 sapien-

2144 2939 2239 2990 tia)
2262 2942 2320 2989 et
2344 2938 2602 2990 scientiae
2633 2940 2958 2991 absconditi
2984 2941 3217 3002 (Coloss.
3245 2940 3360 3004 2.):
3398 2942 3501 3004 qui
3526 2938 3765 2991 traditus

2142 3012 2230 3060 est
2260 3014 2490 3073 propter
2521 3009 2727 3061 delicta
2759 3015 2980 3070 nostra,
3012 3016 3073 3062 et
3105 3013 3503 3063 resurrexerit
3544 3015 3768 3073 propter

2137 3080 2607 3143 justiﬁcationem
2622 3087 2881 3132 nostram
2898 3082 3074 3145 (Rom.
3104 3082 3178 3142 4.)
3199 3101 3211 3129 :
3232 3083 3624 3146 utjustilicati
3646 3092 3768 3144 gra-

2068 3156 2117 3231 ρ
2146 3150 2218 3231 tis
2236 3151 2585 3231 pergratiam
2601 3152 2805 3231 ipsius,
2819 3164 2919 3231 per
2942 3152 3601 3231 redem_ptionem_,_quaa
3612 3152 3763 3229 estin

2145 3221 2366 3273 Christo
2387 3223 2417 3272 J
2424 3235 2528 3273 esu
2553 3224 2566 3282 (
2595 3223 2741 3274 Rom.
2765 3222 2816 3276 ‘2.
2844 3229 2886 3285 ),
2915 3228 2974 3274 et
2997 3235 3032 3274 a
3056 3225 3370 3276 veteribus
3396 3224 3764 3275 liberaremur

2144 3293 2449 3355 erroribus,
2478 3297 2538 3344 et
2562 3293 2667 3343 soli
2685 3294 2929 3353 justitiaa
2954 3294 3352 3345 subderemur
3385 3303 3761 3355 :omnemque

2144 3363 2490 3427 praeteritam
2509 3375 2701 3415 rerum
2717 3364 3061 3416 salutarium
3080 3366 3395 3428 penuriam
3411 3377 3565 3416 nova
3581 3362 3761 3415 fertili-

2146 3439 2263 3485 tate
2303 3433 2598 3497 pellentes,
2623 3438 2681 3485 et
2723 3435 2987 3487 doctrina
3031 3436 3445 3499 impleremur.
3490 3442 3551 3486 et
3585 3434 3760 3498 copia,

2146 3503 2450 3566 Evangelio
2473 3504 2775 3568 pollicente
2800 3524 2814 3555 :
2841 3508 3074 3564 Querite
3095 3508 3291 3571 primo
3317 3522 3553 3569 regnum
3580 3506 3694 3563 Dei,
3718 3510 3757 3551 et

2138 3574 2412 3639 justitiam
2427 3575 2560 3637 ejus,
2585 3581 2630 3622 et
2651 3576 2756 3623 haec
2770 3590 2855 3624 om
2864 3578 2963 3624 nia
2979 3586 3343 3641 apponentur
3360 3582 3411 3626 et
3433 3578 3512 3625 ad
3504 3578 3672 3639 jicien
3681 3584 3762 3624 tur

2146 3645 2289 3693 vobis
2311 3646 2520 3707 (Matth.
2542 3644 2633 3707 6.).
2653 3646 2856 3709 Sicque
2880 3660 3001 3697 non
3016 3648 3420 3701 confundetur
3439 3649 3762 3713 adquisitio-

2146 3717 2239 3767 nis
2260 3716 2508 3781 pepulus
2524 3718 2583 3767 in
2606 3718 3048 3781 sempiternum,
3068 3719 3171 3781 qui
3199 3720 3519 3771 sententiae
3534 3720 3760 3770 Redem

2146 3788 2288 3838 toris
2310 3787 2570 3838 innuitur
2595 3802 2607 3837 :
2634 3788 2765 3836 Ecce
2785 3802 2876 3849 ego
2909 3788 3191 3837 vobiscum
3213 3805 3343 3838 sum
3376 3791 3633 3839 omnibus
3656 3790 3757 3838 die-

2147 3856 2260 3915 bus,
2280 3872 2448 3920 usque
2471 3858 2544 3906 ad
2564 3859 3093 3907 consummationem
3116 3860 3286 3909 seculi
3313 3860 3494 3923 (Ibid...
3521 3859 3754 3923 ‘28.).1110

2147 3940 2282 3991 ergo
2300 3928 2443 3979 duce
2457 3931 2514 3979 in
2527 3928 2814 3980 suimedio
2838 3933 3259 3989 commorante,
3282 3931 3552 3983 ﬁdelium
3568 3934 3751 3992 agmina

2148 4012 2350 4050 secura
2371 4012 2598 4063 semper
2618 3999 2940 4062 alacriaque
2965 4001 3334 4052 consistunt:
3353 4007 3415 4053 et
3435 4015 3749 4063 quaecumque

2145 4072 2204 4122 in
2228 4071 2635 4121 certaminibus
2650 4070 2893 4121 adversa
2908 4070 3304 4135 toleraverint,
3322 4073 3495 4123 eaita
3519 4073 3745 4124 sentient

2145 4142 2433 4205 prosperis
2466 4141 2911 4193 succedentibus
2944 4143 3261 4205 antiquari,
3298 4148 3369 4194 ut
3398 4144 3473 4194 ad
3500 4143 3743 4195 laetorum

2145 4216 2371 4263 tantum
2390 4212 2950 4263 commendationem
2974 4215 3346 4277 processisse
3370 4215 3695 4266 videantur.

2207 4283 2369 4333 Vers.
2403 4281 2612 4337 28-29.
2649 4312 2708 4320 —
2741 4283 2808 4331 Et
2832 4284 2933 4331 erit
2952 4290 3077 4348 post
3103 4286 3243 4335 hac:
3275 4284 3569 4348 e/fundam
3594 4284 3744 4349 spiri-

2148 4358 2262 4402 tum
2285 4367 2466 4402 meum
2488 4370 2648 4418 super
2668 4369 2882 4403 omnem
2897 4370 3145 4415 carnem,
3170 4363 3217 4405 et
3236 4357 3645 4421 prophetabunt
3657 4356 3744 4417 ﬁlii

2144 4424 2318 4484 vestri,
2343 4429 2387 4473 et
2402 4425 2527 4489 ﬁliae
2548 4433 2757 4474 vestrae:
2786 4425 2946 4475 Senes
2970 4427 3136 4474 vestri
3150 4428 3371 4476 somnia
3386 4427 3743 4486 somniabunt,

2140 4500 2187 4543 et
2207 4509 2428 4558 Juvenes
2456 4496 2612 4544 vestri
2635 4496 2860 4544 visiones
2886 4496 3162 4547 videbunt.
3192 4496 3296 4546 Sed
3332 4503 3379 4545 et
3400 4512 3570 4562 super
3591 4512 3743 4546 servos

2071 4563 2292 4637 Dmeos
2336 4571 2381 4614 et
2421 4566 2666 4637 ancillas,
2708 4567 2771 4614 in
2810 4564 2994 4637 diebus
3041 4566 3154 4615 illis
3195 4567 3471 4630 e/I'eudam
3503 4569 3741 4631 spiritum

2150 4650 2347 4684 meum.
2376 4639 2561 4701 Hujus
2584 4636 2693 4687 loci
2711 4630 3061 4687 meminit‘in
3077 4639 3327 4689 Actibus
3353 4630 3742 4701 Apostolorum

2146 4707 2351 4758 beatus
2382 4709 2604 4769 Petrus,
2636 4706 2835 4758 dicens
2876 4708 3026 4758 hanc
3051 4708 3419 4771 prophetiam
3458 4707 3553 4759 illo
3577 4709 3743 4759 fuisse.

2144 4779 2418 4842 tempore,
2438 4792 2571 4829 cum
2588 4778 2648 4828 in
2663 4777 2970 4841 Apostolos
2986 4779 3241 4843 Spiritus
3257 4784 3496 4830 sanctus
3515 4780 3740 4831 descen-

2148 4848 2247 4904 dit,
2271 4849 2565 4913 impletam
2590 4849 2721 4909 (Act.
2746 4847 2836 4911 2.).
2864 4848 3472 4902 Animadvertendum
3496 4850 3738 4913 proinde,

2146 4919 2282 4981 quia
2309 4919 2419 4970 hoc
2457 4919 2647 4970 solum
2682 4920 2754 4971 de
2790 4924 3070 4971 contextu
3093 4922 3452 4985 prophetica!
3476 4922 3737 4972 orationis

2145 4989 2473 5055 Apostolus,
2488 4990 2646 5054 quod
2659 5003 2763 5041 suo
2779 4991 3019 5054 tempori
3035 4994 3419 5055 congruebat,
3439 4994 3736 5052 assumasrii,

2144 5145 2250 5185 nos
2274 5131 2430 5183 taciti
2460 5132 2831 5197 castigamus.

2208 5204 2230 5233 δ
2255 5203 2469 5255 Vitiose
2490 5204 2770 5255 hactenus
2784 5203 2999 5254 lectum
3015 5207 3109 5254 est
3121 5202 3356 5268 plumis,
3375 5217 3479 5268 pro
3500 5218 3611 5270 quo
3621 5205 3731 5269 plu-

2145 5275 2246 5325 viis
2269 5286 2378 5325 nos
2402 5274 2779 5326 restituimus.

2208 5355 2228 5376 °
2249 5346 2486 5397 Addunt
2508 5345 2705 5409 reliqui
2724 5344 2850 5396 libri
2874 5351 3150 5405 vescentes,
3178 5348 3340 5410 quod
3355 5349 3490 5400 etin
3513 5348 3725 5399 Hebrum

2144 5417 2384 5468 verbum
2409 5421 2655 5468 resonat.
2681 5416 2815 5466 Mox
2840 5426 2938 5471 pro
2963 5414 3107 5465 vobis
3131 5417 3259 5479 fecit
3284 5419 3582 5482 mirabilia,
3605 5418 3722 5469 Vul-

2143 5493 2277 5553 gata
2297 5488 2419 5550 fecit
2440 5487 2721 5537 mirabilia
2751 5484 3042 5547 vobiscum,
3066 5489 3270 5540 minus
3295 5495 3450 5542 recte
3473 5492 3719 5552 Hieron)"-

2142 5560 2338 5610 miana
2360 5559 2543 5610 Editio
2566 5558 2839 5607 nobiscum
2864 5556 3056 5607 habet.
3076 5558 3349 5624 Denique
3374 5560 3715 5623 subsequenti

2142 5630 2421 5681 versiculo
2444 5630 2559 5682 duo
2582 5630 2759 5680 verba
2792 5635 2838 5676 et
2862 5642 2977 5692 ego,
3007 5640 3145 5690 quae
3170 5630 3421 5684 deerant
3444 5632 3650 5684 solenni
3666 5629 3713 5680 li-

2144 5701 2458 5752 brariorum
2476 5712 2681 5764 errore,
2701 5703 2838 5750 sunt
2852 5701 3045 5749 autem
3060 5701 3118 5750 in
3138 5701 3385 5766 reliquis
3399 5703 3561 5756 libris
3577 5701 3712 5757 omni

2141 5772 2271 5833 bus,
2297 5785 2370 5824 ex
2394 5785 2591 5823 eorum
2614 5771 2954 5823 auctoritate
2971 5784 3039 5821 su
3050 5771 3341 5825 (fecimus.
