3866 6206
57 368 205 422 1049
1288 370 1362 420 ΙΝ
1396 368 1570 420 JOEL
1604 366 1703 419 C01

1815 368 2191 420 ENTARIUS.
3256 364 3401 419 1050

58 483 106 533 id
127 483 1043 549 est.Eﬂ‘undamspiritummcum
1057 498 1220 548 super
1233 497 1448 531 omnem
1463 496 1700 555 carnem,
1728 484 1783 555 Α
1808 485 1931 555 pter
1960 481 2068 555 hoc
2095 493 2247 555 ergo
2272 480 2353 555 eis
2398 482 2721 555 misericors
2758 482 3037 555 Dominus
3082 479 3405 544 pollicetur,

58 561 91 602 τι
120 555 559 616 praphetabunt
589 556 695 617 ﬁlii
728 557 903 616 vestri,
929 562 974 604 et
1006 556 1131 617 ﬁlia:
1159 560 1353 604 vestrae.
1381 555 1525 614 Quia
1548 551 1703 603 enim
1728 550 1783 555 ““
1805 553 1939 615 quia
1956 552 2221 603 tristibus
2239 553 2298 602 in
2317 550 2453 603 lata
2471 553 2952 609 mutatis,damna
2969 564 3202 615 quoque
3222 562 3407 614 penu-

57 625 424 685 .inguarum
442 627 743 678 scientiam
760 625 1021 690 Apostoli
1040 626 1268 679 fuerant
1284 624 1562 675 miraculo
1575 635 1707 673 con-
1805 624 1905 675 ria
1931 622 2326 686 suppleantur.
2346 624 2452 674 Sed
2471 637 2642 686 quam
2666 625 2869 676 seriem
2890 638 2949 676 re
2959 636 3085 674 rum
3103 626 3159 674 et
3176 626 3402 685 tempo-

55 695 281 756 secuti,
303 697 651 752 pra-dictam
668 697 818 748 hanc
828 697 1169 748 effusionem
1183 695 1421 757 spiritus
1434 693 1704 745 Ecclesia
1804 707 1936 745 rum
1962 694 2171 754 fecerit,
2188 693 2507 746 audiamus.
2529 695 2828 757 E/rundam
2844 695 3103 759 spiritum
3119 707 3298 741 meum
3318 706 3407 739 su-

55 765 276 815 doctor
290 767 582 832 ostendit,
600 772 658 818 et
673 767 1033 832 prophetiam
1048 766 1359 830 appellavit
1374 765 1705 829 linguarum
1804 780 1900 829 per
1924 780 2137 813 omnem
2154 780 2393 825 carnem,
2418 772 2463 813 et
2485 765 2875 829 prophetubuut
2897 765 3002 824 ﬁlii
3018 764 3193 823 vestri,
3211 768 3255 811 et
3272 762 3397 822 ﬁliae

56 836 427 888 scientiam:
452 851 584 901 qua
604 843 662 888 et
679 838 856 889 sinon
873 838 944 889 de
956 838 1186 894 futuris,
1208 837 1309 888 sed
1328 837 1399 887 de
1416 838 1706 885 recentibus
1807 840 2002 895 vestra,
2019 851 2161 884 senes
2179 836 2333 886 vestri
2349 836 2565 885 somnia
2580 835 2944 893 somniabunt,
2962 834 3235 897 etjuvenes
3246 834 3405 881 vestri

56 907 411 959 Dominica
426 909 838 959 incarnationis
856 908 1146 971 mysteriis
1158 908 1497 973 disputaret.
1514 912 1706 957 tamen
1807 907 2036 955 visiones
2056 907 2323 956 videbunt.
2351 908 2453 957 Sed
2475 911 2519 955 et
2534 921 2695 970 super
2708 921 2877 953 servos
2897 911 2939 954 et
2958 905 3183 953 ancillas
3200 905 3259 952 in
3288 903 3405 952 die-

55 988 181 1026 non
206 977 336 1029 nisi
362 980 578 1030 virtute
605 980 791 1030 sancti
816 980 1061 1041 Spiritus
1088 978 1442 1041 contigisset.
1472 979 1704 1039 Nequa-
1808 976 1903 1025 bus
1928 978 2036 1027 illis
2058 979 2339 1042 effundam
2360 980 2617 1043 spiritum
2633 992 2833 1035 meum,
2857 982 2901 1024 et
2918 975 3052 1024 dabo
3075 975 3327 1039 prodigia
3346 976 3401 1021 in

56 1060 251 1110 quam
280 1062 432 1101 vero
458 1050 638 1101 solam
658 1051 1010 1101 mentionem
1034 1050 1317 1101 donorum
1354 1048 1557 1099 fecisse
1574 1060 1707 1099 con-
1808 1048 1926 1097 calo
1954 1063 2193 1099 sursum.
2231 1049 2562 1114 Prophetico
2584 1060 2794 1110 nempe
2836 1059 2931 1097 ore
2960 1047 3241 1097 instructa
3274 1058 3408 1110 pro-

59 1124 301 1183 tentus,
322 1121 460 1184 subj
472 1121 633 1185 ungit
649 1122 823 1172 etiam
839 1119 939 1172 illa
955 1132 1087 1185 qua
1105 1121 1176 1171 ad
1194 1130 1461 1184 pompam
1476 1118 1706 1170 terroris
1807 1118 2028 1172 missio.
2046 1121 2187 1170 Nam
2201 1126 2507 1184 postquam
2524 1120 2661 1170 vita
2672 1117 3289 1185 prasentiscommoda
3300 1130 3413 1175 per-

57 1183 451 1253 aspicerent.
558 1183 575 1185 ί
974 1183 987 1185 ’
1198 1183 1207 1184 ί
1338 1183 1342 1184 ⁷
1809 1191 2080 1253 cucurrit,
2101 1183 2376 1255 spiritalia
2380 1190 2858 1254 junxitinsignia,
2882 1189 3092 1252 quibus
3105 1183 3284 1254 496
3301 1188 3413 1236 uti-

130 1263 310 1311 Vers.
342 1262 437 1316 30.
466 1261 551 1316 31.
585 1289 648 1299 —
671 1261 818 1311 Dabo
841 1262 1098 1327 prodigia
1131 1262 1192 1310 in
1215 1260 1352 1320 caelo,
1378 1265 1422 1309 ct
1456 1260 1516 1308 in
1540 1265 1705 1315 terra,
1810 1274 1924 1323 que
1948 1260 2192 1325 populus
2215 1262 2318 1313 Dei
2344 1262 2629 1324 pracipue
2657 1260 3023 1324 gloriabatur.
3042 1261 3415 1318 Consequentur

59 1333 444 1395 sanguinem,
467 1339 513 1381 et
533 1333 731 1397 ignem,
756 1338 800 1382 et
822 1348 1072 1398 vaporem
1088 1333 1251 1396 fumi.
1268 1331 1359 1381 Sol
1373 1336 1707 1379 convertatur
1808 1332 2005 1395 itaque
2030 1331 2342 1396 pollicetur,
2368 1333 2500 1395 quia
2520 1336 2729 1396 prater
2750 1332 2876 1385 ista,
2896 1335 2961 1380 ut
2984 1328 3241 1379 diximus
3256 1363 3270 1388 ,
3289 1338 3414 1377 cor-

62 1400 127 1449 in
163 1401 447 1460 tenebras,
472 1408 517 1452 et
547 1403 709 1452 Luna
745 1404 808 1451 in
828 1405 1176 1467 sanguinem,
1202 1408 1501 1466 antequam
1525 1402 1707 1452 veniat
1810 1403 2024 1467 poralia
2047 1403 2213 1461 bona,
2235 1402 2649 1453 revelationum
2676 1414 2905 1465 quoque
2930 1401 3047 1451 sint
3069 1401 3411 1450 ornamenta

68 1472 184 1522 dies
201 1474 450 1523 Domini
464 1489 701 1537 magnus
717 1478 763 1523 et
786 1475 1091 1524 horribilis:
1114 1480 1158 1522 et
1180 1473 1359 1523 omnis
1377 1473 1473 1532 qui
1488 1472 1709 1521 invoca-
1810 1474 2048 1538 capturi,
2066 1479 2124 1525 et
2136 1473 2479 1537 spiritalium
2495 1473 2775 1523 donorum
2787 1471 3207 1521 abundantiam
3219 1478 3419 1519 conse-

70 1545 210 1591 verit
230 1559 445 1592 nomen
468 1545 706 1605 Domini,
725 1544 903 1593 salvus
921 1546 1040 1594 erit.
1056 1547 1256 1607 Itaque
1274 1547 1393 1593 toto
1410 1544 1707 1592 continuam
1811 1549 2082 1608 quantur.
2102 1547 2249 1607 Ergo
2266 1544 2419 1607 quod
2436 1544 2533 1603 ait,
2553 1542 2855 1606 Effundam
2866 1544 3121 1605 spiritum
3138 1554 3319 1589 meum
3331 1553 3417 1587 su-

73 1615 174 1665 illo
202 1616 469 1667 suadere
494 1617 741 1673 festinat,
764 1616 912 1679 quod
939 1629 1071 1667 cum
1100 1612 1276 1683 495
1307 1615 1430 1665 dies
1455 1614 1681 1665 Domini
1807 1631 1905 1679 per
1927 1630 2142 1664 omnem
2171 1628 2412 1673 carnem,
2436 1618 2495 1664 et
2519 1619 2831 1676 utrumque
2856 1625 3081 1669 sexum,
3112 1615 3174 1683 et
3193 1609 3410 1683 variam

73 1685 132 1735 id
152 1690 273 1747 est,
290 1690 539 1749 tempus
554 1685 949 1748 ultimijudicii
966 1699 1099 1737 cum
1114 1679 1272 1736 tanta
1294 1686 1371 1737 sit
1384 1685 1640 1749 potentia
1655 1692 1710 1736 et
1812 1686 2153 1751 significavit
2167 1689 2417 1737 atatem.
2436 1683 2697 1747 Denique
2714 1684 2993 1747 sequitur,
3006 1679 3414 1744 PrOphctabunt

72 1756 313 1818 fragore
332 1762 673 1815 venturum,
688 1762 752 1807 ut
769 1756 1187 1821 trepidantibus
1200 1759 1543 1817 perculsisque
1566 1759 1709 1805 side-
1811 1758 1915 1820 ﬁlii
1939 1758 2116 1819 vestri,
2152 1762 2211 1805 eL
2220 1756 2344 1819 ﬁliae
2367 1760 2543 1803 vestrae
2569 1771 2579 1802 :
2616 1760 2662 1803 et
2682 1769 2826 1803 senes
2850 1753 3007 1802 vestri
3029 1752 3247 1801 somnia
3268 1764 3414 1821 som-

76 1828 267 1913 ribus,
286 1828 569 1908 machina
589 1828 699 1878 ista
722 1820 882 1879 velut
896 1829 1209 1913 combusta
1223 1828 1486 1913 dissiliat,
1503 1841 1569 1878 ac
1590 1827 1712 1878 sola
1738 1840 1795 1913 Β
1814 1828 2064 1887 niabunt,
2098 1833 2146 1876 et
2173 1828 2393 1913 juvenes
2428 1826 2586 1876 vestri
2615 1826 2843 1913 visiones
2865 1823 3134 1886 videbunt,
3157 1820 3412 1874 Diversis

77 1897 228 1948 fides
255 1898 338 1949 sit
361 1911 501 1960 qua
515 1900 750 1963 agmina
767 1900 1011 1963 piorum,
1030 1899 1250 1949 mundo
1268 1899 1603 1955 collabente,
1623 1904 1712 1949 tu-

77 1972 276 2020 tetur:
314 1969 533 2021 debere
557 1968 685 2020 illos
708 1968 1022 2033 Evangelio
1063 1970 1315 2032 credere,
1342 1970 1389 2019 si
1415 1969 1716 2032 pervenire

81 2042 329 2104 cupiant
355 2042 434 2092 ad
460 2041 727 2092 salutem.
749 2042 893 2103 Quia
916 2053 1054 2104 ergo
1078 2053 1190 2091 non
1209 2039 1559 2103 explanandi
1584 2052 1717 2103 pro-

82 2113 299 2177 pheta,
336 2111 448 2163 sed
475 2111 826 2175 pradicandi
845 2111 1147 2172 Evangelii
1175 2124 1371 2163 curam
1396 2111 1602 2161 beatus
1620 2112 1717 2160 Pe-

86 2187 213 2234 trus
232 2188 602 2246 susceperat,
622 2185 849 2233 tantum
866 2195 941 2234 ex
958 2181 1129 2233 dictis
1150 2183 1280 2245 ejus
1304 2186 1587 2246 quantum
1602 2181 1713 2235 sibi

88 2254 483 2315 conducebat,
509 2255 749 2318 arripuit
773 2270 785 2304 :
811 2266 918 2305 nec
947 2266 1047 2318 per
1070 2254 1179 2304 hoc
1205 2253 1407 2316 utique
1437 2251 1593 2303 illam
1617 2266 1716 2303 ex-

91 2323 514 2387 planationem,
541 2336 716 2387 quam
742 2324 875 2376 facit
894 2329 1225 2387 contextus,
1250 2320 1563 2386 prophetici
1588 2337 1721 2387 ope-

91 2395 170 2445 ris
181 2396 512 2458 abrogavit.
528 2396 692 2457 Quod
701 2396 831 2446 ideo
845 2396 1092 2446 breviter
1101 2395 1503 2458 admonemus,
1517 2399 1585 2446 ut
1597 2394 1716 2447 illo-

91 2478 220 2516 rum
256 2466 599 2529 repudietur
633 2475 650 2495 ·
682 2466 939 2528 audacia,
968 2466 1067 2529 qui
1099 2469 1313 2517 temere
1338 2466 1715 2530 imperiteque

91 2548 197 2586 con
206 2537 488 2600 tendunt,
502 2538 610 2588 hoc
622 2535 809 2588 solum
822 2542 1051 2601 tempus
1064 2549 1098 2588 a
1112 2536 1711 2600 prophetaindicatum

95 2605 293 2668 fuisse,
331 2607 412 2658 de
450 2620 565 2670 quo
602 2610 803 2659 Petrus
839 2609 1154 2672 Apostolus
1189 2607 1545 2671 disputavit:
1578 2620 1710 2659 cum

93 2678 304 2741 Operis,
324 2678 593 2741 inquam,
620 2683 739 2730 tota
754 2679 1046 2730 contextio
1068 2679 1248 2742 primo
1271 2677 1712 2742 populiJudao—

93 2761 244 2812 rum,
263 2750 549 2813 deinceps
564 2763 698 2802 vero
714 2756 913 2801 nostra
934 2752 1193 2814 tempora
1216 2751 1381 2812 quasi
1407 2750 1708 2801 cumulum

94 2819 297 2871 doceat
326 2821 482 2884 [Aut.
509 2820 799 2885 doceatur]
818 2821 1084 2884 amplecti
1122 2820 1281 2871 Sicut
1302 2833 1435 2883 ergo
1453 2833 1565 2871 non
1592 2821 1713 2872 offl-

94 2891 171 2941 cit
218 2892 578 2954 signiﬁcatui
616 2893 949 2957 prophetico
976 2930 988 2953 ,
1028 2891 1100 2942 ad
1146 2891 1436 2953 Evangelii
1471 2892 1709 2954 negocia

98 2962 524 3024 transferendo,
547 2963 699 3026 quod
718 2962 1015 3013 historiam
1030 2960 1332 3013 Judaicam
1349 2966 1533 3013 totum
1553 2962 1709 3014 volu-

98 3044 233 3084 men
248 3034 616 3097 exsequitur:
639 3034 717 3084 ita
733 3034 907 3085 etiam
922 3032 1039 3083 imo
1054 3032 1225 3093 longe
1241 3033 1428 3093 magis
1451 3033 1606 3096 apud
1622 3033 1706 3086 le-

99 3106 313 3161 ctorem
334 3105 626 3156 duntaxat
640 3104 948 3167 eruditum,
965 3116 1266 3166 nunquam
1288 3104 1495 3155 sinitur
1517 3117 1711 3157 conse-

100 3178 339 3235 quentia
354 3177 528 3226 fidem
544 3188 773 3239 negare,
793 3176 840 3225 si
852 3187 967 3238 qua
977 3174 1312 3239 pradicatio
1324 3189 1395 3225 ex
1409 3177 1716 3241 Gentibus,

99 3256 329 3308 quoque
352 3246 712 3297 credentium
735 3250 907 3309 queat
926 3247 1182 3309 negociis
1206 3245 1495 3309 applicari.

163 3317 484 3368 Videamus
496 3330 651 3381 ergo,
665 3317 1153 3381 quemadmodum
1175 3322 1337 3367 tenor
1349 3318 1518 3381 quasi
1530 3318 1708 3372 histo-

102 3386 233 3437 rica
255 3388 686 3450 explanationis
722 3387 965 3439 incedat.
994 3388 1110 3439 Sub
1142 3388 1310 3438 beato
1336 3401 1544 3454 nempe
1568 3393 1710 3443 Eze-

105 3457 231 3508 chia
243 3466 513 3511 sanctum
531 3458 791 3510 Jobelem
804 3471 905 3523 pro
912 3458 1179 3521 phetasse
1192 3458 1541 3522 colligimus:
1560 3467 1710 3522 cujus

107 3528 255 3591 regis
280 3534 475 3588 atate,
493 3535 552 3581 et
574 3530 767 3593 gravia
791 3529 1046 3579 institere
1072 3530 1403 3591 certamina,
1431 3534 1486 3583 et
1502 3532 1707 3591 ingen-

107 3598 182 3648 tia
203 3599 503 3651 miracula.
530 3602 688 3651 Inter
703 3604 945 3651 cateras
968 3604 1164 3651 autem
1180 3600 1392 3664 clades,
1418 3602 1631 3663 quibus
1650 3608 1708 3655 et

106 3668 302 3721 decem
321 3671 534 3721 Tribus
551 3682 740 3733 usque
753 3671 825 3721 ad
842 3669 1275 3721 translationem
1289 3669 1709 3735 legunturaﬁli-

106 3745 231 3801 cta,
248 3741 549 3793 nonnulla
566 3741 844 3797 civitates,
859 3741 969 3791 deJ
979 3741 1108 3792 uda
1125 3753 1357 3803 quoque
1373 3746 1432 3793 et
1447 3747 1704 3804 Benjamln

107 3813 376 3875 sortibus,
403 3816 768 3863 corruerunt:
789 3812 989 3862 morbo
1012 3824 1243 3875 quoque
1264 3812 1594 3877 J,udaos,et
1607 3828 1707 3879 pe-

103 3882 265 3932 nuria
287 3882 586 3933 laborasse
610 3881 1111 3944 deprehendimus.
1138 3883 1413 3945 Denique,
1447 3897 1579 3934 cum
1597 3887 1709 3936 Ra-

106 3964 307 4014 psaces
326 3953 717 4016 alloqueretur
737 3954 1030 4013 obsessos,
1049 3957 1106 4003 et
1126 3953 1495 4005 denunciaret
1512 3956 1709 4007 interi-

110 4026 247 4077 tum.
274 4024 391 4075 nisi
413 4024 536 4087 regi
560 4024 797 4086 Assyrio
822 4036 884 4074 se
908 4024 1173 4086 protinus
1207 4023 1523 4086 dedissent,
1556 4026 1708 4078 male.

107 4105 333 4157 quoque
348 4096 435 4147 eis
452 4095 617 4146 famis
632 4107 699 4145 ac
715 4093 843 4144 sitis
862 4093 1157 4145 toleranda
1173 4095 1475 4157 promittit.
1494 4099 1564 4148 Et
1576 4111 1707 4161 pro-
1733 4158 1740 4167 Ι

169 4242 185 4261 ⁸
211 4234 382 4285 Haud
400 4235 536 4296 scio,
560 4246 702 4285 num
723 4245 973 4297 magnus
998 4232 1387 4296 Hieronymus
1401 4235 1611 4287 Rufino
1630 4238 1703 4288 ab

107 4304 247 4368 ipso,
277 4319 462 4369 quum
486 4318 733 4358 summa
755 4305 1007 4356 invicem
1024 4306 1571 4371 essentinimicitia,
1596 4308 1706 4359 ini-

109 4375 275 4437 quius
298 4376 495 4428 haberi
526 4377 731 4441 potuit,
765 4380 941 4437 atque
976 4376 1170 4426 acrius
1193 4376 1551 4440 reprehendi.
1578 4380 1706 4440 Ipse

107 4446 400 4498 enimvero
423 4452 531 4510 est,
556 4459 729 4510 quem
755 4447 978 4507 Noster,
1012 4450 1078 4496 ut
1108 4457 1263 4510 sape
1287 4446 1431 4498 alias
1455 4448 1704 4512 sugillat,

108 4513 184 4564 ita
206 4530 362 4568 nunc
382 4518 639 4569 audacia
666 4516 999 4567 temeritatis
1021 4521 1194 4580 atque
1214 4518 1513 4582 imperitia
1536 4533 1707 4573 accu-

110 4590 221 4635 sat:
251 4587 536 4651 siquidem
554 4589 677 4652 ipse
691 4587 844 4639 idem
866 4591 973 4651 est,
992 4588 1089 4650 qui
1107 4593 1286 4640 totam
1311 4591 1705 4653 PrOpheticam

108 4661 449 4710 sententiam
462 4659 535 4710 ad
548 4663 825 4723 reparata
842 4671 943 4723 per
954 4659 1245 4711 Christum
1264 4661 1469 4713 salutis
1488 4670 1707 4724 tempora

109 4730 164 4775 et
193 4728 381 4784 refert.
421 4734 478 4781 et
500 4730 857 4782 referendam
892 4730 1154 4794 pluribus
1187 4733 1499 4785 contendit.
1526 4734 1707 4794 Quum

111 4796 292 4860 igitur,
315 4800 521 4864 inquit,
549 4801 737 4850 Petrus
772 4800 865 4849 illo
889 4804 1137 4865 tempore,
1160 4818 1267 4867 quo
1296 4819 1487 4868 passus
1506 4811 1577 4854 est
1598 4806 1708 4855 Do-

108 4868 305 4930 minus,
319 4872 661 4935 prophetiam
670 4871 786 4921 Joel
796 4872 1071 4935 impletum
1083 4887 1186 4922 esse
1196 4882 1466 4936 memoret,
1484 4877 1581 4927 hoc
1593 4883 1710 4926 tan-

115 4942 221 4987 tum
246 4943 557 5003 quaerimus,
580 4943 847 5007 quomodo
863 4947 909 4990 et
930 4944 1212 5007 superiora
1237 4951 1283 4995 et
1304 4948 1500 5007 media,
1526 4954 1574 4997 et
1589 4964 1708 5013 qua

113 5017 408 5071 sequuntur
422 5028 591 5078 usque
604 5014 677 5062 ad
691 5015 855 5077 finem
871 5013 1166 5063 voluminis
1180 5015 1283 5064 sibi
1301 5018 1514 5067 valeant
1531 5020 1707 5069 cohae-

112 5093 241 5142 rere,
264 5088 372 5135 etc.
401 5084 614 5136 Relatis
637 5084 845 5135 deinde
870 5084 1116 5148 singulis
1138 5098 1238 5149 per
1259 5088 1518 5140 ordinem
1542 5090 1702 5149 locis,

113 5164 147 5223 (ξ
156 5153 426 5216 principio
448 5170 618 5219 usque
628 5156 701 5204 ad
718 5171 840 5204 eum
855 5154 947 5203 ubi
960 5156 1224 5219 scriptum
1238 5166 1329 5218 est,
1345 5161 1579 5223 Magnus
1594 5162 1705 5212 dies

114 5219 329 5298 Domini
344 5231 389 5274 et
405 5225 675 5290 terribilis,
693 5231 822 5288 etc.,
840 5230 1012 5289 atque
1024 5228 1232 5280 exinde
1243 5219 1511 5293 usquead
1523 5232 1701 5298 hunc,

116 5288 407 5369 [Effundam
431 5298 493 5346 de
514 5288 716 5361 spiritu
738 5313 852 5347 meo
882 5288 1044 5365 super
1067 5315 1283 5351 omnem
1305 5288 1543 5365 carnem,
1570 5288 1699 5368 etc.,

115 5361 304 5427 videri,
316 5367 413 5428 ait,
427 5370 629 5416 sibimet
639 5361 1161 5429 propositumvtemtum
1174 5387 1402 5422 servasse
1416 5361 1698 5424 sermonis:

113 5430 246 5506 Qua}
258 5443 596 5502 sequuntur,
619 5442 865 5500 tametsi,
881 5443 1035 5505 quod
1050 5443 1288 5494 minime
1306 5445 1429 5506 ipse
1440 5446 1700 5504 difﬂtetur,

114 5502 273 5578 paulo
286 5507 617 5564 difficiliora.
632 5514 859 5575 coaptat
872 5502 1083 5578 tamen,
1101 5528 1163 5565 os
1174 5502 1473 5576 tendi—tque
1486 5527 1557 5564 ex
1574 5502 1698 5578 ipso

113 5570 439 5647 Judaorum
471 5592 667 5639 sensu,
691 5570 808 5644 qua
826 5570 1096 5647 promissa
1116 5591 1263 5643 sunt,
1282 5585 1343 5632 in
1361 5570 1572 5633 Christo
1594 5570 1700 5635 esse

113 5645 444 5719 90mplenda:
469 5651 526 5699 id
550 5651 662 5713 hoc,
685 5645 970 5715 inquiens,
996 5655 1373 5705 tantummodo
1389 5655 1697 5719 discrepan-

117 5714 199 5791 τιξε,
223 5720 363 5777 quod
385 5722 467 5770 illi
488 5721 681 5783 futura
699 5714 1045 5792 contendunt,
1068 5741 1165 5776 nos
1171 5726 1294 5790 jam
1314 5726 1461 5787 facta
1477 5714 1697 5775 convin-

116 5794 297 5860 cimus.
321 5793 479 5844 Adeo
502 5798 559 5844 et
573 5799 837 5857 portenta
856 5795 951 5847 illa
965 5797 1090 5849 cali
1114 5802 1399 5860 terraque
1420 5809 1487 5847 eo
1503 5796 1691 5849 refert.

120 5852 173 5900 In
212 5860 348 5922 caelo,
384 5852 591 5927 inquit,
622 5867 756 5930 quia
802 5866 892 5916 Sol
927 5874 997 5916 est
1036 5883 1213 5917 versus
1250 5852 1323 5916 in.
1356 5867 1609 5928 tenebras,
1649 5876 1695 5918 et

1819 1899 2083 1952 videlicet
2098 1898 2513 1949 revelationum
2532 1896 2849 1960 speciebus,
2874 1908 2941 1947 ea
2957 1906 3087 1958 qua
3104 1899 3223 1942 sunt
3238 1899 3415 1941 ventu-

1818 1983 1883 2022 ra
1911 1971 2282 2035 conspicient.
2312 1969 2414 2018 Sed
2446 1973 2491 2017 et
2512 1982 2673 2032 super
2699 1982 2888 2027 servos,
2915 1972 2960 2016 et
2984 1965 3212 2014 ancillas
3235 1962 3415 2027 effun-

1819 2042 1948 2091 dam
1971 2042 2229 2106 spiritum
2254 2054 2451 2100 meum,
2466 2039 2524 2091 id
2542 2043 2646 2099 est,
2665 2039 2737 2089 ab
2754 2039 2844 2089 his
2860 2036 3184 2089 sanctitatis
3201 2036 3416 2094 insigni-

1818 2114 1930 2164 bus
1954 2114 2105 2165 sicut
2121 2112 2280 2164 nulla
2301 2116 2467 2173 atas,
2489 2112 2569 2162 ita
2584 2124 2692 2161 nec
2708 2110 2980 2171 conditio,
3000 2120 3130 2173 qua
3151 2106 3283 2158 vilis
3308 2119 3411 2169 pu-

1819 2190 1992 2245 tatur,
2011 2184 2365 2236 excludetur.
2385 2185 2669 2234 Caterum
2682 2185 2741 2233 et
2757 2182 2813 2232 in
2832 2194 3050 2239 servos,
3066 2180 3114 2230 si
3129 2179 3412 2230 donorum

1820 2257 2021 2307 talium
2053 2256 2427 2306 inveniuntur
2464 2265 2725 2317 capaces,
2765 2264 2929 2303 sacra
2962 2252 3089 2303 hac
3110 2248 3414 2301 inundatio

1818 2326 2179 2378 commeabit.
2206 2326 2411 2377 Omnia
2426 2325 2576 2375 beati
2593 2323 2849 2375 Ezechia
2869 2322 3241 2387 temporibus,
3267 2321 3416 2380 quasi

1817 2398 2001 2463 primo
2018 2398 2489 2460 duntaxatgradu
2504 2395 2772 2446 dicuntur
2783 2393 3092 2458 implenda.
3106 2392 3250 2454 Quia
3261 2389 3415 2441 enim

1816 2469 2221 2533 ingruentibus
2250 2467 2517 2532 periculis
2541 2468 2599 2518 in
2623 2479 2826 2531 graves
2855 2471 2946 2517 est
2969 2466 3291 2533 coarctatus
3313 2472 3418 2533 an-

1816 2530 2061 2604 gustias,
2076 2546 2134 2592 et
2146 2530 2346 2591 contra
2359 2551 2522 2601 spem
2539 2530 2860 2590 vicinarum
2877 2536 3137 2601 gentium
3156 2532 3277 2584 sola
3287 2530 3418 2583 reli-

1814 2612 1986 2675 gione
2009 2612 2298 2673 defensus,
2316 2610 2443 2660 ideo
2464 2614 2694 2673 tempus
2711 2610 2899 2672 ipsum
2924 2620 3056 2658 cum
3072 2613 3417 2675 magnoam-

1814 2672 1958 2745 bitu,
1980 2686 2039 2733 et
2054 2682 2161 2731 sub
2178 2672 2298 2744 pari
2316 2672 2610 2731 schemate
2626 2680 2905 2744 propheta
2920 2676 3207 2735 describit,
3227 2672 3302 2724 ad
3323 2683 3417 2721 ex-

1811 2753 2171 2818 primendam
2206 2751 2479 2802 nimirum
2504 2751 2820 2815 potentiam
2854 2749 2973 2808 Dei,
3010 2748 3177 2811 cujus
3211 2756 3317 2818 ope
3343 2754 3416 2793 ex

1812 2813 1972 2875 tanto
1995 2824 2211 2874 diluvio
2228 2823 2433 2874 civitas
2454 2813 2737 2886 potuisset
2751 2830 3059 2882 emergere.
3082 2813 3413 2868 Secundum

1811 2907 1985 2957 quem
2002 2892 2813 2956 sensum,ordinatanimirum
2839 2890 2989 2941 vatis
3016 2890 3170 2936 nostri
3192 2887 3420 2957 cucurrit

1810 2956 2009 3018 oratio.
2026 2968 2167 3017 Nam
2186 2968 2393 3029 prater
2408 2963 2861 3017 consolationem
2876 2958 3240 3011 redeuntium
3251 2956 3415 3015 copia-

1809 3050 1957 3097 rum,
1983 3037 2156 3089 etiam
2174 3038 2326 3087 dona
2350 3035 2610 3098 Spiritus,
2634 3033 2692 3085 id
2716 3038 2822 3096 est,
2847 3030 3257 3083 revelationum
3280 3037 3408 3098 pro-

1821 3095 1978 3159 misit
1993 3108 2258 3171 insignia,
2276 3095 2486 3170 quibus
2502 3106 2594 3157 ille
2609 3103 2858 3169 populus
2873 3102 2945 3153 ad
2962 3102 3142 3153 Deum
3161 3095 3414 3171 speciali-

1821 3185 1907 3232 ter
1927 3166 2214 3244 pertinere
2241 3166 2575 3242 proderetur
2598 3166 2701 3227 ξεί
2728 3174 2853 3225 ideo
2876 3173 3107 3244 deberet
3131 3172 3283 3244 inter
3311 3166 3411 3244 ad-

1730 3249 1780 3324 C
1810 3239 1976 3324 versa
1989 3239 2293 3324 confidere,
2308 3246 2776 3324 quandoquidem
2790 3257 2907 3295 non
2919 3241 3101 3324 possit
3115 3239 3208 3292 vili
3216 3240 3411 3324 tertiis-

1806 3323 2007 3388 perire,
2034 3321 2131 3384 qui
2147 3333 2312 3372 carus
2328 3310 2447 3370 Deo
2464 3330 2677 3382 perque
2700 3316 2872 3367 etiam
2892 3313 3177 3379 pretiosus
3194 3310 3411 3388 existe-

1809 3383 1911 3445 ret.
1938 3383 2070 3456 Ipso
2087 3395 2279 3442 autem
2298 3390 2368 3441 de
2387 3402 2499 3452 quo
2521 3388 2810 3451 loquimur
2825 3389 3139 3456 attestante
3150 3383 3407 3456 propheta,

1808 3452 2133 3527 colligimus
2148 3462 2321 3512 etiam
2336 3459 2578 3510 somniis
2591 3457 2809 3522 aliquid
2828 3456 2996 3520 quasi
3028 3452 3349 3527 minoribus
3364 3455 3411 3527 et

1808 3523 2185 3585 familiaribus
2200 3529 2632 3593 oraculis,quod
2649 3529 2721 3580 ad
2736 3526 3155 3580 consolandum
3172 3523 3410 3584 valeret,

1810 3605 1987 3657 fuisse
2001 3607 2409 3654 monstratum.
2429 3603 2606 3665 Cujus
2617 3600 2726 3652 loci
2739 3612 2878 3651 sane
2889 3597 3210 3658 occasione,
3222 3595 3411 3665 distinf

1802 3676 2102 3739 guendum
2127 3674 2353 3725 videtur
2377 3663 2531 3736 quod
2556 3673 2618 3723 in
2642 3669 3087 3723 Deuteronomio
3114 3668 3271 3730 (Cap.
3302 3663 3411 3739 18.)

1805 3735 2072 3811 legimus,
2108 3745 2165 3797 id
2196 3748 2305 3807 est,
2335 3735 2410 3795 ne
2430 3743 2671 3795 somniis
2695 3742 3079 3811 crederemus.
3112 3735 3409 3811 Quomodo

1807 3810 1961 3870 enim
1985 3831 2142 3869 nunc
2172 3816 2397 3868 somnia
2421 3815 2495 3866 ad
2520 3815 2705 3865 sancti
2721 3814 2965 3878 Spiritus
2989 3810 3141 3861 dona
3156 3810 3408 3861 referun-

1807 3895 1921 3953 tur,
1955 3890 2005 3940 si
2026 3889 2141 3940 illic
2170 3888 2253 3939 eis
2284 3886 2520 3951 penitus
2551 3886 2695 3936 fides
2727 3885 3001 3945 abrogata
3034 3880 3365 3953 crederetur
3385 3880 3412 3929 τ

1806 3952 1968 4012 Unde
1984 3961 2235 4023 apparet,
2260 3970 2393 4009 cum
2411 3962 2660 4017 utraque
2686 3955 2759 4005 sit
2786 3956 2907 4017 pari
2924 3952 3263 4003 auctoritate
3281 3963 3406 4001 sen-

1807 4032 2003 4085 tentia.
2026 4030 2337 4081 discrimen
2353 4028 2593 4078 rationis
2613 4025 3026 4087 adhibendum,
3038 4036 3106 4075 ac
3118 4024 3167 4073 si
3185 4036 3411 4083 persona

1808 4099 2151 4151 somniantis
2168 4109 2376 4148 caussa
2391 4096 2747 4159 congruerit:
2775 4098 2841 4144 ut
2856 4094 3003 4145 sicut
3017 4092 3114 4143 illa
3137 4092 3410 4140 reverenda

1805 4244 1966 4293 Luna
1980 4241 2041 4289 in
2054 4239 2406 4303 sanguinem:
2422 4238 2657 4297 interra,
2676 4236 2811 4301 quia
2824 4240 2937 4284 tam
2952 4233 3251 4283 vehementi
3265 4238 3312 4282 et
3328 4233 3414 4280 in-

1803 4314 1957 4363 solito
1974 4316 2123 4361 motu
2141 4317 2283 4359 terra
2299 4308 2640 4370 contremuit,
2664 4313 2722 4356 ut
2745 4309 3101 4355 monumenta
3126 4308 3333 4367 aperta,
3359 4307 3406 4351 et

1804 4399 1943 4433 saxa
1966 4382 2219 4445 disrupta
2240 4380 2370 4431 sint.
2396 4381 2464 4431 Et
2487 4382 2618 4443 post
2648 4376 2961 4439 aliquanta,
2988 4374 3078 4424 Sol
3100 4388 3312 4438 quoque
3335 4378 3407 4422 est

1806 4469 1985 4503 versus
2010 4454 2070 4502 in
2089 4451 2347 4511 tenebras,
2365 4450 2587 4514 quando
2602 4449 2913 4513 pendentem
2929 4446 3231 4496 Dominum
3241 4458 3401 4493 suum

1806 4525 1982 4573 videre
2004 4538 2117 4572 non
2140 4537 2309 4571 ausus
2330 4526 2432 4580 est;
2448 4525 2493 4569 et
2518 4520 2674 4569 Luna
2698 4518 2761 4566 in
2774 4517 3119 4579 sanguinem,
3139 4514 3286 4580 quod
3309 4521 3406 4564 aut

1798 4596 1966 4659 juxta
1991 4594 2275 4643 historiam
2312 4592 2518 4655 factum
2540 4605 2644 4649 esse
2668 4588 2969 4649 credamus,
2997 4593 3042 4637 et
3068 4585 3134 4636 ab
3156 4586 3407 4659 Evange-

1809 4656 1942 4717 listis
1956 4665 2167 4715 silentio
2185 4662 2624 4727 praetermissum,
2647 4674 2814 4724 neque
2835 4660 2982 4708 enim
2998 4658 3189 4707 omnia
3204 4672 3322 4722 qua
3335 4656 3406 4719 fe-

1809 4739 1879 4789 cit
1900 4738 2070 4792 Jesus,
2099 4736 2302 4798 scripta
2322 4734 2653 4796 referuntur,
2687 4736 2817 4795 etc.,
2847 4736 2944 4779 aut
2966 4735 3116 4790 certe,
3150 4733 3259 4780 etc.
3283 4728 3407 4778 Dies

1808 4815 1987 4859 autem
2004 4807 2228 4858 Domini
2242 4820 2476 4868 magnus
2489 4809 2537 4853 et
2551 4802 2846 4867 horribilis,
2864 4808 2961 4851 aut
2985 4801 3407 4851 Resurrectionis

1807 4896 1911 4930 esse
1947 4878 2239 4929 credendus
2261 4880 2352 4935 est,
2386 4882 2483 4923 aut
2512 4879 2644 4924 certe
2675 4874 2849 4923 multa
2874 4878 2991 4938 post
3020 4878 3265 4936 tempora
3296 4871 3409 4922 dies

1804 4951 2029 5002 Judicii.
2057 4948 2159 4999 Sed
2175 4948 2304 5011 quia
2329 4946 2589 5009 sequitur,
2614 4948 2684 4997 Et
2698 4946 2820 4997 erit.
2844 4944 3038 4997 omnis
3060 4944 3160 5008 qui
3174 4944 3410 4995 invoca—

1808 5021 1957 5074 verit
1980 5031 2191 5071 nomen
2214 5016 2465 5080 Domini,
2492 5016 2692 5068 salvus
2720 5015 2845 5077 erit,
2871 5016 3050 5077 magis
3079 5015 3142 5064 de
3162 5015 3410 5064 Resurre.

1804 5092 1998 5143 ctionis
2008 5091 2092 5139 die
2113 5088 2521 5152 intelligendum
2538 5093 2625 5138 est.
2646 5088 2923 5152 Denique,
2955 5086 3184 5137 Verbum
3195 5098 3406 5150 quoque

1803 5163 2082 5229 effusionis
2117 5160 2341 5211 ostendit
2372 5159 2617 5208 muneris
2656 5158 2983 5223 largitatem,
3016 5158 3163 5223 quod
3200 5171 3407 5229 nequa-

1803 5250 1975 5300 quam
1986 5236 2047 5283 in
2059 5247 2255 5298 paucos
2272 5230 2569 5294 Prophetas
2588 5231 2662 5294 (ut
2677 5229 2808 5280 olim
2816 5229 2971 5292 ﬁebat
2985 5229 3045 5277 in
3062 5229 3219 5300 veteri
3240 5228 3404 5277 Testa-

1802 5299 2019 5370 mento),
2044 5305 2134 5354 sed
2150 5304 2208 5353 in
2233 5317 2416 5352 omnes
2433 5303 2714 5363 credentes,
2740 5302 2800 5351 in
2829 5302 3051 5350 nomine
3083 5299 3402 5363 Saluatoris,

1783 5377 2043 5441 'Spiritus
2069 5375 2243 5425 sancti
2273 5374 2421 5423 dona
2452 5371 2836 5433 descenderint,
2861 5376 2969 5425 etc.
3007 5370 3164 5421 Senes
3191 5384 3404 5435 quoque

1801 5447 2052 5496 viderunt
2106 5444 2343 5503 somnia,
2389 5443 2614 5507 quando
2664 5442 2873 5493 Paulus
2914 5442 3037 5506 jam
3082 5455 3243 5491 senta:
3301 5456 3401 5491 au-

1799 5516 1934 5567 divit
1955 5517 2137 5566 virum
2160 5516 2519 5575 Macedonem,
2546 5518 2654 5566 etc.
2680 5515 2821 5565 Hac
2844 5526 2952 5565 nos
2980 5525 3164 5577 pauca
3185 5514 3401 5564 Lectori

1798 5589 1873 5639 ob
1888 5588 2087 5639 oculos
2103 5586 2393 5651 ponimus,
2412 5590 2471 5635 ut
2494 5596 2609 5647 qua
2623 5585 2697 5646 ini
2707 5584 2830 5635 uria
2844 5586 2917 5636 ab
2932 5586 3178 5635 Auctore
3202 5589 3400 5636 nostro

1797 5657 2213 5711 contumeliose
2229 5656 2608 5719 excipiantur,
2622 5654 2860 5717 judicet.
2879 5655 2958 5705 De
2974 5655 3280 5717 ipsiusmet
3293 5670 3400 5715 per-

1798 5741 1943 5779 sona
1978 5741 2053 5779 ex
2085 5728 2263 5791 hujus
2295 5738 2523 5788 quoque
2555 5724 2853 5775 occasione
2886 5724 3016 5786 loci,
3052 5722 3315 5787 pluribus
3338 5725 3397 5775 in

1795 5800 2134 5852 Prafatione
2168 5796 2526 5848 disserimus.
