3866 6206
434 356 567 412 1051

1490 356 1757 407 RUFINO
1796 355 2253 407 PRESBY'I‘ERO
2286 357 2670 410 ASCRIPTUS
3674 349 3789 400 “3'52"

430 470 498 541 de
522 468 764 541 meritis,
789 467 869 517 ita
889 467 1001 541 ista
1018 467 1093 541 sit
1110 465 1181 541 d_e
1200 466 1631 541 suissestimata
1645 466 1996 541 ponderibus
2014 501 2027 524 ,
2054 470 2107 541 Α
2134 468 2380 541 populos
2398 482 2535 520 suos
2551 469 2815 533 libertati,
2843 470 3003 541 sicut
3015 466 3307 541 edendos
3326 461 3571 541 mundo
3582 459 3723 510 hui:
3738 460 3789 508 1i~

429 538 822 603 intelligamus
837 538 909 589 ad
922 537 1259 589 miniculum
1272 538 1500 601 aliquod
1512 551 1612 602 per
1632 539 1857 589 somnia
1868 541 2025 585 conti-

431 610 606 674 gisse.
634 611 689 662 Si
709 622 841 660 vero
864 608 1007 659 nihil
1031 609 1184 659 adsit
1218 610 1551 670 testimonii,
1578 610 1732 672 quod
1768 608 1859 660 vel
1886 614 2030 659 tem-

428 695 560 747 pus,
577 681 667 733 vel
684 693 928 745 persona
948 684 1251 741 mereatur,
1269 681 1554 745 imagines
1571 681 1926 733 somniorum
1949 680 2030 731 le-

430 751 543 817 gali
570 764 700 802 esse
723 751 1061 802 auctoritate
1086 752 1445 803 temnendas.

495 819 611 890 49
624 820 673 889 7
690 822 799 873 Sed
821 834 950 885 quae
963 823 1081 885 jam
1098 823 1170 872 ab
1183 823 1372 873 eolate
1394 822 1621 886 adjecta
1636 821 1909 882 diximus,
1926 832 2029 872 au-

432 894 681 945 diamus.
716 892 879 952 Dabo,
914 892 1118 956 inquit,
1152 894 1408 957 prodigia
1441 895 1502 942 in
1535 894 1655 941 calo
1688 899 1732 941 et
1770 894 1831 941 in
1867 898 2027 955 terra,

430 965 777 1028 sanguinem,
803 969 849 1012 et
872 964 1074 1027 ignem,
1100 971 1144 1012 et
1175 979 1425 1027 vaporem
1459 964 1622 1025 fumi.
1651 964 1742 1014 Sol
1764 968 2030 1012 converte-

433 1040 524 1085 tur
538 1037 599 1084 in
627 1035 881 1093 tenebras,
916 1040 959 1083 et
983 1036 1143 1083 Luna
1174 1037 1231 1084 in
1260 1037 1602 1098 sanguinem,
1628 1041 1922 1098 antequam
1946 1050 2031 1081 ve—

432 1108 553 1156 niat
570 1107 679 1156 dies
694 1106 920 1155 Domini
934 1120 1169 1169 magnus
1184 1111 1229 1154 et
1254 1106 1531 1156 horribilis
1546 1123 1564 1167 ;
1582 1112 1627 1155 et
1642 1109 1819 1155 omnis
1843 1107 1939 1169 qui
1952 1107 2033 1153 in-

435 1178 695 1228 vocaverit
710 1192 906 1226 nomen
924 1178 1167 1241 Domini,
1184 1178 1362 1227 salvus
1386 1179 1502 1228 erit.
1523 1177 1893 1230 Consuetudo
1908 1190 2030 1241 pro-

436 1250 664 1314 phetica
678 1253 786 1314 est,
809 1250 1149 1312 utquotiens
1165 1249 1554 1301 annunciatur
1567 1251 1724 1301 Deus
1742 1251 1829 1301 vel
1846 1252 1905 1297 ad
1924 1265 2031 1311 pro-

433 1320 834 1386 pugnandum,
862 1323 952 1371 vel
968 1320 1038 1370 ad
1068 1319 1458 1373 ulciscendum
1485 1334 1615 1372 cum
1640 1321 2031 1384 indignatione

435 1404 812 1453 consurgens,
832 1396 1051 1442 mutata
1062 1391 1325 1456 polorum
1338 1392 1533 1450 facies,
1550 1392 2033 1455 etelementaipsa

435 1462 779 1527 trepidantia
795 1462 1211 1514 describantur.
1230 1464 1404 1525 Quale
1421 1463 1658 1515 estillud
1670 1466 1817 1528 apud
1834 1466 2031 1511 beatum

436 1533 639 1595 David,
664 1533 762 1596 qui
785 1545 1093 1584 occursum
1106 1534 1429 1585 ethabitum
1449 1535 1684 1586 aetherei
1707 1546 2035 1598 propugna-

436 1604 577 1657 toris
600 1604 900 1667 eirugiens,
918 1605 1233 1667 Ascendens,
1253 1606 1457 1668 inquit,
1479 1606 1668 1667 fumus
1690 1608 1749 1655 in
1776 1622 1880 1655 ara
1902 1607 2032 1670 ejus,

436 1680 481 1725 et
504 1675 650 1739 ignis
674 1691 708 1723 a
728 1674 866 1737 facie
898 1676 1011 1738 ejus
1033 1677 1350 1739 exardescet,
1374 1676 1624 1727 carbones
1650 1678 1887 1726 succensi
1908 1683 2035 1726 sunt

436 1747 503 1796 ab
540 1762 618 1808 eo,
664 1746 947 1796 inclinavit
977 1747 1142 1806 caelos,
1178 1753 1222 1796 et
1255 1749 1540 1810 descendit,
1574 1754 1633 1800 et
1673 1749 1907 1813 reliqua.
1935 1750 2034 1800 Se-

2132 537 2244 611 lios
2258 545 2439 611 mater
2453 541 2733 593 imbecilla
2756 532 3787 611 [imbecillislconceperat,inlotis-1‘

2129 609 2387 673 pariendi
2407 611 2625 663 viribus
2641 604 2942 673 destituta,
2962 608 3399 679 indubitatum
3424 604 3788 679 munimina-

2130 672 2288 731 retur
2299 682 2559 744 exitium,
2576 683 2843 747 apparuit
2856 672 3056 734 subito
3070 685 3203 731 tam
3218 677 3497 752 gloriosa
3506 672 3786 752 detfnsi'o,

2131 755 2196 802 ut
2215 755 2419 816 prmter
2434 766 2561 806 eam
2583 745 2873 819 nusquam
2891 757 3056 805 esset
3080 756 3261 824 certa
3279 747 3563 824 salvatio.
3581 745 3660 824 ﬁt
3674 745 3781 824 erit:

2130 814 2309 871 ominis
2326 825 2421 887 qui
2440 814 2761 874 invocaverit
2780 840 2983 873 nomen
3006 821 3271 880 Domini,
3291 819 3486 893 salvus
3664 814 3785 893 Qui;

2131 893 2192 941 in
2218 886 2394 944 monte
2416 896 2565 959 Syon
2582 902 2626 944 et
2655 898 2715 944 in
2740 895 3051 945 Jerusalem
3073 894 3185 943 erit
3208 890 3483 948 saluatio,
3500 889 3651 935 sicut
3670 886 3785 959 dicit

2131 966 2415 1026 Dominus,
2438 958 2483 1014 et
2504 968 2564 1015 in
2586 968 2818 1016 residuis
2842 982 2978 1031 quos
3005 966 3308 1016 Dominus
3331 958 3783 1037 vocaveritdifrc

2129 1042 2321 1088 autem
2341 1038 2622 1093 universa,
2642 1050 2775 1101 quae
2793 1051 2929 1088 cum
2947 1050 3188 1087 summa
3208 1034 3698 1107 propugnatoris
3715 1034 3786 1107 itif

2130 1108 2311 1159 nostri
2326 1108 2494 1159 laude
2511 1108 2757 1179 perfecta
2772 1113 2934 1165 sunt,
2953 1114 3223 1179 tempore
3235 1102 3695 1179 incarnationis
3711 1102 3781 1179 tu;

2132 1179 2361 1230 minicze
2373 1178 2722 1229 cumulatius
2735 1179 2795 1229 in
2807 1178 2977 1229 donis
2994 1176 3382 1242 spiritalibus
3397 1172 3593 1223 doceri
3604 1172 3782 1219 turis-

2134 1248 2287 1311 pleta
2311 1264 2322 1299 :
2352 1249 2429 1298 ita
2454 1254 2519 1299 ut
2541 1250 2666 1313 ipsa
2698 1261 2828 1312 quae
2853 1253 3090 1312 patrum
3119 1245 3515 1310 temporibus
3538 1252 3781 1304 praeces-

2136 1332 2261 1371 sere
2276 1320 2566 1383 miracula,
2583 1333 2701 1371 non
2722 1318 2914 1370 solum
2930 1319 3022 1369 his
3032 1319 3311 1379 toricam,
3336 1315 3452 1365 sed
3471 1314 3659 1365 etiam
3678 1324 3782 1374 pre-

2133 1391 2415 1456 pheticam
2436 1392 2553 1442 vim
2576 1391 2851 1442 habuisse
2876 1390 3152 1442 videatur
3177 1405 3189 1439 :
3220 1388 3463 1451 quippe
3488 1384 3775 1456 adeorur:

2134 1453 2609 1535 significationem
2634 1461 2903 1517 valentia,
2926 1472 3065 1535 quae
3090 1459 3456 1535 longe_post_
3478 1453 3777 1535 redderen-

2136 1537 2245 1584 tur.
2284 1534 2372 1584 Sic
2399 1534 2552 1584 enim
2598 1537 2855 1596 tempore
2889 1532 3222 1585 Dominicee
3271 1528 3622 1588 Passionis,
3661 1537 3776 1574 cum

2133 1604 2566 1655 acerbissimam
2582 1609 2827 1655 mortem
2843 1605 2980 1656 vitae
2996 1607 3208 1654 auctor
3224 1601 3516 1659 intraret,
3533 1599 3671 1644 trem
3694 1611 3776 1642 me-

2136 1674 2292 1725 dium
2316 1688 2431 1725 nox
2454 1675 2762 1738 improvisa
2784 1674 3090 1726 subduxit.
3118 1674 3165 1722 Α
3188 1676 3378 1731 sexta,
3408 1668 3632 1732 inquit,
3651 1667 3773 1738 liora

2133 1746 2350 1807 tenebrae
2363 1747 2513 1808 facta
2526 1736 2653 1795 sunt
2671 1762 2835 1811 usque
2849 1746 2923 1795 ad
2938 1748 3139 1794 horam
3158 1757 3389 1792 nonam-
3412 1738 3638 1804 (Matth.
3656 1736 3770 1797 ἰδέης

436 1817 693 1870 cundum
728 1818 887 1899 hunc
916 1831 1060 1899 ergo.
1084 1818 1342 1883 modum,
1390 1824 1455 1870 ut
1479 1820 1756 1899 diximus,
1794 1811 1865 1899 ex
1888 1820 2033 1884 legis
2062 1826 2116 1899 B
2137 1824 2199 1869 ut
2215 1818 2369 1899 quod
2390 1818 2709 1899 splendoris
2728 1811 3768 1899 ingenitidecu‘s‘atrosgrdus

436 1902 593 1941 more
610 1889 958 1947 venientem,
986 1890 1159 1940 etiam
1185 1903 1341 1940 nunc
1367 1890 1643 1954 propheta
1669 1892 1779 1941 sub
1806 1894 2033 1956 tempus

437 1960 953 2012 animadversionis
966 1961 1190 2013 caelitus
1212 1960 1541 2023 inferendm,
1564 1965 1809 2011 elementa
1832 1966 2038 2024 ignibus

434 2030 823 2096 pervadenda,
839 2031 1025 2081 sidera
1038 2033 1126 2082 vel
1141 2031 1298 2083 fumo
1311 2032 1630 2095 vestienda,
1644 2036 1725 2081 vel
1740 2042 1756 2061 ·
1769 2035 2036 2097 sanguine,

436 2107 643 2155 natura
679 2102 996 2166 prasmittit.
1038 2104 1162 2154 Non
1196 2103 1352 2164 quod
1398 2104 1477 2155 ita
1509 2104 1635 2155 haec
1679 2109 1746 2155 ut
1769 2105 2038 2156 dicuntur

437 2174 637 2226 effecta
661 2174 797 2235 sint,
823 2174 923 2224 sed
949 2172 1037 2224 vel
1061 2174 1213 2237 quod
1238 2175 1523 2237 ejusmodi
1540 2181 1846 2239 apparatus
1868 2174 2040 2228 caelo-

437 2257 566 2296 rum
584 2244 817 2307 praesuli
834 2244 1182 2306 conveniret,
1198 2243 1291 2296 vel
1307 2246 1383 2296 ita
1396 2244 1617 2296 facilem
1629 2246 1895 2298 effectum
1908 2248 2037 2309 eius

439 2314 727 2366 sententia
743 2314 995 2373 duceret,
1023 2316 1189 2377 quasi
1212 2327 1337 2366 eam
1363 2321 1764 2367 consternatus
1788 2318 1963 2380 orbis,
1980 2322 2038 2369 et

438 2385 777 2436 cursitantia
800 2385 1083 2437 elementa
1109 2385 1512 2449 perducerent:
1544 2387 1695 2450 quod
1722 2391 1883 2439 tanta
1904 2402 2039 2453 pos-

441 2458 623 2506 tremo
648 2468 874 2506 reorum
897 2455 1122 2506 animos
1140 2462 1445 2521 occuparet
1461 2457 1746 2516 anxietas,
1774 2471 1839 2509 ac
1870 2461 1917 2509 si
1936 2473 2038 2523 po-

436 2524 623 2576 lorum
638 2525 904 2577 machina
924 2525 1261 2590 solveretur,
1275 2532 1446 2590 atque
1462 2532 1598 2576 Luna
1614 2544 1699 2576 san
1708 2533 2035 2593 guinesceret,

437 2600 587 2647 terra
603 2597 997 2660 cineresceret,
1010 2602 1164 2649 astra
1173 2599 1580 2662 nigrescerent.
1595 2602 1752 2662 Quod
1770 2613 1902 2663 ergo
1918 2614 2038 2651 me-

437 2668 720 2719 tuendum
736 2669 946 2720 animis
966 2670 1280 2729 accidebat,
1301 2671 1384 2720 sic
1401 2676 1686 2732 narratur,
1714 2672 1880 2734 quasi
1898 2672 2037 2735 ipsis

437 2739 1001 2791 eveniretelementis
1015 2755 1027 2790 :
1042 2741 1245 2792 ultima
1257 2741 1535 2805 siquidem
1551 2744 1638 2790 illa
1650 2746 1867 2791 creditur
1878 2752 1924 2791 et
1936 2759 2039 2792 una

439 2810 759 2873 convulsio,
791 2811 900 2860 sub
921 2810 1046 2874 ipso
1068 2811 1328 2863 videlicet
1350 2812 1465 2864 ﬁne
1488 2813 1709 2875 mundi,
1734 2814 1827 2865 vel
1853 2815 2037 2878 terris,

440 2880 535 2931 vel
551 2880 837 2932 sideribus
862 2880 1171 2933 inferenda.
1214 2882 1316 2933 Illo
1329 2887 1525 2935 autem
1547 2887 1800 2945 prophetas
1830 2888 1908 2947 (de
1937 2902 2038 2946 quo

440 2950 800 3013 disserimus)
824 2951 884 3001 in
910 2956 1181 3016 tempore,
1203 2966 1319 3004 non
1345 2955 1485 3005 caelo
1514 2967 1548 3006 a
1574 2957 1735 3006 terris
1761 2956 1842 3020 (ut
1865 2960 2039 3021 stipra

439 3021 575 3083 dixi)
591 3022 873 3085 ejusmodi
886 3024 1261 3087 perturbatio,
1280 3025 1380 3075 sed
1396 3025 1533 3076 solis
1544 3039 1770 3078 reorum
1787 3029 2039 3076 mentibus

438 3092 710 3145 incidisse
727 3092 877 3158 lAnt.
896 3094 1185 3159 insidisse]
1197 3100 1301 3147 est.
1321 3098 1497 3162 Cujus
1513 3100 1782 3162 quoniam
1796 3100 2043 3164 speciem

441 3164 794 3228 modumque
820 3165 1324 3233 deprehendimus,
1348 3171 1691 3222 narrationis
1707 3184 1934 3235 quoque
1959 3185 2043 3222 se-

440 3235 583 3286 riem
607 3236 1044 3300 investigemus.

504 3307 853 3358 Pronunctat
884 3320 1019 3371 ergo
1049 3307 1143 3360 illa
1181 3310 1397 3374 omnia,
1424 3323 1556 3375 quas
1603 3312 1754 3363 beati
1782 3312 2042 3365 Ezechiae

441 3379 799 3441 temporibus
815 3377 1089 3443 leguntur
1105 3380 1356 3445 impleta.
1383 3384 1526 3444 Quia
1543 3384 1693 3434 enim
1714 3384 1907 3435 decem
1921 3386 2041 3447 jam

442 3448 708 3499 tribubus
730 3448 805 3499 ad
823 3449 1118 3501 Medorum
1140 3464 1283 3504 arva
1299 3454 1606 3514 translatis,
1630 3454 1689 3505 in
1704 3455 1873 3507 Judtze
1894 3455 2040 3507 fines

441 3518 931 3582 Assyriusirrupit
945 3522 1234 3573 exercitus
1251 3540 1261 3570 :
1277 3528 1475 3574 etcum
1491 3524 1875 3576 Sennacherib
1892 3531 2040 3575 urbes

440 3587 584 3639 alias
609 3588 915 3653 obsideret,
946 3591 1019 3640 ad
1047 3591 1369 3643 Jerusalem
1392 3596 1707 3657 Rapsacem
1733 3597 2039 3659 quemdam

440 3669 571 3707 cum
595 3670 808 3719 magna
830 3659 1124 3722 copiarum
1142 3665 1303 3723 parte
1326 3661 1555 3726 direxit,
1576 3665 1673 3727 qui
1698 3665 1771 3715 ad
1795 3665 2041 3717 deditio-

441 3738 573 3777 nem
598 3727 839 3790 populos
863 3728 947 3791 (ut
969 3742 1144 3793 supra
1158 3730 1345 3782 dicere
1369 3736 1744 3799 coeperamus)
1763 3737 2040 3790 Hebraico

443 3806 727 3870 sermone,
751 3799 920 3861 cujus
936 3804 1057 3851 erat
1077 3800 1316 3865 peritus,
1330 3802 1590 3856 illiceret:
1610 3811 1910 3870 coeperunt
1930 3809 2041 3860 im-

442 3868 649 3931 pendio
674 3868 732 3919 hi
749 3869 848 3931 qui
868 3870 1053 3942 muris
1070 3877 1355 3935 prmerant
1370 3874 1680 3940 postulare,
1704 3868 1769 3928 ut
1786 3879 1925 3942 Syro
1945 3895 2044 3929 ser-

443 3950 628 4013 mone,
652 3943 709 3989 et
733 3952 855 4013 non
884 3941 1160 4013 Hebraico
1192 3942 1535 4005 loqueretur.
1570 3947 1733 3998 Tunc
1754 3941 2043 4013 Rapsaces

440 4007 670 4072 pondus
705 4010 942 4061 maximi
970 4013 1198 4063 terroris
1221 4014 1448 4078 adjecit,
1473 4027 1741 4069 asserens
1767 4031 1827 4070 se
1839 4007 2042 4072 “clades

440 4080 877 4155 maximamque
899 4083 1227 4149 perniciem,
1252 4098 1370 4137 non
1394 4088 1592 4151 paucis
1615 4091 2041 4155 stemmatibus,

439 4155 716 4227 caeterum
740 4153 1036 4227 universas
1058 4155 1253 4227 genti,
1272 4157 1384 4208 nisi
1408 4159 1713 4223 imperium
1746 4153 2041 4227 reciperet,

437 4222 723 4275 attulisse.
748 4224 970 4287 Quibus
992 4226 1165 4277 minis
1190 4226 1332 4279 adeo
1355 4233 1413 4281 et
1438 4222 1641 4282 beatus
1668 4222 1960 4295 Ezechias,
1986 4222 2044 4284 et

438 4295 678 4358 reliquae
694 4300 831 4347 sunt
847 4295 1032 4359 ipsius
1049 4298 1245 4361 populi
1262 4300 1650 4364 comminutae,
1669 4307 1734 4353 ut
1749 4302 1819 4353 ad
1836 4303 2042 4354 Isaiam

440 4367 777 4430 prophetam
811 4371 931 4419 toto
954 4367 1382 4432 lachrymarum
1405 4371 1627 4423 ambitu
1657 4376 2039 4435 verterentur,

439 4437 698 4489 dicentes
715 4452 727 4489 :
756 4438 1025 4488 Venerunt
1040 4440 1145 4502 ﬁlii
1162 4455 1330 4506 usque
1345 4443 1419 4491 ad
1424 4449 1667 4506 partum,
1685 4450 1730 4493 et
1746 4445 1917 4505 [irtus
1930 4460 2040 4493 non

441 4512 513 4556 est
531 4509 805 4572 pariendi,
824 4509 884 4560 id
902 4514 1010 4569 est,
1028 4511 1090 4563 in
1110 4525 1237 4564 eam
1266 4525 1327 4564 se
1344 4515 1787 4566 coarctationem
1806 4516 2041 4578 spiritus

442 4580 795 4649 pervenisse,
822 4592 995 4643 quam
1025 4586 1280 4648 tempore
1304 4587 1500 4648 partus
1524 4585 1900 4638 edendi’busu
1922 4587 2041 4649 filii,

446 4648 494 4699 si
523 4649 707 4701 virtus
730 4662 850 4701 non
881 4656 1037 4703 esset
1072 4653 1131 4704 in
1166 4656 1439 4718 pariente,
1483 4657 1778 4708 sentirent.
1805 4658 1922 4708 Sub
1948 4648 2041 4709 illo

443 4731 577 4790 ergo
594 4720 1111 4790 mstuimminentis
1128 4724 1479 4778 discriminis
1494 4727 1738 4780 Ezechia
1754 4730 2043 4790 Judaeisque

443 4789 665 4861 positis,
693 4793 751 4841 et
766 4790 860 4842 Sol
883 4792 1156 4845 nimirum
1180 4796 1485 4848 videbatur
1508 4797 1569 4849 in
1594 4800 1875 4861 tenebras,
1901 4789 2043 4851 etin

443 4860 788 4932 sanguinem
819 4863 982 4914 Luna
1010 4868 1284 4929 converti,
1319 4874 1631 4932 antequam
1663 4860 1885 4922 veniret
1918 4870 2067 4921 dies.

444 4930 675 4982 Domini
692 4944 943 4997 magnus
960 4939 1017 4987 et
1032 4936 1337 5000 horribilis,
1357 4941 1456 5002 qui
1473 4930 1627 4992 illam
1643 4940 1903 4993 videlicet
1919 4954 2043 4993 mo-

441 5001 559 5076 le_m
574 5003 784 5076 atrocis
801 5006 961 5057 exitii
979 5008 1306 5062 transferret
1327 5023 1362 5062 a
1379 5001 1594 5076 populo
1610 5012 1972 5075 Judeeorum,
1990 5017 2045 5065 et

445 5073 518 5126 ad
543 5075 815 5137 Assyrios
839 5078 1032 5131 subita
1059 5080 1271 5133 virtute
1295 5073 1673 5135 converteret.
1705 5073 2045 5136 Horribilem

444 5141 623 5218 498
644 5147 880 5210 proinde
897 5149 1047 5201 diem
1066 5151 1295 5202 Domini
1311 5155 1368 5203 et
1382 5165 1661 5218 magnum
1682 5156 1927 5217 vocavit,
1942 5171 2043 5206 non

444 5217 598 5278 quod
614 5219 792 5271 tristis
808 5226 966 5273 esset
986 5221 1273 5287 ﬁdelibus,
1291 5223 1392 5275 sed
1409 5217 1565 5288 quOd
1589 5226 1776 5289 operis
1792 5230 2045 5287 majestate

440 5290 803 5343 reverendus.

507 5362 769 5425 Denique
801 5362 1097 5426 sequitur:
1134 5363 1317 5429 [Vers.
1345 5363 1453 5431 32.]
1486 5366 1550 5415 Et
1573 5367 1675 5416 erit
1702 5385 1712 5415 :
1739 5369 1919 5418 omnis
1947 5370 2044 5433 qui

444 5430 769 5482 invocaverit
798 5449 995 5483 nomen
1017 5435 1262 5496 Domini,
1282 5437 1461 5487 salvus
1482 5439 1599 5488 erit.
1626 5439 1769 5498 Quia
1791 5440 1851 5488 in
1867 5430 2045 5490 monte

447 5501 614 5565 Syon,
648 5508 696 5576 et
730 5504 792 5552 in
820 5504 1122 5555 Jerusalem
1152 5508 1253 5557 erit
1276 5508 1519 5558 saluatio.
1561 5511 1626 5561 In
1649 5509 1763 5575 illo,
1788 5511 2042 5576 inquam,

446 5578 663 5651 monte,
684 5574 1191 5651 in_quo_minimum
1212 5579 1564 5632 defensionis
1586 5581 1701 5633 fere
1726 5574 1894 5646 paulo
1911 5574 2043 5635 ante

446 5642 651 5694 virium
667 5644 1038 5708 pollicebatur
1048 5650 1289 5702 attritio:
1309 5651 1370 5703 in
1379 5652 1493 5716 illa,
1510 5642 1764 5718 inquam,
1779 5658 1918 5717 urbe,
1931 5669 2043 5716 quae

515 5790 533 5809 ·
558 5782 740 5860 Magis
762 5787 1011 5860 placeret
1029 5792 1347 5853 sanguinis;
1372 5807 1582 5845 sensus
1605 5809 1812 5860 nempe
1834 5802 1943 5860 est,
1963 5798 2043 5848 si-

454 5848 587 5900 dera
609 5852 669 5901 in
693 5857 991 5918 sanguinis
1020 5848 1286 5914 natdram
1310 5848 1710 5919 convertenda.

2137 1881 2346 1954 posuit,
2372 1890 2442 1939 ad
2461 1888 2713 1939 cilicium
2733 1888 3025 1940 videretur
3052 1886 3152 1938 vel
3172 1884 3455 1958 lugentis
3476 1881 3765 1958 respicere,

2137 1960 2227 2012 vel
2251 1960 2510 2011 timentis
2537 1975 2549 2010 :
2583 1960 2718 2024 quia
2753 1958 2976 2011 nollent
3000 1956 3449 2010 contumeliam
3467 1956 3762 2028 creatoris.

2136 2030 2229 2082 vel
2243 2030 2579 2081 Judteorum
2600 2030 2824 2081 facinus
2841 2029 3074 2087 intueri,
3094 2031 3431 2091 antequam
3449 2024 3579 2074 dies
3595 2024 3763 2072 Domi-

2137 2103 2197 2153 ni
2220 2114 2466 2165 magnus
2499 2106 2555 2153 et
2587 2101 2875 2152 horribilis
2899 2100 3250 2151 adveniret:
3284 2095 3594 2171 videlicet,
3616 2094 3763 2171 ante—

2136 2184 2309 2244 quam
2325 2164 2512 2236 gloria
2530 2172 2973 2244 resurrectionis
2988 2171 3274 2244 emicaret
3297 2186 3310 2215 :
3335 2167 3451 2244 vel
3477 2171 3635 2244 certe
3653 2164 3757 2244 dies

2135 2234 2227 2295 ille
2258 2234 2429 2306 quem
2448 2243 2960 2315 Dominusinoster
2990 2242 3053 2315 in
3084 2238 3438 2304 Evangelio,
3464 2236 3650 2315 quasi
3664 2234 3759 2283 sub

2134 2316 2363 2378 gemina
2383 2316 2710 2365 narratione
2727 2313 3053 2377 digesserit.
3074 2314 3225 2363 Nam
3243 2323 3392 2360 cum
3418 2308 3615 2359 ultimi
3638 2312 3762 2357 temo

2136 2387 2290 2450 poris
2304 2386 2469 2449 signa
2485 2399 2589 2437 con
2597 2386 2860 2444 traderet,
2878 2385 3041 2449 prius
3057 2382 3585 2445 Jerosolymorum
3595 2380 3760 2425 destri-

2136 2458 2251 2522 psit
2274 2459 2534 2522 exitium,
2550 2461 2607 2508 et
2622 2457 2835 2520 quibus
2859 2456 3302 2507 calamitatibus
3322 2453 3675 2504 Judaeorum
3687 2461 3758 2522 re

2136 2520 2231 2592 gio
2256 2520 2650 2592 compleretur.
2670 2528 2827 2578 Sicut
2850 2540 2989 2590 ergo
3012 2525 3128 2577 illic
3153 2524 3462 2577 eversioni
3479 2520 3757 2581 Jerosoly-

2138 2613 2365 2652 morum
2396 2601 2571 2651 finem
2603 2599 2757 2651 orbis
2791 2598 3081 2662 adjunxit,
3114 2599 3198 2648 ita
3221 2597 3409 2648 etiam
3439 2595 3638 2645 omnis
3660 2593 3751 2641 ista

2137 2672 2290 2734 apud
2308 2672 2639 2735 prophetam
2660 2669 3072 2722 elementorum
3087 2675 3522 2729 astrorumque
3532 2675 3752 2738 concus-

2139 2745 2240 2806 sio,
2270 2743 2433 2806 plene
2458 2744 2567 2794 sub
2584 2742 2784 2793 mundi
2808 2741 2923 2792 fine
2950 2744 3294 2805 peragetur:
3323 2738 3586 2796 Quando,
3613 2737 3751 2785 utaut

2136 2815 2347 2866 Beatus
2358 2816 2576 2873 Petrus,
2589 2813 2699 2863 cwli
2710 2814 2955 2861 ardentes
2968 2826 3175 2875 magno
3186 2811 3404 2874 impetu
3420 2807 3746 2887 transibun:

2136 2891 2180 2934 et
2206 2886 2459 2934 elementa
2481 2885 2697 2950 ignium
2721 2884 3013 2933 ardoribus
3037 2884 3420 2946 decoquentur
3445 2877 3520 2942 (2.
3547 2879 3683 2927 Petr.
3701 2877 3746 2927 5.

2138 2954 2267 3019 10.).
2282 2957 2441 3008 Tunc
2463 2956 2606 3020 [Ant.
2626 2954 2808 3017 Nunc]
2824 2954 2977 3028 enim
3002 2953 3149 3028 fides
3167 2951 3297 3028 sola
3315 2953 3593 3028 proteget
3607 2957 3745 3028 suos.

2141 3034 2186 3077 et
2209 3030 2307 3093 qui
2328 3028 2671 3087 invocaverit,
2694 3041 2888 3075 nomen
2915 3024 3144 3074 Domini
3167 3023 3358 3097 salvus
3386 3022 3513 3097 erit.
3544 3021 3746 3097 Quicni

2140 3109 2320 3151 monte
2353 3102 2521 3167 Syon,
2551 3106 2597 3150 et
2621 3102 2683 3149 in
2705 3099 3008 3150 Jerusalem
3036 3098 3140 3147 erit
3167 3096 3429 3156 saluatio,
3460 3093 3747 3167 sieutdiil‘l'l

2134 3164 2413 3223 'Dominus
2428 3189 2447 3234 ;
2471 3178 2516 3221 et
2538 3173 2595 3221 in
2621 3172 2869 3231 residuis,
2895 3186 3031 3236 quos
3058 3169 3339 3218 Dominus
3362 3166 3650 3217 vocaverit.
3670 3164 3747 3212 Je

2064 3233 2111 3306 C
2138 3243 2405 3304 rusalem,
2431 3233 2648 3306 inquit,
2683 3233 2952 3302 caelestis,
2993 3252 3132 3304 qua:
3162 3243 3255 3290 est
3294 3243 3493 3289 mater
3515 3236 3745 3301 piorum.

2139 3314 2517 3378 municipatui
2528 3313 2927 3365 adscribentur
2941 3323 3151 3363 omnes
3169 3309 3273 3373 qui
3289 3309 3367 3360 ad
3383 3308 3604 3373 gaudia
3619 3315 3747 3354 ater-

2139 3398 2217 3437 na
2229 3385 2589 3450 migrabunt:
2610 3383 2711 3448 qui
2726 3388 2919 3435 tamen
2938 3394 3149 3434 omnes
3165 3380 3392 3432 residui
3407 3381 3745 3450 nominantur,

2140 3457 2277 3521 quia
2298 3445 2465 3507 multi
2497 3445 2646 3506 sunt
2662 3453 2876 3517 vocati,
2900 3452 3071 3518 pauci
3100 3456 3307 3504 autem
3332 3449 3507 3503 electi
3531 3450 3546 3512 ί
3568 3445 3742 3498 Matth.

2143 3526 2266 3591 13).
2295 3527 2405 3579 Sed
2430 3526 2736 3578 videamus
2759 3528 2818 3576 et
2840 3525 3083 3587 reliqua.

2724 3630 3010 3695 CAPUT
3040 3630 3163 3693 III.

2202 3743 2366 3793 Vers.
2393 3739 2530 3795 1.-3.
2556 3767 2615 3775 -
2639 3739 2781 3798 Quia
2804 3753 2910 3787 ecce
2930 3738 2991 3786 in
3018 3737 3209 3787 diebus
3234 3736 3349 3785 illis
3373 3741 3421 3784 et
3446 3735 3507 3783 in
3533 3739 3744 3795 tempore

2140 3811 2251 3871 illo,
2290 3826 2413 3861 cum
2437 3815 2734 3860 convertero
2765 3809 3133 3871 captivitatem
3155 3808 3317 3857 Judae
3343 3812 3393 3855 et
3414 3803 3708 3855 Jerusalem
3728 3816 3743 3871 ξ

2139 3870 2473 3946 congregabo
2498 3896 2680 3931 omnes
2702 3870 2903 3939 Gentes,
2928 3884 2974 3927 et
2999 3879 3281 3928 adducam
3307 3877 3432 3941 [AL
3471 3870 3739 3932 deducam}

2141 3969 2228 4002 eas
2252 3954 2313 4002 in
2339 3953 2528 4002 vallem
2551 3952 2816 4015 Josaphat
2833 3966 2847 3999 :
2866 3956 2909 3999 et
2926 3950 3233 4014 disceptabo
3258 3962 3392 3997 cum
3415 3948 3492 3995 eis
3513 3946 3589 3995 ibi
3600 3957 3740 4008 super

2138 4023 2339 4089 populo
2371 4038 2505 4083 meo,
2540 4028 2585 4071 et
2624 4021 2926 4071 haereditate
2952 4035 3075 4069 mea
3110 4019 3299 4078 Israel,
3335 4033 3476 4082 quos
3500 4017 3737 4089 dispens-

2140 4087 2274 4144 runt
2298 4095 2359 4143 in
2384 4093 2713 4150 nationibus,
2731 4098 2775 4141 et
2800 4098 3001 4140 terram
3026 4091 3338 4139 diviserunt
3362 4104 3563 4137 meam.
3589 4087 3738 4136 Etsi:-

2140 4182 2236 4231 per
2251 4165 2517 4229 populum
2532 4178 2709 4212 meum
2727 4163 2990 4211 miserunt
3006 4167 3226 4221 sortem,
3243 4165 3291 4209 et
3312 4163 3625 4224 posuerunt
3638 4171 3737 4231 pue-

2139 4228 2266 4287 rum
2292 4228 2348 4284 in
2374 4234 2754 4299 prostibulum,
2777 4238 2823 4282 et
2844 4232 3087 4297 puellam
3109 4232 3486 4281 vendiderunt
3507 4245 3607 4293 pro
3636 4228 3736 4275 ιεὶηο

2144 4313 2199 4357 ιιι
2222 4306 2468 4355 biberent.
2488 4304 2813 4357 Terminato
2826 4302 3001 4367 illius,
3029 4315 3165 4366 quae
3181 4302 3243 4353 in
3268 4302 3519 4365 longum
3535 4311 3739 4367 proces-

2142 4377 2314 4442 serat[
2332 4378 2460 4427 Ant.
2476 4374 2886 4441 praecesserat],
2903 4364 3303 4434 significationis
3320 4387 3563 4432 excursu,

2142 4448 2455 4501 revertitur
2478 4446 2551 4498 ad
2575 4450 2847 4510 tempora,
2873 4444 2945 4495 de
2971 4444 3186 4507 quibus
3205 4442 3558 4495 vaticinium
3580 4442 3739 4492 fuerat

2144 4532 2407 4578 exorsus,
2426 4518 2831 4570 etimmoratur
2845 4516 2928 4566 eis
2945 4526 3080 4577 qum
3097 4513 3438 4578 propediem
3457 4511 3740 4563 cernitim-

2144 4589 2350 4655 plenda
2381 4602 2393 4638 :
2423 4593 2488 4639 ut
2510 4588 2602 4640 vel
2625 4599 2823 4639 eorum
2851 4585 3227 4636 attestatione
3254 4582 3740 4655 conﬁrmetctiaut

2146 4648 2371 4712 illorum
2388 4659 2581 4724 fidem,
2600 4670 2730 4722 quas
2751 4657 2920 4718 longe
2936 4660 3070 4719 post
3084 4659 3333 4706 ventura
3348 4654 3643 4724 promisit:
3670 4648 3741 4724 vel

2140 4737 2207 4785 ut
2222 4730 2492 4782 ostendat
2518 4722 2579 4780 se
2604 4742 2723 4780 non
2746 4726 3087 4791 deposuisse
3109 4726 3378 4777 studium
3395 4722 3739 4778 consulendi.

2141 4816 2242 4870 per
2264 4802 2375 4853 hoc
2397 4798 3244 4872 quodrimpetum‘vaticinantis
3268 4796 3622 4872 assumserit
3648 4815 3661 4853 ;
3689 4806 3741 4872 ac

2142 4866 2189 4926 si
2205 4874 2420 4925 diceret
2436 4888 2449 4922 :
2465 4872 2522 4924 Si
2536 4870 2634 4922 illa
2654 4883 2782 4933 quin
2799 4869 2933 4920 olim
2947 4872 3197 4921 ventura
3214 4873 3356 4919 sunt
3374 4866 3653 4931 temporis
3668 4866 3743 4914 sui

2141 4945 2459 4997 rationibus
2474 4943 2809 5004 invitentur,
2832 4953 2992 4991 nunc
3017 4952 3155 4992 vero
3181 4940 3339 5001 quod
3362 4940 3547 4990 instat
3568 4940 3623 4987 et
3646 4937 3741 4986 im-

2142 5016 2341 5078 minet,
2370 5025 2771 5077 exsequamur.
2800 5013 3017 5075 Nempe
3027 5011 3153 5074 jam
3177 5010 3382 5061 decem
3400 5010 3630 5070 Tribus,
3646 5011 3742 5058 As-

2144 5088 2294 5153 syrio
2311 5086 2712 5148 transferente,
2732 5084 3076 5147 migrarunt,
3087 5084 3117 5133 J
3126 5081 3260 5153 udae
3277 5085 3335 5153 in
3345 5088 3533 5153 sortem
3547 5080 3741 5153 infestus

2145 5149 2456 5224 populatur
2494 5155 2804 5217 exercitus,
2837 5166 2945 5205 nec
2979 5165 3115 5216 spes
3138 5151 3260 5203 ulla
3289 5152 3523 5224 virium,
3547 5149 3741 5214 quibus

2144 5222 2299 5282 obsis
2307 5230 2514 5291 tamus,
2531 5225 2826 5279 remansit.
2843 5224 3143 5276 Denuncio
3161 5235 3301 5286 ergo
3318 5222 3482 5286 quod
3497 5233 3648 5273 nunc
3662 5235 3740 5280 po-

2144 5301 2435 5353 tissimum
2460 5302 2849 5362 propugnator
2862 5300 3148 5357 occurrat,
3172 5296 3232 5345 et
3255 5294 3739 5357 captivitatempo-

2145 5370 2265 5435 puli
2290 5370 2400 5434 sui,
2423 5370 2591 5422 Judee
2617 5368 2849 5431 scilicet,
2877 5378 3012 5429 quae
3028 5366 3156 5429 jam
3176 5364 3494 5416 videbatur
3517 5363 3733 5423 inhiare,

2143 5440 2411 5506 depellat,
2428 5454 2496 5492 ac
2512 5445 2643 5505 post
2658 5438 3119 5503 desperationem
3137 5436 3353 5487 salutis
3370 5437 3527 5499 ejus,
3548 5435 3733 5483 ultionis

2143 5512 2384 5579 gloriam
2409 5524 2542 5574 quae
2562 5516 2681 5562 toto
2705 5510 3024 5583 celebretur
3048 5508 3207 5583 orbe,
3234 5507 3589 5583 contribuat.
3612 5506 3732 5583 Cum

2142 5574 2296 5637 énim
2311 5583 2384 5635 ad
2396 5582 2755 5634 obsidionem
2767 5578 3313 5642 Jerosolymitarum
3323 5580 3568 5643 Assyria
3578 5574 3736 5627 multi

2145 5654 2282 5707 tudo
2306 5654 2657 5714 convenerit,
2684 5652 2763 5704 ita
2786 5664 2902 5715 eos,
2920 5651 3125 5716 inquit,
3146 5651 3440 5703 faciamus
3464 5651 3732 5713 subjacere

2204 5797 2226 5827 δ
2246 5798 2354 5850 Sed
2378 5810 2565 5862 neque
2580 5796 2706 5849 heic
2722 5810 2825 5845 usu
2848 5794 3061 5859 placet;
3089 5793 3349 5847 fortasse
3373 5810 3549 5860 usque
3563 5790 3732 5845 rescri-

2144 5869 2397 5922 bendum
2425 5875 2532 5929 est,
2558 5871 2654 5919 aut
2695 5867 2829 5931 quid
2861 5866 3061 5917 simile.
