3866 6206
68 383 234 440 1053
1327 396 1400 445 ΙΝ
1434 395 1606 447 JOEL
1641 396 1747 448 COl

1850 397 2226 449 ENTARIUS.

66 506 419 583 vindictae,
436 514 631 583 utnon
650 513 841 563 tamen
853 511 925 563 ad
942 512 1155 563 bellum
1168 513 1454 574 concitati,
1470 527 1640 577 quam
1654 514 1727 566 ad
1752 510 1806 583 Α
1837 508 2234 583 menjsioqibus
2252 512 2647 574 possederunt.
2667 516 2938 580 Nunquid
2956 529 3090 579 ergo
3106 514 3298 567 rebelli
3315 514 3432 579 Spi-

68 578 371 650 tribunal
404 580 707 633 videantur
721 583 978 633 exhibiti.
1003 585 1141 634 Cum
1166 597 1302 645 ergo
1328 598 1552 649 coepero
1577 586 1732 635 disce-
1752 578 1806 583 ’“
1835 580 1949 630 ritu
1973 579 2131 643 illud,
2165 582 2263 644 ait,
2302 586 2532 647 tempus
2554 588 2765 649 paratis
2788 578 2992 639 ulcisci
3017 578 3044 637 (ἓ
3078 592 3135 639 et
3155 587 3321 650 quasi
3342 578 3433 636 in-

72 648 447 721 ptationem
472 663 702 703 movere
727 653 786 703 in
807 652 1013 704 vallem
1030 656 1328 719 Josaphat,
1354 648 1734 709 remunerabo
1834 656 2008 702 Venia
2023 653 2466 715 opportunitate,
2481 662 2788 720 occupatos
2806 660 2950 709 “1188
2968 648 3302 721 Nmpe—mre
3314 670 3433 705 θοο-

70 720 374 783 Assyriis
395 721 759 787 diversisque
774 724 1060 788 hostibus,
1081 726 1236 788 quod
1256 733 1569 792 merentur,
1597 733 1663 781 ut
1680 734 1737 781 et,
1835 722 2071 773 tenditis
2093 726 2120 772 ‘l
2143 722 2253 775 Sed
2280 724 2327 773 si
2345 724 2632 787 ejusmodi
2651 740 2753 778 vos
2778 728 3072 780 meditatio
3093 720 3425 788 concitavit,

70 802 387 854 proceres
407 794 677 846 absumat
693 795 954 846 immissa
970 798 1269 859 pernicies,
1289 804 1346 850 et,
1361 799 1528 850 malis
1553 801 1734 863 capti-
1833 798 1892 844 et
1920 794 2390 858 imbecillitatem,
2417 801 2475 846 et
2499 797 2897 857 profanitatem
2927 804 3180 851 vestram
3206 799 3431 849 irruens

78 862 308 934 vitatis
345 876 502 926 gens
528 865 728 917 relicta
751 868 1050 930 subjaceat,
1076 885 1086 917 :
1113 871 1287 931 atque
1312 871 1506 934 populi
1534 862 1645 922 mei
1668 871 1736 921 ﬂ-
1832 864 2088 914 vindicta
2112 866 2432 916 convincat.
2456 868 2581 917 Non
2613 867 2798 919 solum
2824 871 2977 921 enim
3000 870 3143 921 nihil
3166 868 3434 921 valebitis

80 931 208 1005 lios
224 935 345 996 qui
371 935 434 985 in
451 937 811 999 servitutem,
828 931 1357 1001 autturpitudinem
1377 931 1733 1005 vendiderunt,
1832 935 1905 985 de
1929 936 2184 997 antiquis
2205 939 2429 987 mutare
2453 937 2717 1001 decretis,
2740 940 2840 989 sed
2864 943 2972 991 sub
2996 942 3254 1003 ipsorum
3278 944 3433 1004 pote-

76 1002 204 1067 ipsi
231 1017 495 1068 quoque
519 1008 808 1070 patiantur
832 1009 1062 1059 arbitria
1086 1011 1531 1063 nundinantium
1557 1029 1570 1063 :
1600 1002 1736 1063 sen-Q
1833 1011 1983 1057 State
2007 1008 2245 1069 δίεῐθιίε,
2264 1020 2410 1070 QUOS
2433 1021 2777 1073 Oppressum
2799 1011 2878 1061 ire
2910 1002 3113 1062 vestris
3142 1002 3433 1075 consbira"

83 1074 391 1137 tiantque
406 1076 607 1139 quales
620 1079 1035 1131 sintanteactie
1053 1079 1737 1143 fructusaudaciaa,quiob
1832 1078 2087 1128 tionibus
2113 1079 2435 1129 mstimatis.
2462 1082 2564 1131 Per
2588 1082 2812 1144 species
2845 1087 3041 1132 autem
3070 1083 3257 1133 varias
3282 1074 3432 1132 mala

82 1144 231 1208 hoc,
274 1147 452 1208 quod
485 1160 614 1198 mea
647 1161 832 1212 nuper
859 1162 993 1201 arva
1025 1152 1399 1215 pervaserint,
1437 1154 1738 1218 patiuntur
1834 1149 2185 1213 captivitatis
2202 1154 2519 1213 enumerat,
2538 1164 2671 1214 quae
2688 1164 2788 1214 pro
2805 1153 3134 1203 nocentium
3158 1152 3431 1201 nimirum

87 1226 405 1278 agrorum
430 1231 670 1269 suorum
699 1221 1105 1272 acerbissimos
1138 1222 1437 1274 divisores.
1834 1219 2084 1269 arbitriis
2107 1220 2447 1273 inferuntur.
2474 1226 2664 1284 Atque
2680 1222 2828 1285 ideo,
2856 1235 2990 1274 cum
3012 1223 3276 1285 dixisset,
3300 1222 3435 1285 quia

156 1288 349 1351 Vers,
409 1288 547 1343 4.-8.
592 1316 651 1326 -
702 1290 899 1340 Verum
934 1293 1068 1355 quid
1110 1293 1253 1342 vobis
1292 1300 1336 1343 et
1369 1295 1530 1345 mihi.
1565 1295 1738 1358 Tyrus
1832 1301 2038 1340 aurum
2062 1295 2120 1341 et
2138 1295 2442 1354 argentum
2461 1293 2737 1345 aviditate
2760 1294 3145 1357 praedantium
3172 1293 3434 1344 sustulis-

88 1358 393 1430 et_Sidon,
419 1365 464 1408 et
486 1361 666 1409 omnis
691 1363 953 1411 terminus
982 1363 1397 1413 Palestinorum
1420 1367 1445 1414 ?
1465 1365 1738 1430 Nunquid
1835 1365 1989 1422 sent,
2008 1361 2245 1425 addidit,
2263 1368 2310 1412 et
2325 1364 2703 1413 desiderabilia
2723 1380 2862 1427 mea,
2883 1370 2930 1414 et
2954 1365 3325 1429 pulcherrima
3347 1365 3439 1413 in-

92 1427 395 1478 ullionem
419 1445 509 1478 vos
532 1439 549 1459 ⁸
574 1431 797 1480 redditis
822 1432 985 1493 mihi,
1012 1439 1058 1482 et
1078 1434 1411 1484 ulciscimini
1436 1450 1525 1484 vos
1546 1427 1737 1486 contra

1846 1431 2030 1480 tulistis
2043 1432 2105 1481 in
2122 1433 2345 1483 delubra
2360 1441 2548 1494 vestra,
2573 1441 2637 1486 ut
2654 1436 2745 1486 vel
2765 1427 3040 1499 reliquam
3060 1435 3321 1487 videlicet
3338 1449 3438 1485 su-

92 1514 189 1547 me
212 1503 241 1551 3
273 1500 406 1550 Cito
432 1502 671 1550 velociter
694 1503 923 1552 reddam
948 1505 1380 1555 vicissitudinem
1410 1507 1554 1556 vobis
1580 1523 1742 1572 super
1833 1502 2193 1567 pellectilem,
2237 1504 2331 1555 vel
2355 1505 2588 1556 monilia
2626 1507 2856 1557 diversa
2890 1508 3136 1570 signare.
3178 1508 3320 1557 Cum
3346 1505 3437 1556 his

3289 401 3428 458 1054

91 1575 276 1635 caput
304 1579 569 1623 vestrum.
589 1574 889 1636 Argentum
913 1577 1059 1624 enim
1082 1592 1259 1625 meum
1285 1583 1331 1625 et
1354 1593 1558 1627 aurum
1583 1579 1741 1627 tulis-

99 1645 172 1694 tis
200 1658 216 1693 :
245 1649 298 1692 et
335 1644 723 1694 desiderabilia
752 1661 874 1695 mea
910 1652 957 1694 et
976 1647 1349 1711 pulcherrima
1388 1650 1652 1699 intulistis
1675 1651 1736 1699 in

104 1714 357 1764 delubra
382 1722 574 1767 vestra.
602 1717 670 1765 Et
691 1717 832 1780 ﬁlios
850 1718 1021 1778 Judae,
1046 1724 1092 1767 et
1120 1720 1263 1780 ﬁlios
1284 1721 1586 1770 Jerusalem
1609 1737 1708 1770 ven

106 1785 348 1835 didistis
374 1787 509 1849 ﬁliis
534 1788 857 1847 Graecorum,
883 1795 942 1838 ut
966 1790 1118 1852 longe
1138 1791 1383 1853 faceretis
1405 1806 1489 1841 eos
1521 1793 1583 1841 de
1604 1793 1738 1856 ﬁni-

1834 1573 2009 1624 etiam
2040 1574 2341 1625 domorum
2359 1578 2719 1627 ornamentis
2736 1578 2908 1628 etiam
2939 1578 3178 1641 pignora
3200 1577 3435 1628 misero-

1832 1657 1964 1695 rum
1990 1645 2449 1697 venumdedistis
2472 1665 2482 1695 :
2511 1649 2666 1710 quod
2690 1648 2925 1710 qualem
2950 1649 3167 1699 orbatis
3190 1647 3440 1712 parenti-

1839 1716 1952 1766 bus
1963 1722 2119 1767 creet
2132 1717 2405 1778 dolorem,
2422 1717 2581 1769 illatu
2600 1718 2661 1782 [Α
2671 1725 2747 1769 nt.
2760 1718 3003 1783 illatum]
3022 1718 3438 1770 vicissitudinis

1840 1787 2121 1838 sentietis.
2158 1790 2235 1838 Eo
2273 1790 2499 1852 quippe,
2539 1790 2707 1850 cujus
2734 1789 2950 1853 judicia
2987 1789 3333 1840 convulsum
3358 1789 3437 1839 ire

110 1856 214 1942 b'us
238 1857 387 1938 suis.
414 1858 545 1908 Ecce
576 1874 668 1921 ego
689 1859 1139 1942 suscitaboueosde
1174 1862 1300 1923 loco,
1332 1863 1394 1911 in
1422 1878 1528 1942 quo
1551 1865 1737 1912 vendi-
1763 1867 1817 1942 B
1841 1858 2101 1942 tentatis,
2114 1859 2471 1942 vi'ndicante.‘
2486 1864 2723 1942 tempus
2740 1861 3025 1942 adveniet,
3054 1865 3119 1942 ut
3134 1872 3251 1942 non
3270 1863 3434 1942 solum

113 1927 283 1977 distis
309 1943 429 1979 eos:
450 1934 495 1978 et
515 1936 819 1979 convertam
832 1931 1231 1982 retributionem
1249 1940 1476 1983 vestram
1498 1935 1561 1983 in
1578 1941 1739 1999 caput

115 2002 390 2047 vestrum.
432 1999 500 2048 Et
532 2000 759 2049 vendam
786 2000 930 2064 ﬁlios
964 2009 1173 2062 vestros,
1213 2009 1259 2052 et
1277 2004 1421 2068 ﬁlias
1454 2011 1649 2054 vestras
1682 2007 1743 2055 in

114 2069 397 2143 manibus
438 2069 681 2143 ﬁliorum
719 2071 887 2131 Juda,
919 2076 963 2121 et
1000 2074 1386 2124 venundabunt
1418 2090 1502 2124 eos
1526 2075 1740 2143 Sabcis,

110 2141 268 2203 genti
295 2140 635 2205 longinquae,
662 2143 796 2206 quia
822 2143 1088 2192 Dominus
1121 2145 1375 2209 loquutus
1395 2151 1485 2194 est.
1514 2140 1741 2199 Vicina-3

114 2222 277 2273 rum,
296 2212 522 2274 quibus
539 2212 884 2263 circumdati
899 2217 1061 2265 erant
1075 2215 1281 2274 Judwi,
1299 2216 1663 2279 iniquitatem
1688 2222 1745 2269 et

118 2281 353 2355 odium,
376 2280 470 2333 vel
486 2281 796 2355 levisszepe
812 2284 1119 2348 detegebat
1137 2287 1382 2337 occasio.
1404 2290 1546 2339 Nam
1567 2286 1679 2355 50
1692 2286 1740 2355 ο

118 2352 414 2415 quoniam
449 2354 690 2417 propriis
730 2355 954 2406 viribus
985 2356 1224 2408 Judaaos
1263 2352 1601 2422 oppugnare
1626 2352 1745 2410 non

123 2426 423 2486 poterant,
447 2426 732 2488 majorum
744 2426 1004 2477 hostium
1014 2427 1414 2491 jungebantur
1433 2432 1741 2491 agminibus.

122 2493 296 2554 Quod
339 2507 543 2545 eorum
569 2495 792 2549 facinus
815 2510 1047 2549 carmen
1069 2512 1382 2563 accusans,
1414 2501 1748 2550 Tabernacu-

123 2563 265 2627 lum,
308 2565 523 2628 inquit,
567 2567 948 2631 Idumaeorum,
978 2575 1023 2618 et
1056 2570 1350 2630 lsmaelilw,
1378 2571 1535 2621 Moab
1568 2578 1614 2621 et
1635 2574 1747 2636 Ag-

122 2636 349 2706 gareni,
370 2636 531 2685 Gebal
544 2643 589 2686 et
604 2639 862 2702 Ammon,
875 2645 920 2688 et
938 2640 1212 2704 Amalech,
1230 2647 1275 2689 et
1292 2642 1608 2706 alienigenas
1623 2658 1746 2692 cum

126 2704 514 2755 habitantibus
535 2706 752 2772 Tyrum.
768 2709 1164 2759 EtenimAssur
1175 2712 1317 2760 venit
1328 2728 1452 2761 cum
1463 2704 1596 2762 illis:
1614 2713 1746 2775 facti

124 2780 256 2825 sunt
281 2778 347 2826 in
363 2779 749 2843 susceptionem
769 2780 899 2843 ﬁliis
913 2781 1048 2830 Loth
1065 2781 1231 2844 (Psal.
1258 2782 1385 2845 82.).
1412 2784 1745 2835 Secundum

126 2846 292 2899 hunc
307 2861 451 2912 ergo
468 2862 707 2913 morem,
727 2852 1101 2905 contermina
1116 2854 1383 2905 nationes
1396 2855 1468 2905 ad
1486 2860 1747 2906 everten-

131 2917 270 2970 dam
297 2921 457 2983 Syon
474 2934 604 2971 cum
627 2922 884 2985 Assyriis
905 2924 1101 2987 copias
1122 2925 1514 2987 miscuissent,
1533 2938 1746 2978 conve-

134 2989 225 3039 nit
240 3002 344 3041 eos
366 2990 545 3042 divini
558 3004 803 3043 censura
818 2995 1121 3056 sermonis,
1137 3000 1195 3046 et
1211 2996 1377 3058 quasi
1392 3008 1656 3047 caussam
1671 2998 1745 3048 ab

131 3060 216 3110 eis
251 3060 389 3112 talis
417 3062 859 3126 poscitinjuriee.
878 3065 1162 3129 Deinceps
1186 3079 1320 3117 vero
1344 3067 1736 3119 convictorum

125 3133 185 3180 et
216 3132 542 3183 tacentium
584 3134 729 3197 parti
762 3136 1075 3199 respondit,
1109 3149 1182 3187 ne
1225 3137 1369 3189 forte
1406 3139 1740 3190 memoriam

128 3202 412 3263 praeteriti
432 3202 644 3255 doloris
659 3206 1068 3258 assumserint:
1099 3208 1331 3271 quando
1347 3208 1613 3261 videlicet
1634 3208 1733 3261 filii

1840 1928 2048 1992 gaudia
2069 1930 2259 1980 Judaai
2278 1930 2631 1981 liberationis
2655 1931 2980 1994 adquirant,
3000 1932 3102 1983 sed
3123 1932 3295 1981 etiam
3312 1931 3437 1980 vin-

1841 2001 2012 2051 dicta)
2031 2000 2319 2065 voluptate
2340 2006 2669 2066 pascantur,
2688 2002 2941 2065 dentque
2966 2015 3183 2053 venum
3210 2007 3435 2053 vestros

1841 2070 1989 2121 ﬁlios
2014 2083 2129 2122 non
2155 2072 2359 2123 vicinis
2382 2072 2653 2136 gentibus
2676 2074 2730 2137 (a
2754 2073 2965 2136 quibus
2987 2078 3222 2137 sperent
3243 2084 3438 2123 recur—

1843 2142 2015 2205 sum),
2034 2142 2134 2193 sed
2162 2141 2389 2207 populis
2409 2143 2429 2171 δ
2452 2143 2616 2204 Saba,
2644 2155 2817 2206 quem
2842 2142 3095 2195 Gentiles
3117 2142 3295 2193 litem
3320 2143 3439 2193 Me-

1842 2225 1982 2263 roen
2000 2219 2297 2264 vocarunt.
2319 2214 2479 2275 Quod
2498 2219 2686 2264 totum
2707 2226 2845 2265 sane
2859 2214 2949 2266 vel
2966 2214 3161 2265 statim
3180 2215 3311 2278 post
3332 2216 3441 2264 As-

1845 2286 2129 2346 syriorum
2150 2285 2393 2347 exitum,
2406 2284 2497 2336 vel
2512 2289 2645 2349 post
2661 2286 3046 2336 reversionem
3072 2285 3143 2335 de
3159 2287 3442 2345 captivitate

1843 2354 2172 2418 Babylonia,
2186 2355 2650 2407 Machabteorum
2664 2356 3016 2419 temporibus
3029 2356 3258 2406 videtur
3270 2357 3336 2401 im
3343 2356 3445 2414 ple-

1847 2428 1987 2475 tum.
2007 2427 2336 2477 Notandum
2348 2431 2543 2477 autem
2554 2465 2566 2487 ,
2578 2426 2713 2489 quia
2726 2438 2841 2476 non
2856 2426 3048 2477 omnia
3059 2437 3191 2488 quas
3208 2426 3313 2472 illis
3327 2432 3444 2473 sunt

1843 2501 2010 2561 gesta
2045 2498 2423 2561 temporibus,
2452 2497 2527 2548 ad
2566 2497 2880 2562 spiritalem
2905 2496 3363 2560 intelligentiam,
3387 2495 3445 2547 id

1845 2572 1953 2627 est,
1971 2568 2448 2631 signiﬁcationem
2466 2567 3064 2631 Evangelicimuneris
3082 2565 3448 2631 probabiliter

1847 2635 1996 2704 50]
2050 2648 2069 2668 °
2114 2637 2555 2701 transferuntur,
2595 2640 2748 2689 sicut
2788 2638 2902 2689 alia
2924 2649 3057 2700 qum
3100 2640 3268 2700 paulo
3309 2640 3444 2688 ante

1845 2709 2099 2759 diximus
2128 2708 2200 2759 de
2236 2709 2619 2759 commotione
2642 2708 2915 2764 siderum,
2942 2708 3012 2759 de
3045 2706 3446 2769 magnitudine

1846 2779 2254 2842 prodigiorum,
2272 2779 2344 2829 de
2366 2778 2648 2830 effusione
2666 2778 2978 2828 donorum:
2999 2790 3132 2840 quas
3156 2782 3215 2827 et
3237 2776 3348 2826 illis
3362 2777 3446 2827 vi-

1844 2849 2048 2901 delicet
2084 2850 2438 2913 temporibus
2479 2849 2867 2911 contigerunt,
2915 2851 2971 2899 et
3008 2849 3117 2898 sub
3147 2848 3445 2899 Dominica

1844 2920 2129 2985 passione,
2172 2920 2264 2972 vel
2302 2920 2505 2971 ultimo
2546 2921 2671 2984 ejus
2709 2919 2933 2970 Judicio
2958 2918 3309 2969 cumulatius
3333 2919 3443 2968 im-

1845 2992 1996 3054 pleta
2006 2991 2410 3055 implendaque
2421 2989 2751 3043 creduntur.
2767 2989 2935 3040 Haud
2947 3001 3101 3053 ergo,
3115 2991 3370 3052 inquam,
3385 3003 3443 3037 eo

1846 3062 2017 3112 modo
2041 3068 2265 3122 cuncta,
2283 3074 2415 3125 quae
2434 3062 2525 3112 his
2548 3061 2827 3125 propheta
2851 3060 3167 3122 subtexuit,
3185 3059 3257 3110 ad
3282 3057 3442 3123 spiri-

1839 3132 2014 3184 talem
2036 3132 2474 3195 intelligentiam
2490 3132 2851 3196 copulantur.
2879 3133 3033 3193 Quos
3056 3131 3212 3181 enim
3236 3129 3440 3193 Tyrios

1839 3215 2063 3266 quosve
2086 3204 2369 3266 Sidonios,
2391 3202 2480 3254 vel
2503 3203 2754 3265 reliquos
2784 3201 3218 3253 Palmstinorum
3242 3201 3440 3251 termi-

130 3249 1733 3341 issetgerasseligasﬁaamasta;ias;
1759 3249 1808 3325 C
1839 3249 1949 3326 ιῖδὲ
1960 3249 3444 3338 ἓιὶιὶιιῖὲῐιίῐέξἕτὲὲίεῖεἷῑιῖᾦίἷοὲῶ’ἷιὲέὲῖλὶὲὸιῖἱίὰὦδίι-

130 3342 623 3406 Repromissionis
638 3345 944 3412 intrarunt,
964 3352 1023 3399 et
1048 3349 1315 3401 traditam
1331 3350 1442 3401 sibi
1465 3352 1636 3403 certis
1660 3351 1747 3403 di-

198 3474 219 3495 ³
241 3467 401 3518 Libri
424 3468 514 3519 alii
551 3481 685 3520 cum
710 3471 978 3533 Hebraeo,
1003 3472 1233 3522 rcddctis
1256 3472 1419 3537 mihi,
1447 3478 1493 3523 et
1516 3475 1565 3523 si
1587 3474 1747 3525 ulcis-

134 3535 352 3597 cimini,
381 3543 489 3590 etc.

199 3607 221 3636 δ
244 3610 542 3664 Ptolemaei
571 3613 779 3664 Arabia
792 3614 1027 3666 Sabaeos
1053 3612 1296 3665 collocat
1318 3615 1639 3668 Mocoretas
1658 3616 1749 3669 in-

140 3680 226 3752 t_er
239 3684 298 3731 et
313 3681 592 3734 Anchitas
611 3697 786 3748 supra
807 3690 1065 3736 montem
1083 3686 1345 3737 Climaca.
1368 3688 1750 3752 Agatharchi-

136 3747 241 3800 des
267 3763 503 3814 quoque
527 3747 857 3806 Sabaeorum
880 3768 989 3820 gen
1000 3760 1115 3807 tem
1150 3758 1410 3808 omnium
1421 3747 1748 3810 maximam

139 3827 329 3892 vocat,
360 3825 489 3874 κατὰ
518 3820 604 3886 τὴν
635 3827 889 3892 Ἀραϐίαν,
908 3842 1006 3891 per
1026 3825 1312 3878 Arabiam.
1327 3830 1665 3881 Eustathius
1688 3831 1749 3881 in

136 3890 485 3956 Dionysium
510 3890 743 3947 eosdem
766 3890 949 3961 putat,
974 3910 1123 3961 quos
1138 3897 1230 3949 hic
1246 3898 1435 3963 Sabas,
1455 3902 1617 3958 Σάϐας
1648 3914 1750 3952 vo-

142 3963 514 4043 cat,‘_eosq_ue
538 3967 785 4043 proprie
826 3968 1101 4019 Arabiam
1138 3964 1440 4043 Ιεξῦδαίμᾳνα,
1477 3971 1750 4043 Εαειίεεπι,

141 4028 405 4104 habitare
428 4036 620 4087 tradit.
639 4028 749 4089 Sed
771 4044 971 4101 postea
985 4052 1057 4090 ex
1075 4040 1277 4090 eodem
1296 4028 1585 4104 Dionysio,
1611 4046 1669 4093 et
1687 4028 1749 4094 ui

142 4100 377 4178 Eerside
400 4106 645 4178 inveniri
681 4100 800 4169 eos,
830 4114 1013 4172 notat,
1043 4107 1264 4175 εὕρωνται
1294 4111 1347 4161 δὲ
1380 4100 1466 4162 καῖ
1497 4100 1745 4178 Περσικοὶ.

145 4173 426 4247 ξτεθιετθᾶ
448 4176 504 4226 in
518 4177 697 4241 India,
710 4179 1021 4247 καὶξίνδικδν
1038 4173 1169 4237 ἕθύος
1184 4181 1227 4230 οἱ
1239 4182 1396 4232 Σάὸαι
1423 4173 1745 4247 εὖρίσπὶονται.

143 4242 400 4317 genique
429 4247 489 4298 in
514 4238 772 4313 Thracia,
796 4238 926 4313 ἦσαν
953 4246 1006 4301 δέ
1036 4253 1119 4301 καὶ
1149 4252 1281 4307 ἔθνος
1305 4238 1547 4317 θρακωίὸν
1571 4256 1744 4308 Σάϐαι.

142 4313 246 4383 His
270 4316 421 4368 addo
439 4318 851 4383 Hieronymum
867 4322 924 4371 in
940 4321 1187 4372 eundem
1198 4313 1357 4372 hunc
1368 4322 1544 4374 Joelis
1562 4326 1745 4379 locum.

146 4382 392 4459 Sabaim,
416 4389 620 4452 inquit,
641 4382 769 4454 gens
788 4396 941 4439 trans
957 4392 1174 4440 Indiam
1192 4392 1410 4457 dicitur,
1436 4394 1622 4458 dequa
1637 4397 1748 4459 fuit

143 4459 188 4527 et
210 4456 418 4519 Regina
453 4459 615 4523 Saba,
643 4476 758 4524 quae
791 4462 949 4526 venit,
984 4468 1089 4514 etc.
1117 4463 1256 4512 Licet
1281 4456 1748 4527 quidam—Sabe”

145 4525 345 4577 Arabes
354 4531 708 4594 suspicentur.
719 4534 849 4584 Jam
862 4525 1053 4596 itaque
1069 4533 1218 4587 inter
1230 4525 1419 4587 varias
1432 4538 1747 4593 Auctorum

1844 3346 2214 3411 spicabimur,
2232 3350 2299 3397 ut
2315 3357 2414 3396 eos
2430 3345 2687 3396 ﬁdelium
2702 3344 2914 3395 liberos
2932 3341 3269 3395 vendidisse
3287 3344 3443 3402 ﬁnga-

1843 3470 2079 3523 nomine
2113 3470 2173 3522 in
2209 3469 2515 3534 Scripturis
2548 3467 2854 3520 laudatur:
2894 3466 3009 3531 illa,
3054 3466 3173 3518 sive
3207 3477 3343 3529 quas
3383 3464 3443 3517 in

1844 3540 2129 3604 Ethiopia
2151 3544 2257 3601 est,
2283 3553 2385 3604 per
2410 3540 2635 3589 Samech
2672 3539 2941 3591 scribitur
2972 3540 3131 3602 una,
3156 3537 3283 3589 hac
3305 3548 3442 3589 vero

1845 3614 2074 3665 Arabiae
2108 3615 2253 3664 suis
2291 3624 2393 3675 per
2418 3611 2577 3662 Shin.
2609 3611 2789 3662 Probe
2808 3614 3116 3672 utramque
3139 3608 3444 3671 distinguit

1846 3685 2054 3735 Psalm.
2077 3682 2164 3746 7‘2,
2192 3697 2248 3736 v.
2283 3682 2370 3737 16.
2397 3697 2627 3732 munera
2649 3681 2869 3746 offerent
2899 3695 3043 3744 reges
3067 3680 3229 3731 N3D1
3272 3682 3439 3736 N227,

1847 3755 2033 3805 Shaba
2054 3760 2099 3804 et
2138 3754 2313 3805 baba:
2339 3765 2587 3817 quorum
2622 3753 2873 3817 primum
2895 3753 3131 3804 Gnaeus
3154 3751 3444 3813 Interpres

1849 3828 2095 3894 Ἀράϐων,
2113 3839 2185 3877 ex
2209 3838 2391 3889 eoque
2415 3825 2690 3887 vulgatus
2714 3823 2957 3874 Arabum
2982 3822 3177 3894 vertit,
3198 3821 3445 3894 alterum

1848 3891 2011 3950 Saba.
2040 3898 2316 3948 Nimirum
2348 3897 2441 3948 hic
2465 3896 2656 3955 etiam,
2682 3896 2852 3958 cujus
2875 3904 3088 3945 caussa
3106 3892 3234 3943 hac
3257 3891 3446 3943 disse-

1845 3970 2069 4022 ruimus
2082 3967 2257 4020 Joelis
2270 3968 2433 4018 locus
2444 3980 2545 4031 per
2559 3966 2701 4016 Shin
2723 3966 2991 4016 scribitur
3012 3965 3250 4026 omnm,
3265 3961 3446 4013 utmi-

1846 4040 2002 4091 nime
2018 4040 2086 4090 de
2100 4038 2449 4102 zEthiopicis,
2472 4037 2573 4089 sed
2595 4037 2797 4100 utique
2812 4036 3100 4087 Arabibus
3124 4034 3342 4086 Sabaeis
3365 4034 3447 4085 in-

1849 4110 2074 4173 telligas
2100 4121 2428 4159 sermonem
2454 4119 2604 4158 esse.

1911 4190 1931 4210 ε
1953 4179 2320 4242 Persequitur
2336 4176 2844 4241 Hieronymianam
2855 4173 3272 4238 expositionem
3289 4176 3445 4233 hujus

1847 4263 2076 4314 quoque
2106 4248 2215 4301 loci
2252 4260 2501 4312 carpere,
2539 4258 2715 4311 quam
2738 4247 2986 4296 Sanctus
3020 4243 3254 4306 quidem
3278 4244 3445 4293 Pater

1847 4322 2031 4387 primo
2055 4334 2127 4372 ex
2142 4321 2523 4372 Hebraiorum
2546 4319 2688 4383 ipsis
2705 4315 3113 4369 traditionibus
3134 4314 3444 4387 expressit,

1848 4383 1947 4457 qui
1971 4391 2360 4457 propheticam
2377 4388 2725 4442 sententiam
2740 4388 3038 4452 impletam
3060 4397 3179 4435 non
3204 4383 3448 4457 diiIlten-

1848 4454 1944 4516 tur
1972 4454 2209 4527 tempore
2246 4463 2571 4527 captivitatis
2606 4460 2864 4520 Judaicse,
2909 4457 3131 4522 quando
3152 4455 3277 4505 victi
3311 4454 3447 4519 ipsi-

1844 4540 1970 4584 sunt
1992 4550 2025 4583 a
2052 4534 2332 4584 Romanis.
2354 4532 2477 4583 Sed
2499 4536 2558 4584 et
2589 4529 2754 4584 valde
2778 4540 3060 4592 congruas
3087 4528 3150 4579 in
3170 4540 3299 4580 eam
3322 4539 3444 4579 rem

150 4599 483 4674 sententias,
503 4602 794 4653 neminem
807 4603 1101 4667 vides,qui
1117 4617 1251 4656 cum
1275 4607 1480 4659 Nostro
1501 4607 1688 4674 faciat,
1702 4618 1748 4661 et
1767 4655 1820 4674 ἢ
1850 4606 2100 4657 rationes
2132 4605 2256 4669 ipse
2294 4603 2586 4655 subnectit
2611 4599 3124 4674 :Aquia,»inqu_iens,
3158 4603 3275 4674 post
3302 4599 3443 4648 diem

148 4655 812 4741 geroeninterpretetur,
828 4675 951 4726 sive
972 4655 1151 4726 exilia
1161 4655 1748 4741 peninsul—aau—t‘ins‘ulva
1767 4655 1824 4728 Ι)
2098 4655 2381 4739 magnum,
2406 4679 2452 4722 et
2476 4655 3141 4733 horribilem'hacjutura
3158 4655 3440 4733 dicuntur,

152 4739 450 4804 Ethiopiaa
493 4744 603 4794 sub
646 4746 908 4810 Egypto,
950 4739 1183 4798 Sabinos
1215 4753 1488 4801 accersat.
1522 4752 1747 4804 Etenim

152 4810 339 4884 Meroe
353 4813 509 4878 regio
525 4828 659 4866 cum
675 4816 940 4879 ejusdem
957 4818 1209 4869 nominis
1224 4819 1450 4884 oppido,
1467 4822 1659 4875 Nilum
1676 4827 1749 4874 in-

150 4882 235 4931 ter
257 4887 315 4933 et
336 4885 679 4937 Astaboram
707 4888 916 4939 ﬂuvios
933 4888 1107 4951 jacet,
1133 4882 1552 4952 quod’Veteres
1576 4906 1643 4945 ac
1665 4908 1747 4946 re-

153 4954 431 5023 centiores
442 4955 764 5021 Geographi
778 4958 1031 5010 tradunt.
1046 4961 1353 5023 Accepisse
1366 4968 1564 5015 autem
1576 4969 1672 5014 Nos
1679 4974 1747 5015 ter

152 5022 396 5101 videtur,
410 5039 539 5101 non
556 5029 628 5101 ab
642 5028 920 5101 Ethnicis,
932 5032 999 5080 ut
1018 5030 1172 5081 credi
1190 5022 1330 5094 vult,
1346 5034 1743 5101 Scriptoribus,

153 5093 251 5173 sed
274 5097 671 5173 abs_Josepho,
698 5100 1062 5173 quiAlib.‘VII,
1090 5093 1391 5169 Antiquit,,
1413 5093 1533 5169 cap.
1568 5107 1618 5172 2,
1639 5093 1747 5159 Re;

152 5169 345 5244 ginam
368 5169 553 5244 Saba,
590 5182 733 5244 quae
745 5170 819 5244 ad
844 5169 1210 5224 Salomonem
1238 5176 1417 5240 venit,
1442 5169 1747 5244 Ethiopim

154 5234 427 5313 Reginam
451 5239 633 5313 fuisse
657 5242 968 5313 arbitratus
993 5246 1103 5307 est,
1133 5249 1192 5296 et
1217 5234 1503 5313 superi-us,
1533 5234 1658 5302 sive
1679 5251 1748 5303 li-

157 5304 251 5357 bro
275 5311 340 5372 II,
359 5322 481 5373 cap.
505 5309 768 5384 5,4urbem
792 5314 994 5363 Sabam
1018 5304 1230 5379 regiam.
1245 5304 1544 5384 Ai'thiopiie
1558 5327 1745 5383 vocat,

156 5389 317 5438 quam
337 5387 517 5444 postea
537 5382 818 5447 Cambyses
835 5385 1091 5436 MBROBN
1109 5387 1169 5435 de
1184 5382 1505 5439 sororissuae
1531 5382 1750 5441 nomine

153 5450 454 5526 appellavit.
480 5454 601 5526 Nec
619 5468 756 5506 vero
779 5457 1053 5519 negarim,
1079 5458 1259 5511 fuisse
1274 5460 1447 5511 etiam
1464 5462 1524 5512 in
1535 5464 1751 5515 zEthio-

158 5522 245 5580 pia
266 5522 473 5574 Sabam
504 5529 562 5597 et
584 5525 835 5586 Sabaeos,
862 5527 965 5578 sed
996 5530 1358 5593 propositum
1383 5531 1574 5583 locum
1596 5535 1752 5597 quod

159 5597 391 5666 spectat,
416 5594 604 5666 ausim
628 5598 936 5666 Auctorem
961 5602 1228 5649 nostrum
1264 5600 1470 5650 erroris
1494 5594 1751 5666 arguere,

158 5661 404 5733 {temque
424 5663 959 5731 illum,Josephum,
978 5667 1237 5733 inquam,
1254 5680 1289 5718 a
1307 5681 1423 5731 quo
1436 5670 1544 5721 sibi
1558 5661 1755 5725 fucum

159 5727 272 5803 ﬂeri
286 5747 497 5797 passus
514 5727 618 5787 est.
638 5739 712 5789 Ut
734 5727 893 5789 enim
913 5727 1197 5797 omittam,
1224 5727 1526 5803 Ethiopiaa
1546 5743 1755 5796 Sabam

161 5801 388 5856 minime
420 5818 549 5857 esse
582 5807 772 5859 thuris
812 5808 1103 5860 fertilitate
1144 5801 1443 5868 celebrem,
1482 5813 1545 5861 ut
1576 5825 1644 5864 ea
1667 5821 1757 5867 est

162 5875 407 5927 maxime
422 5875 480 5926 in
493 5878 703 5929 Arabia
724 5878 907 5931 Felice
926 5891 1097 5942 prope
1109 5879 1302 5931 sinum
1317 5880 1641 5946 Arabicum,
1654 5899 1755 5944 quo

1846 4747 2211 4812 quzApostoli
2228 4747 2288 4795 in
2301 4746 2598 4795 Resurrecti
2601 4759 2700 4794 one
2714 4743 2939 4793 Domini
2952 4743 3441 4806 interpretantur...

1844 4820 2022 4881 magis
2039 4818 2100 4867 de
2116 4819 2377 4868 Romanis
2392 4823 2463 4866 est
2482 4814 2908 4879 intelligendum,
2923 4813 3067 4879 quod
3088 4814 3445 4877 Vespasianus

1845 4896 1893 4939 et
1916 4890 2060 4938 Titus
2076 4891 2254 4939 Romae
2282 4888 2491 4952 Templa
2514 4887 2677 4937 Pacis
2695 4886 2973 4948 adi/teuto,
3000 4900 3133 4934 vasa
3153 4884 3372 4948 Templi,
3398 4889 3445 4933 et

1846 4964 2100 5011 universa
2139 4960 2383 5010 donaria
2405 4960 2467 5009 in
2495 4958 2712 5008 delubro
2750 4957 2900 5007 illius
2939 4960 3338 5006 consecrarunt.
3376 4954 3446 5004 Et

1846 5032 2016 5098 paulo
2055 5037 2224 5096 post:
2262 5032 2374 5081 Hoc
2415 5030 2498 5079 illi
2536 5029 2761 5092 (Judmi)
2802 5028 3065 5091 referunt,
3102 5033 3163 5077 ut
3184 5026 3444 5076 ultionem

1848 5103 2152 5167 Sanguinis
2178 5102 2378 5154 Christi
2402 5106 2449 5151 et
2463 5100 2857 5151 subversionem
2878 5098 3195 5161 Jerusalem,
3218 5112 3336 5161 quas
3350 5098 3448 5146 Dei

1838 5173 2050 5239 judicio
2075 5174 2267 5223 accidit
2290 5178 2480 5223 contra
2507 5172 2710 5237 Tyrum
2744 5176 2789 5220 et
2811 5170 3083 5235 Sydonem
3107 5184 3205 5232 per
3233 5183 3287 5217 se
3308 5167 3448 5216 acci-

1850 5247 1985 5296 disse
2000 5247 2333 5309 conﬁrmcnt.
2349 5244 2459 5295 Nos
2469 5249 2649 5294 autem
2651 5249 2815 5308 Juxta
2830 5247 3053 5307 captam
3068 5240 3444 5304 tropologiam,

1861 5318 2065 5382 Tyrum
2080 5323 2125 5368 et
2141 5318 2399 5369 Sidonem
2413 5321 2463 5367 et
2476 5316 2790 5366 Palaestinos
2805 5328 2888 5363 eos
2903 5311 3447 5382 interpretemur,qui

1851 5381 1948 5439 Dei
1966 5389 2233 5454 populum
2249 5392 2623 5451 coangustant,
2641 5391 2687 5435 et
2712 5384 2991 5446 tribulant,
3010 5386 3119 5434 etc.
3136 5382 3302 5454 Tum,
3323 5381 3447 5454 Hae:-

1851 5451 2051 5511 reticus
2075 5475 2420 5524 quoscunque
2443 5458 2715 5521 deceperit,
2742 5461 2789 5505 et
2810 5471 2914 5505 sua
2930 5454 3109 5516 fecerit
3131 5452 3361 5524 adorare
3382 5451 3450 5524 si-

1851 5522 2119 5595 mulacra,
2155 5532 2295 5595 ﬁlios
2316 5522 2467 5580 Juda
2488 5535 2535 5578 et
2555 5528 2695 5590 ﬁlios
2712 5525 3012 5576 Jerusalem
3034 5524 3212 5573 vendit
3238 5522 3446 5595 Graecis,

1852 5605 1959 5655 sive
1976 5593 2288 5662 Gentilibus,
2310 5607 2356 5650 et
2378 5616 2462 5650 eos
2494 5601 2556 5649 de
2584 5598 2915 5651 Christianis
2936 5596 3195 5646 Ethnieos
3216 5593 3365 5657 facit,
3393 5599 3450 5642 ut

1852 5675 2167 5724 exterminet
2190 5674 2251 5721 de
2268 5672 2471 5734 ﬁnibus
2489 5672 2619 5731 suis,
2641 5673 2749 5721 etc.
2775 5669 2914 5718 Haec
2939 5672 3075 5717 sunt
3089 5678 3224 5729 qum
3250 5668 3452 5717 Noster

1854 5746 2040 5810 pergit
2062 5743 2291 5807 singula
2313 5743 2623 5805 exagitare.
2662 5742 2893 5800 Jurene,
2924 5749 3001 5788 an
3021 5737 3248 5799 injuria,
3272 5747 3451 5799 penes

1854 5820 2151 5869 Lectorem
2175 5814 2463 5867 eruditum
2480 5811 2767 5876 judicium
2791 5810 2935 5861 esto.
