3866 6206
421 322 565 375 1055

1485 324 1750 377 RUFINO
1794 321 2251 373 PRESBYTERO
2284 323 2664 376 ASCRIPTUS

3636 325 3663 376 1
3680 324 3785 376 [ξιξ
3832 324 3833 363 ῖ

420 438 595 486 mus?
618 439 773 511 Quos
791 439 836 488 si
859 440 1218 511 tamen,quia
1234 449 1251 468 ·
1275 438 1631 503 pellexerunt
1652 435 1724 511 ad
1748 435 1904 495 vitia,
1921 448 2023 511 ve_-
2047 442 2107 511 Α
2130 436 2416 511 destituit,
2429 436 2827 511 etin‘ipsosest
2842 438 3354 511 directasenteutia
3366 439 3599 511 ultionis,
3622 442 3718 483 τά]
3749 462 3787 484 -

425 518 569 557 num
595 508 771 560 etiam
806 510 1106 561 tradidisse
1143 510 1431 574 fingamus
1467 510 1635 572 [Ant
1677 506 2019 570 fingantur],

426 577 717 638 quomodo
730 579 811 630 eis
821 580 1064 630 eandem
1077 580 1537 631 vicissitudinem
1561 576 2022 640 comminabitur,

426 652 492 699 ut
516 660 622 698 nos
649 649 914 700 videlicet.
934 652 1345 703 mercatoribus
1374 650 1592 702 Sabaeis
1618 660 1814 698 eorum
1838 647 2025 697 denuo

428 718 579 769 filios
597 721 1005 771 contradamus
1017 725 1044 771 ?
1056 723 1297 774 Proinde
1315 719 1667 773 tenendailla
1678 720 2027 777 intelligentiae

429 789 647 854 regula,
665 795 729 841 ut
744 804 879 843 cum
906 797 1102 845 tenore
1119 794 1364 857 simplici
1390 793 1659 843 instituta
1682 794 1876 841 currat
1900 801 2028 840 ora-

430 860 508 910 tio
519 872 534 921 ;
545 873 648 924 per
660 874 934 914 excessus
945 865 1236 916 interdum
1248 864 1515 916 vaticinio
1541 865 1941 923 congruentes,
1961 872 2029 911 ea

426 930 809 993 intersonent,
846 947 981 998 quae
1016 936 1225 987 futuris
1257 936 1430 986 etiam
1465 933 1690 997 possint
1727 931 2027 983 convenire

423 1004 744 1066 mysteriis.
758 1007 864 1056 Sed
882 1012 1112 1069 peracto
1124 1020 1329 1057 rursus
1355 1006 1451 1057 oili
1461 1007 1564 1063 cio,
1583 1004 1655 1055 ad
1668 1003 2026 1067 propositum

423 1076 521 1125 sui
534 1078 806 1139 temporis
820 1091 910 1129 res
934 1078 1206 1139 ducatur;
1225 1091 1291 1130 ac
1306 1091 1407 1141 per
1418 1075 1917 1138 consequentiam,
1934 1072 2027 1125 vel

427 1146 913 1212 comminationis,
952 1149 1041 1200 vel
1060 1148 1481 1200 exhortationis
1505 1146 1751 1197 incedat.
1778 1144 1941 1197 Unde
1970 1150 2028 1195 et

424 1217 636 1268 beatus
647 1217 791 1280 Joel,
810 1223 1116 1283 postquam
1130 1220 1343 1283 impetu
1362 1216 1738 1283 prophetandi
1752 1215 2028 1267 extremis

427 1287 602 1339 etiam
628 1289 839 1340 seculis
879 1293 1139 1354 ventura,
1172 1290 1275 1341 sed
1314 1290 1580 1351 breviter,
1620 1287 1914 1345 indicavit,
1954 1286 2031 1343 ad,

428 1359 705 1423 temporis
738 1361 829 1411 sui
864 1363 1144 1414 rationem
1183 1362 1504 1413 revertitur:
1545 1358 2028 1421 conterminisque

429 1429 701 1481 hostibus
724 1432 900 1483 exitia
924 1434 1329 1492 comminatus,
1352 1431 1537 1496 pergit
1559 1443 1628 1481 ea
1650 1429 1882 1493 gaudia,
1898 1440 2030 1491 quin

431 1500 554 1565 jam
579 1502 910 1566 appropiare
935 1508 1337 1568 conspexerat,
1363 1501 1667 1566 explicare,
1694 1505 1759 1551 ut
1781 1504 1840 1551 et
1862 1501 2032 1562 longe

436 1571 598 1635 posth
614 1572 872 1623 venturis
889 1574 1061 1625 ﬁdem
1080 1574 1305 1635 faciant,
1320 1585 1452 1636 quas
1468 1571 1796 1635 propediem
1812 1570 2034 1620 denun-

435 1642 548 1693 ciat
571 1644 885 1696 exibenda:
919 1651 977 1697 et
996 1659 1116 1704 eos,
1142 1646 1355 1709 quibus
1381 1643 1829 1695 consolationem
1854 1644 2033 1705 parat,

434 1714 799 1778 percipienda
808 1716 1172 1780 jucunditate
1186 1715 1510 1781 perfundat.
1534 1716 1809 1778 Pompam
1837 1717 2033 1765 autem

435 1785 733 1849 subrogat,
756 1790 820 1838 ut
845 1788 1193 1850 instituerat,
1223 1786 1590 1838 nunciandis.

498 1856 663 1908 Vers.
689 1855 860 1912 9.-12.
899 1886 961 1895 -
1001 1860 1240 1922 clamate
1264 1860 1361 1908 hoc
1394 1857 1455 1906 in
1489 1856 1750 1920 gentibus,
1789 1855 2031 1917 sanctiﬁ-

434 1930 545 1976 cate
581 1926 792 1987 bellum,
826 1930 1073 1979 suscitate
1110 1930 1368 1980 robustos.
1413 1928 1700 1991 Accedant,
1743 1926 2035 1975 ascendant

435 2011 620 2047 omnes
642 1999 750 2047 viri
773 1998 1058 2051 bellatores.
1100 2000 1372 2051 Concidite
1400 2003 1595 2049 aratra
1622 2003 1794 2047 vestra
1818 1998 1879 2045 in
1912 1995 2033 2059 gla-

436 2068 574 2131 dios,
617 2074 663 2118 et
706 2069 908 2134 ligones
952 2078 1149 2122 vestros
1189 2073 1252 2121 in
1294 2072 1524 2121 lanceas.
1550 2069 1815 2131 Infirmus
1856 2068 2030 2117 dicat:

437 2140 583 2198 Quia
604 2140 761 2203 fortis
783 2158 876 2207 ego
900 2159 1039 2192 sum.
1066 2144 1370 2206 Erumpite,
1392 2147 1438 2192 et
1459 2142 1631 2191 venite
1654 2154 1836 2189 omnes
1860 2143 2035 2201 gentes

434 2210 501 2260 de
523 2211 774 2273 circuitu,
801 2219 847 2263 et
861 2215 1270 2279 congregamini
1298 2231 1309 2263 :
1329 2214 1403 2262 ibi
1428 2213 1729 2262 occumbere
1747 2211 1907 2274 faciet
1925 2210 2035 2258 Do-

434 2282 626 2332 minus
650 2284 888 2335 robustos
910 2291 1045 2337 tuos.
1064 2287 1129 2335 Et
1152 2290 1500 2348 consurgant,
1522 2288 1569 2332 et
1589 2283 1883 2332 ascendant
1905 2295 2035 2343 gen-

440 2358 512 2402 tes
536 2354 598 2403 in
616 2355 750 2405 valle
765 2357 1048 2421 Josaphat.
1068 2360 1291 2418 Quanta
1312 2355 1447 2407 belli
1463 2354 1777 2419 cupiditate
1788 2352 1861 2403 ad
1877 2363 2036 2402 ever-

442 2424 665 2477 sionem
684 2428 708 2476 J
720 2427 849 2479 udae
869 2428 1341 2491 conscenderent,
1355 2426 1604 2489 imagine
1616 2421 2034 2475 exhortationis

439 2495 537 2558 hui
547 2509 635 2559 us,
656 2499 979 2562 vimjudicii
990 2499 1355 2561 continentis,
1373 2496 1676 2561 expressit.
1700 2494 1919 2557 Omnis,
1941 2492 2036 2543 in-

442 2568 583 2630 quit,
607 2570 791 2620 cultor
813 2583 1081 2634 agrorum
1106 2582 1266 2620 arma
1288 2569 1580 2633 corripuit,
1605 2568 1661 2617 in
1686 2565 1907 2630 gladios
1929 2563 2032 2614 fal-

443 2650 560 2700 ces,
576 2644 632 2691 et
646 2653 905 2692 vomeres
925 2642 981 2691 in
993 2641 1106 2705 pila
1127 2644 1443 2692 mutarunt.
1460 2638 1731 2691 Nonnulli
1750 2637 1922 2688 etiam
1947 2634 2037 2686 vel

442 2708 833 2763 imbecillitate
850 2713 1117 2776 corporis,
1144 2711 1233 2763 vel
1250 2710 1581 2775 praijudicio
1604 2707 1922 2760 senectutis
1944 2719 2037 2757 ne-

440 2781 623 2843 gociis
635 2781 851 2832 bellicis
863 2784 1207 2841 abnuentes,
1222 2786 1417 2833 tamen
1430 2784 1635 2845 sponte
1649 2779 1723 2831 ad
1734 2779 1931 2844 prwlia
1945 2791 2040 2829 cu-

441 2857 748 2904 currerunt
766 2867 777 2900 :
792 2866 910 2917 prze
926 2854 1296 2905 multitudine
1308 2852 1574 2904 videlicet
1588 2852 1900 2915 copiarum,
1914 2864 2038 2911 quas

443 2931 565 2976 tam
581 2924 853 2987 Assyrius
869 2924 1000 2975 belli
1019 2926 1299 2989 princeps,
1322 2923 1375 2990 5
1387 2922 1435 2990 ο
1450 2922 1498 2989 2
1519 2935 1693 2986 quam
1711 2921 1914 2984 reliqui
1928 2920 2038 2971 mi—

442 2994 573 3044 nuti
595 3000 653 3045 et
675 2997 1021 3046 contermini
1052 2996 1252 3047 hostes
1278 2995 1598 3056 trahebant,
1630 2993 1955 3045 indubitata
1976 3003 2038 3041 se

446 3065 727 3128 potituros
754 3066 993 3117 victoria
1010 3068 1403 3130 suspicantes:
1433 3067 1532 3129 qui
1556 3078 1692 3117 sane
1714 3074 2039 3128 propugna-

446 3137 586 3187 toris
616 3137 797 3187 nostri
832 3137 1182 3200 profundum
1207 3136 1517 3188 consilium
1550 3135 1571 3164 ἀ
1611 3135 1865 3186 nescitis.
1894 3135 2038 3184 Nam

2128 507 2731 568 haecconcisionis,sed
2743 510 3027 571 Assyriae,
3043 509 3481 560 nominabitur:
3495 510 3783 572 adqui:

2123 578 2306 642 primo
2331 592 2462 629 cum
2484 578 2724 631 hostiles
2744 581 2927 644 copiae
2948 580 3381 631 convenissent
3399 584 3559 630 tanta
3580 582 3657 631 in
3688 584 3783 630 .3:-

2124 648 2429 713 rosolymis
2446 650 2750 701 conclusos
2765 651 3039 703 anxietas
3056 656 3117 702 et
3133 652 3393 703 formido
3407 654 3643 714 pervasi
3656 658 3704 711 t,
3724 658 3781 701 ut

2124 721 2208 772 eis
2231 733 2419 783 neque
2441 734 2654 785 magna
2680 723 2993 786 quicquam
3020 730 3187 775 astra
3210 723 3501 774 lucerent.
3542 725 3779 774 Verum

2126 805 2259 843 cum
2283 793 2838 857 ulciscendioperam
2853 795 3248 859 Omnipotens
3271 799 3694 857 propugnator
3710 814 3779 841 as-

2127 869 2395 927 sumeret,
2430 863 2541 916 illae
2566 866 2819 917 tenebm
2856 878 3004 929 quas
3043 878 3236 930 angor
3277 866 3467 916 animi
3504 867 3773 927 creabat.

2128 936 2503 987 barbarorum
2539 939 2596 987 et
2621 936 2829 987 animis
2862 942 2922 988 et
2950 937 3136 989 oculis
3168 938 3516 988 inciderunt
3545 953 3558 985 :
3586 942 3777 998 atque

2127 1007 2199 1056 ad
2222 1007 2629 1058 vindicandum
2644 1009 2799 1059 Deus
2810 1013 3014 1060 noster
3026 1013 3192 1060 tanta
3206 1011 3531 1073 majestate
3544 1010 3775 1072 prosis.

2129 1077 2229 1138 vit,
2263 1078 2327 1128 ut
2355 1089 2472 1127 non
2498 1076 2681 1128 solum
2706 1079 3019 1131 clamorem
3042 1080 3234 1131 instar
3270 1079 3625 1130 bellantium
3658 1079 3775 1129 du-

2128 1160 2280 1211 cum,
2295 1149 2397 1200 sed
2414 1150 2641 1211 rugitus
2656 1150 2941 1213 quosdam
2957 1151 3257 1203 videretur
3273 1155 3337 1202 et
3353 1150 3627 1201 fremitus
3642 1152 3719 1199 ed
3730 1153 3775 1198 i-

2128 1219 2302 1270 disse.
2336 1222 2589 1282 Quorum
2618 1220 2884 1272 videlicet
2901 1222 3181 1273 virtutem
3193 1227 3254 1273 et
3279 1221 3775 1283 magnitudinem

2128 1290 2284 1341 haud
2308 1291 2495 1341 solum
2519 1291 2689 1342 corda
2711 1291 3037 1355 hominum,
3082 1293 3187 1344 sed
3222 1305 3339 1343 nec
3358 1293 3497 1356 ipsa
3523 1302 3771 1355 possent

2130 1361 2413 1413 elementa
2431 1362 2695 1426 proferre.
2724 1363 2818 1413 Ait
2837 1364 3080 1427 quippe:
3101 1363 3382 1412 Dominus
3399 1363 3469 1411 de
3489 1361 3638 1425 Syon
3670 1379 3775 1408 ris-

2130 1433 2252 1496 giet,
2279 1437 2324 1481 et
2361 1433 2423 1481 de
2442 1433 2741 1482 Jerusalem
2775 1433 2925 1482 dabit
2948 1450 3127 1483 vocem
3154 1448 3323 1482 suam
3344 1450 3363 1493 ;
3388 1440 3441 1482 et
3466 1433 3766 1482 movebun-

2132 1509 2223 1551 tur
2241 1503 2351 1552 σειί
2386 1520 2447 1552 ac
2476 1509 2636 1554 terra.
2676 1505 2746 1553 Et
2775 1505 3047 1556 Dominus
3072 1520 3189 1569 spes
3209 1505 3412 1569 populi
3436 1507 3549 1566 sui,
3572 1510 3619 1552 et
3638 1505 3771 1565 for-

2134 1575 2308 1623 titudo
2323 1575 2566 1637 ﬁliorum
2590 1576 2907 1625 Jerusalem.
2928 1578 3057 1628 Fiet
3071 1590 3230 1641 ergo,
3248 1581 3320 1627 ut
3340 1577 3627 1637 diximus,
3645 1576 3769 1626 ista

2134 1646 2453 1708 conversio,
2472 1650 2537 1697 ut
2552 1647 2842 1705 tenebras,
2862 1659 3011 1709 quas
3032 1659 3415 1710 nequaquam
3440 1647 3641 1706 astris,
3654 1646 3763 1697 sed

2134 1716 2458 1768 timentium
2484 1718 2812 1780 pectoribus
2828 1717 3169 1781 insidentes,
3194 1720 3227 1769 J
3237 1718 3561 1769 udaaorum
3576 1719 3763 1782 primo

2058 1789 2110 1863 B
2136 1800 2291 1863 gens
2308 1793 2586 1863 senserat,
2609 1789 2881 1853 deinceps
2901 1790 2988 1863 ita
3002 1789 3266 1841 hostium
3286 1791 3468 1863 turba
3487 1791 3763 1854 patiatur.

2138 1862 2203 1908 ut
2239 1858 2543 1911 videantur
2574 1863 2633 1909 et
2663 1863 2821 1910 astra
2854 1860 3204 1923 nigrescere,
3242 1864 3305 1911 et
3330 1859 3628 1911 elementa
3647 1872 3761 1909 nn-

2135 1934 2272 1980 tare.
2301 1930 2456 1979 Filiis
2479 1941 2614 1993 ergo
2647 1929 2874 1981 Israelis
2909 1930 3191 1997 fortitudo
3216 1931 3553 1994 continget,
3580 1928 3752 1996 503

2112 2009 2153 2039 κ·
2176 2000 2469 2063 scientque
2493 2000 2646 2051 docti
2666 2013 2863 2052 rerum
2886 2001 3183 2065 periculis,
3209 2003 3354 2065 quia
3373 2003 3535 2052 Deus
3561 2014 3757 2053 eorum

2133 2070 2403 2121 dominus
2443 2071 2520 2121 sit
2552 2071 2840 2123 universa)
2873 2077 3058 2133 terrae,
3092 2073 3189 2136 qui
3224 2077 3435 2123 tamen
3468 2073 3532 2123 in
3560 2076 3753 2122 monte

2134 2143 2287 2206 Syon
2325 2142 2398 2193 ob
2449 2141 2686 2192 nimiam
2728 2142 3095 2193 clementiam
3142 2144 3427 2207 dignetur
3475 2144 3751 2195 habitare.

2196 2215 2357 2264 Vers.
2394 2211 2600 2265 17:18.
2634 2240 2691 2249 —
2714 2213 2784 2263 Et
2806 2214 2906 2262 erit
2937 2214 3242 2263 Jerusalem
3269 2222 3492 2276 sancta,
3516 2222 3565 2263 et
3586 2214 3753 2262 alieni

2132 2299 2243 2333 non
2273 2284 2584 2334 transibunt
2616 2299 2711 2347 per
2740 2300 2860 2333 eam
2891 2285 3150 2347 amplius.
3180 2285 3250 2333 Et
3285 2286 3393 2334 erit
3432 2286 3497 2333 in
3528 2285 3613 2332 die
3636 2284 3747 2345 illa,

2130 2354 2411 2404 stillabant
2434 2360 2636 2404 montes
2669 2355 3028 2417 dulcedinem,
3059 2362 3105 2404 et
3125 2356 3280 2404 colles
3312 2356 3492 2418 ﬂuent
3532 2357 3680 2415 lacte,
3701 2362 3747 2402 et

2127 2440 2226 2487 per
2240 2441 2421 2475 omnes
2449 2428 2593 2475 rivos
2621 2427 2770 2475 Juda
2795 2426 2949 2475 ibunt
2973 2442 3145 2489 aquae.
3180 2429 3409 2489 Facies,
3432 2428 3642 2489 inquit,
3666 2430 3747 2475 to-

2134 2497 2251 2547 tius
2276 2496 2525 2560 regionis
2544 2497 2617 2548 de
2641 2497 2905 2548 tristibus
2921 2497 2979 2547 in
2996 2496 3132 2548 laeta
3146 2499 3498 2548 mutabitur.
3519 2500 3589 2548 Et
3604 2510 3741 2559 quo—

2134 2567 2289 2617 niam
2321 2567 2602 2631 peculiare
2617 2571 2833 2620 nostraa
2848 2569 3043 2632 gentis
3058 2568 3293 2632 insigne
3316 2574 3432 2630 est,
3458 2575 3525 2619 ut
3550 2574 3743 2619 sancta

2136 2637 2377 2701 dicatur,
2402 2651 2518 2689 non
2544 2638 2730 2690 solum
2756 2640 3082 2703 Templum,
3110 2640 3213 2691 sed
3238 2641 3421 2692 etiam
3447 2642 3572 2691 tota
3595 2640 3739 2690 urbis

2135 2708 2352 2759 mmnia
2373 2709 2454 2759 ita
2476 2712 2781 2761 reverenda
2795 2709 2962 2760 faciet
2977 2710 3287 2761 admiratio
3310 2722 3737 2774 prosperorum,

2136 2784 2203 2831 ut
2218 2792 2388 2831 nemo
2405 2792 2531 2831 eam
2546 2780 2818 2844 profanus
2835 2780 2993 2832 adire
3011 2795 3182 2845 posse
3198 2781 3496 2832 credatur.
3512 2783 3739 2831 Dulcem

2135 2854 2331 2901 autem
2344 2851 2662 2902 libertatem
2680 2854 2837 2901 tanta
2853 2857 3251 2915 consequetur
3267 2853 3533 2914 ubertas,
3552 2854 3611 2901 ut
3632 2862 3740 2901 non

2138 2921 2326 2973 solum
2339 2922 2410 2972 de
2420 2922 2684 2973 alveariis
2701 2922 2763 2986 [A
2773 2922 2807 2972 t.
2822 2923 3057 2973 alvariis
3072 2922 3088 2987 ]
3105 2926 3209 2973 aut
3221 2923 3554 2986 arboribus,
3570 2921 3664 2973 sed
3677 2921 3739 2970 de

2136 2993 2278 3056 ipsis
2310 2993 2607 3044 montibus
2630 2994 2932 3044 videantur
2963 2993 3140 3045 mella
3168 2993 3449 3052 deﬂuere,
3486 2998 3656 3057 atque
3686 2994 3740 3041 in

2140 3065 2505 3115 fontanorum
2516 3064 2771 3114 rivorum
2789 3064 3039 3127 gratiam
3056 3070 3349 3116 torrentes
3372 3067 3567 3125 quique
3585 3070 3739 3111 muta—

2139 3136 2203 3197 ri,
2218 3139 2284 3186 ut
2306 3136 2576 3186 continue
2593 3135 2861 3186 videlicet
2876 3136 3191 3186 ﬂuentium
3204 3137 3439 3199 copiam
3448 3148 3563 3185 non
3577 3134 3736 3197 depo-

446 3220 582 3258 cum
605 3208 678 3258 ad
705 3198 911 3259 vallem
934 3209 1232 3272 Josaphat,
1256 3208 1314 3259 id
1337 3212 1446 3273 est,
1468 3208 1540 3259 ad
1564 3207 1920 3258 obsidionem
1942 3208 2039 3256 Je-
2065 3198 2113 3273 (ζ
2138 3211 2297 3257 nant.
2318 3208 2705 3268 Hancautem,
2722 3206 3161 3268 inquit,novam
3174 3198 3469 3257 venarum
3485 3205 3737 3256 felicita-

444 3279 862 3342 rosolymorum
878 3282 1144 3342 superbo,
1160 3279 1367 3343 inquit,
1378 3292 1445 3330 ac
1463 3280 1608 3330 truci
1626 3279 1830 3343 spiritu
1850 3277 2039 3328 omnis

446 3354 640 3401 vestra
662 3352 995 3400 convenerit
1012 3350 1338 3410 multitudo,
1354 3354 1491 3401 tunc
1508 3351 1566 3400 in
1588 3362 1692 3401 vos
1710 3349 1895 3412 capiet
1911 3360 2038 3399 ver-

446 3431 644 3471 suram
662 3421 824 3483 justa
846 3422 1143 3483 pernicies.
1169 3423 1237 3472 Et
1257 3421 1529 3484 quoniam
1554 3422 1635 3470 sic
1652 3420 1712 3470 in
1732 3432 1825 3470 me
1845 3423 2041 3470 contu-

445 3491 649 3541 melias
671 3490 984 3553 direxistis,
1003 3492 1154 3541 sicut
1171 3492 1437 3542 solebatis
1459 3492 1520 3541 in
1539 3491 1738 3542 obvios
1764 3490 1876 3541 tela
1884 3492 2041 3552 jacu-

447 3560 575 3612 lari:
598 3560 733 3611 inde
755 3562 1131 3624 trepidabitis,
1144 3562 1202 3611 id
1214 3567 1323 3624 est,
1338 3562 1598 3613 sentietis
1610 3562 1873 3620 exitium,
1886 3561 2039 3611 unde

444 3632 785 3693 neutiquam
798 3632 1081 3694 suspicari
1097 3631 1330 3681 omnino
1347 3632 1635 3695 poteratis.
1654 3633 1715 3682 Id
1738 3635 1845 3693 est,
1862 3632 2041 3684 nulla;

444 3700 594 3750 acies
616 3701 959 3751 laborabunt.
978 3700 1289 3750 adversum
1312 3713 1413 3751 vos
1450 3701 1616 3765 signa
1638 3702 1907 3765 proferre,
1933 3714 2040 3753 nec

447 3770 655 3833 aliquis
687 3769 901 3819 clamor
937 3770 1323 3833 pugnantium
1360 3772 1689 3833 personabit
1711 3787 1727 3819 ε
1764 3776 2039 3823 caeterum

448 3853 649 3891 omnes
688 3852 802 3890 una
842 3846 1028 3897 nocte,
1077 3840 1317 3892 feriente
1356 3841 1595 3905 Angelo,
1635 3843 1945 3893 corruetis:
1983 3847 2041 3895 et

449 3912 615 3975 quasi
632 3911 828 3974 magni
842 3912 1504 3976 certaminisincapaces,
1517 3926 1651 3964 cum
1669 3912 1921 3976 quodam
1940 3914 2041 3966 de-

450 3987 649 4046 spectu
673 3987 847 4046 atque
864 3983 1074 4046 derisu,
1100 3988 1384 4036 nocturna
1407 3989 1583 4048 atque
1594 3984 1850 4048 jocunda
1870 3989 2043 4038 antea

446 4054 610 4119 quies
635 4060 849 4107 mterno
873 4053 1142 4118 deceptos
1168 4054 1352 4107 tradet
1376 4057 1582 4120 sopori.

512 4127 676 4178 Vers.
697 4124 843 4181 13.-1
853 4125 902 4180 6.
929 4153 990 4163 -
1014 4126 1226 4190 Populi,
1246 4128 1437 4193 populi
1462 4130 1522 4176 in
1542 4129 1676 4178 valle
1690 4128 2039 4180 concisionis:

447 4198 583 4260 quia
604 4198 772 4262 juxta
794 4203 865 4246 est
885 4197 997 4248 dies
1016 4198 1241 4247 Domini
1265 4199 1326 4247 in
1350 4199 1483 4248 valle
1512 4200 1849 4249 conetsionis.
1879 4200 1970 4249 Sol
1997 4204 2046 4248 et

446 4269 609 4318 Luna
622 4270 946 4318 obtenebrati
961 4275 1107 4331 sunt,
1125 4274 1171 4317 et
1183 4269 1336 4318 stella»:
1350 4274 1697 4319 retraxerunt
1708 4271 2043 4335 splendorem

448 4354 629 4388 suum.
658 4340 724 4389 Et
760 4341 1027 4390 Dominus
1056 4341 1120 4388 de
1158 4340 1310 4404 Syon
1339 4342 1532 4404 rugiet,
1567 4347 1613 4390 et
1647 4342 1709 4391 de
1745 4341 2042 4391 Jerusalem

448 4412 596 4460 dabit
616 4426 791 4461 vocem
812 4426 989 4461 suam.
1018 4412 1086 4461 Et
1107 4411 1462 4461 movebuntur
1478 4413 1589 4462 caeli
1608 4418 1654 4461 et
1676 4419 1837 4476 terra,
1861 4417 1906 4462 et
1929 4414 2041 4462 Do-

450 4484 634 4532 minus
682 4498 796 4547 spes
824 4482 1018 4547 populi
1054 4483 1160 4546 sui,
1194 4487 1240 4531 et
1275 4484 1538 4547 fortitudo
1581 4483 1828 4547 filiorum
1855 4484 2039 4536 Israel.

452 4555 595 4617 Rite,
612 4555 818 4618 inquit,
833 4553 1113 4619 Josaphat
1128 4553 1294 4606 vallis
1318 4554 1660 4606 concisionis
1684 4555 1845 4606 locus
1871 4567 2042 4606 voca-

452 4628 543 4677 tur
570 4641 580 4673 :
614 4626 764 4677 sicut
792 4625 946 4677 enim
983 4626 1364 4690 epinabantur
1397 4626 1614 4690 hostes,
1638 4626 1769 4677 istic
1793 4631 1913 4678 erat
1937 4628 2042 4678 Ju-

449 4694 707 4748 dzeorum
721 4695 915 4747 futura
927 4696 1196 4748 concisio.
1224 4698 1439 4749 Verum
1451 4698 1585 4761 quia
1596 4710 1694 4749 eos
1706 4712 1819 4758 spes
1834 4699 2044 4758 profana

512 4846 530 4865 ·
556 4837 662 4886 Pro
685 4835 1035 4900 pellexerunt,
1064 4837 1292 4890 videtur
1327 4841 1499 4890 vetus
1533 4837 1727 4890 Editor
1765 4837 2044 4890 maluisse

449 4906 789 4972 pepulerunt,
807 4906 960 4970 quod
978 4907 1119 4959 nihil
1137 4914 1242 4961 est.
1263 4909 1510 4961 Omnino
1526 4914 1717 4960 autem
1736 4909 1890 4972 quod
1909 4921 2042 4961 mox

449 4983 571 5030 erat
594 4978 956 5029 librariorum
980 4979 1203 5043 vitium,
1221 4992 1295 5031 ex
1312 4992 1429 5041 quo
1444 4979 1633 5030 omnis
1651 4992 1860 5031 sensus
1877 4979 2044 5043 depe-

450 5050 652 5113 riebat,
687 5062 805 5101 non
826 5049 1131 5101 intellexit:
1158 5050 1370 5101 lectum
1395 5051 1604 5114 quippe
1627 5050 1908 5102 hactenus
1935 5055 2043 5113 est,

450 5136 644 5171 venam
665 5120 826 5170 etiam
851 5120 1135 5170 tradidisse
1162 5133 1261 5182 pro
1285 5135 1496 5180 venum,
1526 5126 1631 5172 etc.
1652 5121 1803 5184 quod
1824 5135 1933 5172 nos
1957 5135 2047 5172 re-

453 5193 770 5244 stituimus.
793 5194 1012 5244 Auctor
1026 5192 1097 5242 ad
1122 5192 1476 5255 propositum
1494 5192 1839 5243 versiculum
1863 5194 2045 5256 respi-

454 5264 504 5315 ci
515 5268 552 5325 t,
576 5264 645 5312 Et
668 5264 808 5326 ﬁlios
826 5263 1000 5324 Judae,
1026 5268 1072 5311 et
1092 5262 1232 5325 ﬁlios
1252 5262 1551 5312 Jerusalem
1575 5262 1887 5312 vendidistis
1914 5264 2045 5326 ﬁliis

451 5336 773 5398 Graecorum,
806 5339 899 5387 etc

515 5405 536 5433 ³³
548 5407 736 5457 Antea
744 5407 914 5455 ventis
929 5404 1227 5469 legebatur
1243 5418 1255 5454 :
1271 5403 1425 5466 quod
1442 5416 1514 5455 ne
1533 5404 1871 5469 typographi
1886 5418 2043 5456 men-

454 5475 593 5527 dum
607 5479 789 5540 putes,
804 5482 975 5528 vetus
988 5474 1475 5539 Editorllalico,ut
1484 5480 1707 5535 vocant,
1722 5477 2046 5528 charactere

456 5545 816 5608 distinxerat,
843 5553 899 5598 et
914 5561 1015 5611 pro
1031 5548 1175 5598 sacri
1200 5550 1510 5599 contextus
1531 5548 1705 5600 verbo
1728 5554 2043 5610 acceperat.

518 5627 535 5645 ε
571 5620 710 5670 Heio
735 5620 969 5669 verbum
990 5619 1274 5682 Accedant,
1294 5619 1446 5683 quod
1470 5621 1880 5683 subsequentis
1899 5621 2048 5672 simi-

456 5685 697 5741 litudine
721 5689 1038 5740 exciderat:
1057 5695 1183 5740 tum
1201 5690 1340 5742 illud
1358 5697 1547 5753 vestra,
1566 5698 1697 5755 post
1713 5698 1933 5742 aratra:
1956 5692 2049 5745 de-

457 5758 630 5826 nique
654 5759 941 5821 Dominus,
960 5765 1092 5823 post
1111 5760 1289 5824 faciet,
1308 5775 1439 5826 quae
1463 5768 1519 5813 et
1542 5764 1598 5813 in
1626 5765 1886 5826 Hebraeo,
1910 5770 1967 5816 et
1989 5765 2045 5815 in

453 5825 616 5876 libris
674 5827 959 5890 plerisque
1010 5831 1280 5881 omnibus
1329 5825 1643 5897 habentur,
1696 5825 2044 5886 suffecimus.

2139 3283 2255 3328 tem
2280 3277 2351 3327 de
2375 3277 2471 3328 illo
2491 3277 2668 3340 fonte,
2700 3277 2799 3339 qui
2817 3275 2888 3328 de
2918 3276 3134 3328 domus
3155 3279 3260 3328 Dei
3288 3278 3543 3340 erumpit
3568 3276 3585 3304 ι
3607 3275 3743 3337 ady-

2140 3348 2232 3413 tis,
2250 3350 2690 3410 consequentur.
2705 3350 2844 3407 Quze
2859 3348 3060 3398 omnia
3072 3348 3279 3410 utique
3294 3348 3383 3397 vel
3394 3360 3501 3411 pro
3512 3359 3741 3409 exagge-

2139 3420 2357 3470 ratione
2373 3419 2660 3482 dicuntur,
2680 3418 2768 3469 vel
2787 3418 2942 3480 quod
2957 3419 3177 3482 populi,
3200 3423 3552 3482 recuperata
3566 3417 3737 3468 salute

2139 3490 2479 3555 gaudentes,
2492 3488 2777 3552 ejusmodi
2793 3489 3089 3552 patiantur
3098 3489 3349 3541 affectus
3378 3508 3390 3538 :
3412 3495 3478 3541 ut
3494 3491 3640 3540 sicut
3650 3502 3741 3539 su-

2139 3572 2241 3625 pra.
2261 3560 2543 3621 tristibus,
2561 3564 2618 3610 et
2637 3559 2693 3609 in
2716 3558 2917 3610 ultimo
2934 3559 3274 3612 discrimine
3293 3560 3630 3611 constitutis
3646 3559 3743 3609 ob-

2141 3631 2356 3682 scurari
2381 3635 2537 3682 astra
2571 3634 2629 3681 et
2661 3628 2950 3682 elementa
2979 3635 3233 3683 tremere
3258 3632 3643 3692 videbantur;
3664 3630 3737 3681 ita
3798 3628 3803 3635 “

2140 3715 2344 3754 rursus
2358 3701 2552 3766 gaudii
2572 3700 2868 3764 eﬁhsione,
2886 3701 3230 3753 temulentis
3242 3701 3336 3754 lac
3353 3702 3622 3755 videatur
3634 3714 3740 3751 ma-

2140 3786 2278 3825 nare
2302 3773 2371 3824 de
2394 3772 2654 3836 rupibus,
2688 3771 2860 3823 mella
2880 3771 2953 3824 de
2982 3773 3312 3831 montibus,
3349 3778 3633 3825 torrentes
3655 3785 3739 3821 cu-

2140 3844 2343 3895 mulari
2367 3842 2640 3901 fontibus,
2656 3842 2945 3906 variisque
2961 3844 3205 3895 tioribus
3220 3858 3347 3896 non
3366 3846 3563 3897 solum
3576 3850 3736 3909 prata,

2141 3916 2241 3967 sed
2258 3916 2431 3966 etiam
2460 3926 2604 3966 saxa
2631 3927 2903 3967 vernare:
2931 3915 3156 3966 fontem
3179 3929 3424 3981 quoque
3448 3929 3731 3981 egressum

2140 3987 2207 4037 iri
2228 3987 2297 4038 de
2309 3986 2481 4037 domo
2492 3986 2612 4050 Dei,
2630 3985 2727 4048 qui
2745 3990 3036 4035 torrentem
3063 3987 3369 4049 spinarum
3389 3988 3561 4053 riget,
3574 3988 3629 4039 id
3645 3993 3733 4047 est,

2140 4058 2282 4122 loca,
2299 4070 2432 4121 quae
2447 4060 2611 4108 erant
2629 4057 2902 4120 vepribus
2919 4063 3222 4122 occupata,
3237 4057 3419 4110 faciat
3434 4065 3735 4124 opportuna

2141 4129 2401 4188 culturis,
2435 4141 2536 4192 per
2571 4128 2627 4178 id
2664 4127 2821 4191 quod
2856 4129 3135 4179 continuo
3167 4129 3485 4192 rigatioms
3508 4131 3736 4182 fomenta

2142 4199 2490 4264 suppeditet.
2505 4198 2667 4262 Capit
2677 4199 2797 4262 jam
2809 4198 2919 4250 iste
2936 4203 3277 4262 contextus,
3293 4213 3419 4264 quo
3434 4201 3734 4253 Jerusalem

2141 4270 2405 4322 fmlicitas
2440 4270 2802 4334 praedicatur,
2839 4270 3015 4321 etiam
3052 4270 3331 4323 Ecclesiae
3373 4277 3733 4328 sacramenta,

2143 4353 2276 4404 quae
2320 4345 2379 4392 et
2407 4340 2906 4405 impugnationem
2940 4340 3298 4393 adversaria;
3338 4342 3666 4406 potestatis,
3692 4347 3737 4391 et

2142 4413 2482 4464 Judaaorum
2505 4412 2712 4475 pariter
2735 4411 3168 4476 Gentiliumque
3202 4425 3491 4476 perpessa
3515 4420 3624 4476 est,
3656 4412 3735 4463 sed

2143 4483 2367 4534 cunctis
2380 4482 2464 4533 eis
2475 4482 2548 4534 ad
2560 4481 2824 4545 nihilum,
2838 4494 3008 4545 aqua:
3022 4482 3227 4545 instar,
3245 4484 3648 4536 dilabentibus
3658 4486 3737 4531 mi-

2150 4553 2311 4605 rabili
2342 4566 2500 4605 more
2524 4553 2833 4616 convaluit,
2851 4557 2908 4604 et
2931 4553 3006 4604 ad
3028 4553 3177 4604 ﬁnes
3212 4554 3374 4605 orbis
3401 4560 3575 4607 terras
3598 4555 3738 4605 vinea

2153 4625 2388 4677 dilatata
2402 4624 2700 4688 processit,
2711 4635 3109 4687 oppressaque
3126 4622 3423 4676 idolorum
3439 4641 3535 4687 pro
3543 4628 3735 4683 inuitata,

2150 4695 2462 4758 convaluit,
2487 4696 2733 4759 atquein
2750 4694 3001 4759 quodam
3020 4695 3166 4747 solio
3185 4703 3483 4761 percepta
3504 4696 3741 4747 domina-

2210 4839 2231 4869 ⁴
2256 4841 2373 4891 Aut
2396 4839 2624 4901 nescitis,
2648 4840 2748 4889 aut
2770 4837 2911 4900 quid
2934 4837 3122 4890 simile
3137 4839 3586 4892 rescribendum
3600 4838 3735 4891 vide-

2150 4915 2259 4961 tur.

2209 4988 2227 5009 ο
2254 4978 2488 5031 Αάιιιᾱίι
2513 4977 2923 5042 subsequentis
2940 4978 3213 5029 versiculi
3240 4979 3330 5043 17,
3355 4982 3609 5044 priorem
3630 4992 3736 5044 par-

2153 5056 2297 5103 tem:
2325 5052 2390 5100 Et
2420 5050 2608 5111 scietis,
2651 5049 2787 5114 quia
2814 5064 2907 5112 ego
2933 5049 3207 5099 Dominus
3231 5048 3377 5100 Deus
3404 5058 3587 5114 vester,
3612 5050 3737 5099 habi-

2151 5127 2272 5172 tans
2308 5123 2367 5170 in
2404 5120 2537 5172 Sion
2572 5127 2751 5170 monte
2785 5125 2969 5169 sancto
2995 5135 3131 5172 meo.
3164 5122 3254 5172 Ex
3278 5135 3398 5185 quo
3423 5123 3597 5175 etiam
3632 5122 3735 5173 loco

2149 5194 2369 5245 discere
2392 5197 2500 5256 est,
2526 5204 2700 5256 quam
2716 5191 2941 5243 diversa
2963 5191 3103 5242 olim
3127 5193 3204 5243 ab
3220 5204 3308 5253 ea,
3326 5206 3464 5256 quae
3482 5207 3637 5245 nunc
3649 5194 3733 5244 ob-

2150 5266 2311 5328 tinet,
2337 5269 2494 5316 esset
2523 5275 2803 5314 versuum
2824 5262 3077 5327 partitio.

2209 5336 2225 5365 ί
2266 5335 2630 5388 Correximus
2667 5335 2750 5385 ita
2785 5346 2915 5392 nos,
2945 5334 3043 5397 qui
3075 5333 3140 5383 de
3163 5333 3363 5384 domus
3403 5336 3502 5385 Dei
3526 5333 3732 5399 erumpit

2149 5408 2349 5472 adytis,
2372 5411 2789 5471 consequentur;
2820 5405 2878 5456 id
2906 5408 3012 5467 est,
3040 5404 3260 5470 populi,
3288 5408 3420 5459 sive
3442 5420 3590 5472 gens
3610 5417 3726 5461 mea.

2149 5492 2283 5543 quae
2299 5478 2474 5530 modo
2487 5477 2719 5529 laudata
2729 5479 2834 5538 est,
2856 5477 3224 5529 obtinebunt.
3243 5481 3440 5531 Antea
3452 5481 3666 5535 vit‘ose,
3685 5479 3728 5526 et

2147 5550 2305 5602 nullo
2330 5561 2526 5609 sensu,
2552 5549 2614 5597 de
2637 5548 2794 5597 domo
2822 5547 2919 5596 Dei
2948 5549 3210 5612 erumpit,
3238 5551 3409 5599 aditis
3436 5562 3728 5612 consequen-

2152 5626 2259 5671 tur.
2284 5619 2518 5671 Adludit
2541 5621 2755 5670 Auctor
2788 5619 3065 5683 propositi
3107 5620 3386 5673 versiculi
3416 5619 3504 5681 18,
3527 5620 3725 5673 alteram

2151 5705 2326 5756 quam
2350 5695 2502 5743 tacet
2522 5695 2760 5756 partem,
2786 5695 2833 5740 et
2855 5691 2980 5752 fons
3004 5691 3067 5740 de
3092 5692 3256 5741 domo
3281 5692 3516 5742 Domini
3533 5690 3725 5756 egredie-

2151 5769 2260 5827 tur,
2286 5769 2329 5812 et
2354 5764 2606 5827 irrigabit
2632 5767 2918 5813 torrentem
2940 5763 3260 5827 spinarum.
