3866 6206
61 330 89 384 1
100 330 211 385 ΟΞΠ

1268 325 1340 374 ΙΝ
1375 323 1567 375 AMOS
1600 320 2179 376 COMMENTARIUS.

3154 342 3160 348 '
3232 330 3375 390 1058

62 446 250 497 tionis
269 444 521 507 augusta
542 440 820 514 dignitate
836 438 1143 514 consedit;
1176 441 1571 501 quantumque
1599 437 1673 490 ad
1697 437 2008 514 Asitiebat
2051 438 2311 514 ulterius,
2362 440 2471 514 sed,
2519 443 2757 494 ﬂumina
2812 443 2882 495 de
2946 451 3144 499 ventre
3217 448 3372 501 illius

62 514 461 567 institutionis
488 513 567 583 Hej
580 525 645 562 us
692 508 921 573 regulas
971 508 1191 583 aspicit,
1229 515 1673 583 praeceptorum
1697 508 1755 514 ’“
1778 511 2032 583 fluebant
2054 522 2223 583 aquae
2260 511 2510 563 viventis
2539 513 2718 575 (Joan.
2756 514 2848 579 7.).
2877 518 2981 567 Per
3004 518 3130 570 haec
3174 518 3373 583 itaque

64 586 385 637 sanctitate
410 582 623 637 vallata
646 586 755 644 est,
783 585 845 630 ut
868 591 1039 631 nemo
1060 577 1245 630 valeat
1268 591 1369 643 per
1389 592 1515 630 eam
1540 580 1679 630 alie-

67 672 214 721 nus,
240 658 298 708 id
319 660 427 718 est,
456 653 728 717 profanus
744 651 1052 702 criminosu
1060 662 1205 721 sque
1230 652 1492 701 transire.
1512 650 1677 711 Quid-

68 730 168 780 ni!
205 720 344 779 cum
370 739 470 791 pro
492 738 560 776 ea
583 737 645 776 se
669 723 933 773 Christus
953 720 1267 784 tradiderit,
1294 726 1360 772 ut
1382 721 1681 773 exhiberet

71 800 191 850 sibi
221 799 521 850 ecclesiam
563 810 675 844 non
707 794 985 843 habentem
1026 792 1300 841 maculam
1346 798 1441 840 aul
1480 807 1680 856 rugam

68 872 296 935 (Ephes.
323 869 420 932 5.),
449 868 545 919 sed
572 878 706 930 quae
724 870 926 916 sancta
948 863 1387 935 etimmaculata
1406 866 1681 935 consiste-

63 934 182 992 ret.
205 944 342 993 Haec
354 953 489 1003 ergo
515 938 675 999 virgo
689 936 892 988 aeterni
906 936 1056 998 regis
1073 934 1263 985 dicata
1286 934 1682 997 consortio,si—

67 1016 181 1063 cut
204 1013 265 1063 in
276 1010 549 1076 praesenti
565 1010 638 1059 ab
651 1007 925 1071 improbis
944 1007 1276 1069 quibusque
1293 1006 1575 1057 virtutum
1590 1006 1681 1055 in-

70 1082 406 1143 stitutione,
430 1082 512 1131 ita
535 1080 595 1129 in
615 1079 813 1129 futuro
839 1076 1052 1135 seculo,
1069 1077 1435 1140 prmmiorum
1449 1088 1682 1139 quoque

75 1152 141 1219 5
153 1151 203 1220 0
213 1152 270 1220 4
288 1152 578 1204 faelicitate
589 1149 891 1208 dirimitur,
910 1153 975 1199 ut
997 1159 1168 1220 nemo
1182 1148 1246 1220 in
1254 1147 1337 1198 eis
1349 1148 1685 1220 tabernacu-

70 1218 680 1287 lisconquiescatmisi
702 1221 797 1283 qui
812 1218 1130 1284 ingreditur
1145 1219 1270 1270 sine
1286 1218 1680 1280 macula(Psal.

71 1296 103 1350 1
117 1296 581 1360 4),operaturque
592 1290 1007 1356 justitiam.Cui
1029 1302 1163 1353 ergo
1180 1292 1521 1350 municipatus
1536 1291 1682 1338 illius

72 1367 382 1418 felicitate
410 1362 755 1429 [F.felicitas]
784 1367 1002 1413 aeterna
1016 1362 1334 1424 contigerit,
1347 1362 1427 1412 ita
1440 1360 1681 1412 inebria-

74 1439 247 1490 bitur
268 1437 526 1488 ubertate
547 1435 756 1486 domus
780 1433 881 1484 Dei
918 1432 1079 1493 (Psal.
1118 1430 1244 1495 55.),
1272 1437 1337 1482 ut
1372 1431 1683 1495 voluptatis

73 1513 307 1561 sanctae
319 1507 569 1572 quodam
580 1508 830 1557 torrente
844 1504 1440 1567 potetur,sentiatque,
1458 1506 1682 1553 dolorem

72 1586 191 1632 aut
206 1591 512 1632 maerorem
525 1577 733 1641 pariter
751 1575 1212 1640 aufugissc.Quaa
1224 1574 1516 1625 beatitudo
1534 1575 1685 1627 sicut

72 1652 259 1717 plena
270 1648 700 1703 resurrectionis
712 1652 966 1711 tempore
981 1646 1329 1717 conferetur,
1341 1645 1422 1717 ita
1432 1649 1489 1697 et
1502 1647 1563 1697 in
1576 1647 1685 1697 hac

77 1716 216 1775 vita
242 1726 460 1787 partem
483 1720 611 1784 ejus
634 1718 950 1769 maximam
966 1717 1076 1767 sibi
1099 1716 1359 1779 Apostoli
1376 1728 1689 1780 eorumque

1777 580 2056 631 donorum
2074 580 2431 633 incrementa
2444 586 2773 648 conspicuis
2791 586 2865 637 ad
2878 590 3177 641 cumulum
3196 580 3375 642 fmlici-

1778 652 1935 708 tatis,
1947 651 2222 703 vindictae
2239 651 2603 705 dulcedinem
2628 655 2945 720 pollicetur.

1842 725 2006 773 Vers.
2034 723 2119 775 19.
2164 750 2223 758 -—
2255 723 2541 787 Ai'gyptus,
2597 726 2871 789 inquit,in
2894 730 3217 780 desolatione
3253 733 3373 793 erit,

1778 794 2016 867 Idumam
2041 795 2103 842 in
2131 794 2399 867 desertam
2431 795 2774 867 perditionis,
2793 814 2895 862 pro
2919 815 2976 849 eo
3013 802 3158 864 quod
3183 803 3374 867 inique

1780 866 1985 928 egerint
2009 867 2063 913 in
2078 866 2219 927 ﬁlios
2233 865 2401 914 Juda.
2418 865 2485 914 Et
2508 864 2854 928 e/funderunl
2877 884 3011 934 sang
3021 873 3201 921 uinem
3214 864 3371 924 inno-

1782 936 2055 984 cenlemin
2074 941 2218 984 terra
2235 951 2354 986 sua.
2382 935 2679 987 Conclusit
2702 938 2772 987 ad
2799 942 3071 1003 temporis
3099 944 3190 993 sui
3228 946 3374 997 vati-

1784 1006 1998 1057 cinium
2016 1006 2291 1070 propheta
2303 1016 2648 1058 sermonem.
2666 1009 2737 1058 Et
2749 1009 2899 1059 sicut
2916 1023 3089 1075 supra
3105 1013 3290 1077 Tyriis
3309 1028 3378 1068 ac

1784 1078 2051 1142 Sydoniis
2068 1077 2443 1129 denunciavit
2459 1078 2917 1130 vicissitudinem
2934 1082 3380 1137 calamitatiszita

1784 1161 1939 1200 nunc
1965 1149 2244 1213 Egyptis,
2269 1154 2328 1200 et
2351 1149 2627 1201 Idumaais
2648 1150 2721 1201 ob
2746 1150 2947 1201 eadem
2985 1153 3199 1205 scelera
3227 1168 3382 1206 com-

1783 1220 2218 1281 minatur.Quod
2246 1220 2479 1283 quidem
2494 1233 2605 1272 nos
2619 1222 2688 1272 ad
2703 1221 2975 1274 Ecclesiae
2991 1225 3293 1286 negotium
3317 1238 3385 1278 ea

1783 1291 2101 1356 poterimus
2118 1291 2346 1362 ratione
2372 1291 2698 1356 transferre,
2718 1293 2767 1343 si
2783 1293 3071 1345 Idumaeos
3093 1300 3149 1345 et
3172 1298 3384 1362 Egyp-

1783 1363 1912 1419 tios,
1939 1361 2199 1413 crudeles
2222 1373 2289 1413 ac
2324 1364 2660 1415 tenebrosos
2680 1364 2904 1414 animos
2927 1366 3318 1419 nominemus.

1846 1434 2009 1484 Vers.
2036 1430 2237 1485 90-21.
2258 1433 2589 1482 —ElJudaea
2616 1434 2672 1482 in
2690 1440 2951 1483 wiernum
2980 1437 3383 1503 'aediﬁcabilur,

1783 1503 2138 1555 “Jerusalem
2154 1504 2214 1551 in
2227 1504 2569 1564 generatione
2583 1510 2628 1552 el
2638 1505 3033 1568 generationem
3043 1507 3131 1555 .El
3144 1508 3387 1559 munda-

1751 1628 1767 1640 .
1784 1576 1846 1625 bo
1860 1575 2184 1638 sanguinem
2200 1588 2569 1638 eorum,quem
2586 1591 2698 1624 non
2714 1577 3185 1639 mundaeeram,et
3198 1581 3278 1629 Do
3286 1581 3385 1630 Ini-

1785 1661 1892 1695 nus
1907 1644 2398 1695 commorabiturin
2417 1645 3288 1713 Sion.Assyriis,inquit,aliisque
3304 1667 3388 1713 po-

1787 1716 2063 1781 pulis,qui
2078 1728 2211 1766 cum
2233 1717 2317 1767 eis
2334 1728 2497 1768 arma
2520 1718 3147 1781 sociaverant,mirablli
3168 1722 3387 1775 ultione

79 1793 374 1878 discipuli,
397 1790 784 1878 vindicarunt.
818 1792 867 1839 A
886 1786 1369 1878 persecutoribus
1396 1788 1683 1869 siquidem
1711 1803 1767 1878 B
1789 1787 2222 1878 deletissincolse
2236 1787 2371 1839 Sion
2385 1788 2443 1839 in
2460 1791 2732 1878 omnibus
2749 1790 2966 1853 spebus
2983 1796 3046 1878 et
3055 1792 3387 1878 actibusau-

79 1864 397 1926 verberati,
422 1862 786 1917 laetabantur,
802 1859 938 1923 quia
952 1858 1302 1910 meruissent
1316 1870 1420 1922 pro
1453 1859 1686 1911 nomine
1711 1858 1767 1878 ν
1789 1861 2097 1926 gebuntur,
2111 1870 2425 1923 curamque
2442 1859 2731 1923 religionis
2747 1867 3052 1914 assument
3066 1879 3243 1925 meque
3265 1868 3387 1913 ﬂent

81 1938 307 1991 Christi
330 1935 736 1988 contumeliam
763 1933 879 1997 pati
904 1932 1035 1995 (Act.
1062 1928 1152 1994 5.).
1188 1932 1271 1981 De
1293 1929 1386 1980 his
1416 1943 1549 1994 ergo
1573 1930 1689 1982 cel-

85 2010 177 2061 sis
190 2008 486 2059 montibus
508 2005 899 2057 doctrinarum
914 2001 1247 2055 salutarium
1264 2001 1530 2054 videmus
1543 2005 1691 2051 mella

85 2079 362 2132 ﬂuxisse.
385 2080 554 2129 Teste
577 2076 733 2127 enim
756 2074 1053 2140 propheta,
1079 2071 1269 2123 dulcia
1304 2076 1443 2123 sunt
1465 2073 1689 2136 piorum

86 2151 359 2202 faucibus
379 2147 604 2212 eloquia
618 2146 739 2209 Dei,
764 2157 936 2210 super
952 2144 1297 2195 suavitatem
1314 2143 1501 2195 mellis
1518 2156 1585 2195 ac
1607 2143 1693 2195 fa-

84 2223 151 2273 vi
175 2220 346 2283 (Psal.
373 2218 497 2281 18.).
524 2220 606 2270 De
619 2215 1046 2281 Apostolorum,
1071 2215 1335 2278 inquam,
1356 2215 1693 2278 pectoribus

85 2292 449 2345 vivificantia
459 2289 679 2341 mundo
692 2290 911 2340 ﬂuenta
926 2287 1320 2348 manabant,et
1334 2299 1406 2336 ex
1419 2286 1453 2335 d
1463 2287 1693 2350 umetis,

85 2365 153 2415 in
170 2375 303 2427 quin
322 2363 382 2426 [Α
394 2361 609 2424 nl.qua]
626 2358 1371 2421 inciderant,pictafloribus
1394 2357 1695 2421 ingravate.

89 2435 357 2499 frugibus
371 2429 1071 2491 arvareddebant.Quidni
1086 2433 1109 2478 .9
1124 2441 1258 2479 cum
1273 2429 1695 2480 abundantiam

90 2507 168 2559 de
185 2506 283 2558 illo
311 2506 472 2557 fonte
489 2505 865 2569 perciperent,
900 2514 974 2554 ex
997 2514 1112 2564 quo
1142 2500 1240 2565 qui
1275 2500 1536 2567 bibisset,
1574 2512 1694 2552 non

1790 1935 2126 1997 protectore,
2158 1931 2470 1994 conspicui.
2497 1931 2658 1992 Quod
2681 1932 2831 1983 sicut
2847 1945 2917 1983 ex
2939 1938 3099 1996 parte
3117 1935 3229 1985 sub
3252 1937 3387 1986 Eze-

1793 2003 1921 2054 chia
1938 2001 2181 2065 legimus
2197 2002 2568 2063 etiectum,ita
2583 2003 2757 2053 etiam
2775 2003 3128 2055 cumulatius
3156 2007 3266 2057 sub
3287 2004 3389 2058 Dei

1793 2077 1849 2126 et
1864 2074 2165 2124 hominum
2181 2073 2493 2123 mediatore
2508 2074 2893 2135 praedicamus
2916 2075 3242 2139 impletum.
3260 2079 3388 2127 Mor-

1796 2149 1931 2197 tuus
1948 2148 2038 2195 est
2062 2142 2343 2206 siquidem
2363 2150 2592 2208 propter
2615 2144 2818 2196 delicta
2838 2151 3055 2210 nostra,
3072 2149 3391 2200 resurrexit

1795 2214 2512 2281 propterjustiiicationem
2540 2219 2798 2267 nostram
2815 2217 2966 2279 (Rom
3000 2217 3091 2280 4.).
3116 2223 3183 2269 ut
3215 2220 3391 2281 justi-

1796 2286 1951 2338 ficati
1983 2298 2053 2337 ex
2093 2284 2207 2336 ﬁde
2231 2296 2431 2348 pacem
2468 2285 2781 2338 habeamus
2818 2288 2892 2339 ad
2934 2289 3266 2341 Dominum:
3293 2289 3392 2353 qui

1796 2356 2138 2409 commorari
2154 2368 2217 2407 se
2240 2357 2299 2406 in
2322 2356 2511 2408 media
2527 2363 2677 2421 Syon
2696 2358 2835 2411 urbe
2850 2360 3115 2423 promisit
3132 2360 3398 2416 dicendo.

1797 2430 1926 2478 Ecce
1945 2444 2036 2493 ego
2061 2429 2327 2477 vobiscum
2348 2442 2471 2476 sum
2494 2430 2743 2479 omnibus
2776 2430 2961 2480 diebus
2986 2446 3152 2495 usque
3177 2432 3250 2481 ad
3273 2448 3401 2482 con-

1796 2501 2215 2550 summationem
2231 2500 2391 2548 seculi
2415 2500 2623 2563 (Matth.
2646 2498 2778 2565 28.).

87 2648 107 2669 ·
142 2635 471 2700 Antiquarii
499 2634 725 2687 videtur
751 2646 941 2685 errore
974 2632 1255 2698 scriptum
1287 2630 1662 2694 aediﬁcabitur,
1687 2641 1824 2684 nam
1852 2635 1910 2683 et
1935 2631 2215 2683 Hebraeus
2251 2631 2424 2691 mn,
2465 2634 2523 2681 et
2558 2630 2994 2695 Hieronymiani
3025 2631 3155 2685 libri
3190 2645 3399 2686 omnes

94 2707 459 2764 habitabitur,
482 2704 814 2770 praeferunt.

88 2889 3399 2923 Μ

957 3059 2537 3208 COMMENTARIUS

860 3359 1011 3457 ΙΝ
1157 3356 1560 3455 AMOS
1708 3356 2660 3455 PROPIIETAM.

103 3727 285 3797 505
311 3725 730 3791 Explanatione
754 3725 937 3777 sancti
956 3726 988 3777 J
992 3724 1165 3797 oelis,_
1176 3727 1345 3797 prout
1367 3727 1574 3790 captus
1604 3737 1711 3777 no-

98 3794 345 3863 suam
355 3801 573 3850 uvante
596 3797 734 3858 Deo,
754 3796 992 3860 protulit
1009 3794 1291 3859 absoluta,
1310 3795 1437 3860 ipsa
1454 3797 1712 3849 muneris

102 3873 258 3924 serie
289 3880 569 3923 vocamur
597 3868 670 3919 ad
706 3867 939 3919 tertium
984 3866 1340 3931 prOphetam,
1376 3869 1473 3931 qui
1511 3867 1719 3918 dicitur

102 3940 503 4005 Amos,virum
519 3951 639 3989 non
650 3937 847 3989 minus
859 3936 1605 4000 generishumilitate,quam
1621 3939 1720 3986 vir-

103 4015 252 4066 tutis
273 4010 590 4063 eminentia
603 4008 961 4073 gloriantem.
978 4006 1159 4059 Nullis
1183 4009 1395 4073 quippe
1418 4013 1721 4073 parentum

104 4086 294 4137 fultus
306 4079 801 4146 insignibus,solis
814 4078 1036 4130 meritis
1051 4084 1115 4130 ut
1130 4080 1185 4129 in
1198 4092 1300 4144 pro
1304 4079 1607 4143 phetarum
1618 4093 1722 4130 nu~

105 4168 275 4208 mero
289 4153 595 4214 locaretur,
609 4150 885 4201 obtinuit:
904 4150 1334 4214 prophetarum,
1349 4150 1607 4213 inquam,
1621 4150 1722 4213 qui

106 4240 235 4280 non
260 4224 452 4278 solum
464 4223 861 4286 magisterium
873 4223 1212 4285 Synagogae,
1233 4220 1334 4273 sed
1360 4222 1533 4272 etiam
1546 4223 1722 4270 funda-

106 4302 384 4351 mentum
407 4293 679 4346 Ecclesiae
692 4294 1107 4356 praestiterunt,
1126 4296 1272 4343 teste
1286 4292 1562 4353 magistro
1582 4294 1723 4342 Gen-

108 4371 287 4433 tium,
313 4368 415 4432 qui
438 4365 705 4418 aediﬁcari
729 4364 1039 4415 Ecclesiam
1066 4376 1237 4427 super
1252 4364 1567 4414 doctrinam
1587 4374 1719 4427 apo-

110 4440 403 4492 stolorum
428 4440 953 4502 prophetarumque
974 4436 1196 4498 (Ephes.
1220 4433 1312 4499 2.),
1337 4434 1719 4485 commendat.

110 4514 271 4575 Ergo
300 4509 374 4560 ad
412 4508 571 4560 illum
606 4512 825 4559 caatum
851 4507 1073 4557 siderea
1100 4506 1227 4557 luce
1249 4505 1586 4565 radiantem,
1614 4504 1731 4556 etsi

107 4580 283 4635 nullo
304 4580 510 4644 adjutu
534 4577 841 4629 clariorum
869 4578 1173 4640 natalium,
1191 4589 1417 4628 morum
1442 4580 1638 4627 tamen
1659 4579 1727 4626 ut

112 4652 404 4706 diximus.
418 4663 484 4701 ac
499 4650 675 4702 totius
691 4650 829 4701 vita;
843 4654 1060 4700 sanctae
1070 4650 1360 4713 profectus
1373 4652 1479 4699 est:
1495 4647 1727 4698 abunde

111 4725 273 4788 ipso,
300 4722 473 4772 etiam
495 4720 545 4772 si
568 4719 711 4771 nihil
742 4732 1007 4771 sermone
1042 4719 1355 4780 docuisset,
1382 4719 1726 4782 probaturus

113 4792 556 4856 exemplo,quia
565 4791 639 4843 ad
653 4790 1066 4854 capescendam
1083 4803 1282 4842 veram
1295 4790 1604 4841 fcelicitatis
1616 4790 1729 4853 glo-

117 4867 294 4927 riam,
320 4864 506 4928 pietas
528 4862 741 4913 mentis
764 4860 1113 4925 devotioque
1139 4860 1445 4922 sufﬁceret,
1475 4860 1729 4923 quando-

121 4935 369 5001 quidem
394 4934 873 4997 impedimentum
899 4932 949 4983 ei
970 4945 1077 4983 nec
1088 4936 1397 4997 paupertas
1416 4931 1601 4996 possit
1622 4943 1732 4982 nec

122 5006 460 5059 obscuritas
484 5016 833 5068 comparare.
860 5005 927 5053 Et
941 5003 1076 5067 quia
1092 5008 1375 5066 quantum
1400 5004 1611 5056 meruit
1638 5016 1736 5055 co-

123 5077 468 5144 gnovimus,
492 5075 629 5140 quid
653 5074 910 5126 docuerit
928 5074 1253 5126 audiamus.

608 5206 889 5273 CAPUT
921 5205 1276 5271 PRIMUM

196 5358 401 5413 Versd
415 5385 489 5407 .—-
503 5357 669 5409 Verba
680 5358 722 5407 Α
731 5357 964 5423 mos,qui
972 5357 1082 5421 fuit
1093 5357 1114 5406 ἰ
1118 5372 1152 5406 η
1162 5358 1528 5422 pastoralibus
1546 5358 1745 5408 Thecue

134 5433 253 5500 [ΑΙ.
290 5431 509 5495 Thecue]
534 5448 544 5479 ε
573 5445 689 5494 quae
728 5430 865 5479 vidit
905 5445 1068 5494 super
1100 5428 1263 5478 Israel
1304 5434 1365 5479 in
1390 5430 1573 5479 diebus
1613 5430 1744 5480 Ozias

130 5505 283 5569 regis
302 5503 473 5566 Juda,
490 5508 535 5552 el
550 5502 611 5551 in
628 5501 812 5552 diebus
825 5500 1112 5551 Jeroboam
1125 5501 1229 5563 ﬁlii
1245 5501 1376 5551 Joas
1392 5502 1533 5564 regis
1558 5502 1742 5565 Israel,

134 5580 269 5627 autc
295 5574 430 5624 duos
452 5588 629 5623 annos
641 5578 790 5623 terrae
812 5578 1005 5637 malus,
1018 5578 1063 5621 el
1079 5572 1240 5623 diwil.
1266 5572 1748 5624 Animadverten-

136 5650 286 5703 dum
318 5646 523 5712 primo,
547 5646 703 5711 quod
726 5645 929 5698 eadem
953 5649 1090 5697 sunt
1110 5644 1292 5709 hujus
1320 5650 1579 5707 tempora
1612 5657 1748 5707 quae

1735 3717 1786 3793 Ο
1809 3724 2006 3789 Joelis,
2024 3730 2147 3777 tum
2172 3722 2459 3790 siquidem
2476 3738 2611 3778 cum
2622 3725 2874 3778 maxime
2891 3726 2952 3778 in
2977 3725 3179 3778 decem
3204 3727 3414 3779 Tribu-

1816 3798 1947 3860 bus,
1977 3808 2110 3860 quae
2132 3795 2184 3863 5
2196 3794 2309 3866 06
2324 3796 2501 3850 Israel
2523 3796 2898 3862 appellantur,
2914 3799 3187 3850 servabat
3204 3798 3413 3862 impie-

1818 3873 1929 3931 tas,
1954 3873 2012 3920 et
2035 3870 2273 3920 omnino
2302 3871 2471 3933 quasi
2509 3869 2875 3921 discernendi
2904 3868 3051 3934 [Αηι.
3082 3870 3413 3921 discernen-

1819 3940 1927 4003 dis]
1958 3939 2277 3991 luminibus
2301 3940 2546 4005 eﬂ‘ossis,
2573 3941 3088 4003 tenebras,quibus
3116 3953 3180 3992 se
3210 3941 3417 3993 indue-

1818 4016 1926 4069 rat,
1951 4009 2199 4074 populus
2210 4009 2503 4074 diligebat,
2528 4012 2610 4060 ita
2634 4016 2697 4061 ut
2721 4023 2826 4061 nec
2851 4010 3204 4062 salutaribus
3228 4012 3416 4062 moni-

1822 4080 1917 4141 tis,
1942 4092 2047 4130 nec
2073 4082 2291 4130 severis
2307 4079 2643 4131 verberibus
2654 4081 2963 4143 quicquam
2977 4080 3213 4131 omnino
3237 4082 3418 4145 respi-

1824 4154 1992 4209 ceret,
2046 4149 2148 4201 sed
2194 4151 2472 4213 impietati
2512 4150 2931 4213 impudentiam
2964 4150 3325 4214 copulantes,
3353 4157 3419 4204 ut

1824 4220 2022 4284 culpas
2048 4233 2186 4272 suas
2207 4220 2416 4284 pariter
2438 4225 2494 4271 et
2507 4221 2770 4272 miserias
2782 4219 3110 4271 viderentur
3130 4222 3415 4286 amplecti.

1825 4292 1969 4354 Quia
1988 4304 2123 4356 ergo
2135 4291 2413 4343 Dominus
2424 4296 2623 4343 noster
2645 4292 2869 4343 muneri
2884 4304 2946 4343 se
2970 4292 3204 4343 ultionis
3228 4295 3421 4345 accin-

1824 4375 1988 4426 gens,
2014 4362 2269 4426 idipsum
2314 4362 2487 4414 variis
2516 4362 2968 4426 prmnundabat,
2995 4362 3184 4413 modis
3208 4363 3422 4429 quippe

1826 4446 1959 4485 cum
1974 4433 2319 4485 emendandi
2330 4436 2538 4498 potius,
2556 4445 2732 4496 quam
2746 4432 3019 4496 puniendi
3031 4440 3428 4487 commoveret

1825 4503 2087 4565 intentio,
2112 4503 2475 4566 prwnunciat
2488 4514 2622 4565 quin
2640 4516 2700 4552 se
2715 4502 2942 4554 noverit
2956 4501 3427 4556 illaturum.Ante

1829 4574 1993 4638 duos,
2018 4575 2225 4638 inquit,
2238 4586 2423 4625 annos
2435 4586 2612 4637 quam
2637 4571 2935 4638 prodigiali
2950 4576 3111 4624 motu
3124 4578 3275 4625 terra
3283 4587 3427 4637 qua—

1830 4650 2065 4709 teretur,
2082 4646 2238 4709 quod
2267 4645 2483 4697 factum
2503 4657 2654 4705 esse,
2677 4645 2811 4696 licet
2834 4647 3059 4708 Regum
3082 4657 3201 4695 non
3225 4646 3431 4710 prodat

1830 4717 2086 4780 historia,
2113 4722 2306 4768 tamen
2339 4729 2448 4768 nos
2485 4716 2612 4779 ipso
2636 4715 2912 4780 propheta
2956 4728 3161 4767 sumus
3197 4722 3431 4769 auctore

1831 4787 2085 4841 contenti
2101 4804 2110 4834 :
2127 4800 2234 4839 nec
2247 4788 2580 4839 dubitamus
2598 4786 2851 4838 indicem
2863 4792 3123 4839 venturae
3137 4787 3433 4840 calamita-

1832 4861 1905 4912 tis
1923 4862 2204 4911 terrarum
2233 4859 2680 4912 commotionem
2710 4857 2967 4922 prmissa.
2983 4860 3131 4922 Ergo
3143 4860 3432 4923 perinter-

1835 4932 2023 4997 posita
2042 4936 2370 4998 temporum
2389 4930 2607 4994 spacia,
2626 4942 2757 4993 quin
2772 4929 3088 4982 vindictam
3103 4939 3120 4959 ·
3140 4931 3324 4982 serius
3339 4929 3439 4983 dif-

1836 5004 2112 5063 ferebant,
2138 5006 2204 5053 ut
2226 5002 2296 5053 de
2307 5001 2708 5053 emendatione
2724 5002 2959 5065 cogitet,
2975 5001 3222 5066 populus
3237 5002 3440 5055 admo-

1759 5095 1820 5169 D
1844 5071 3441 5169 2‘3‘3’1333‘.9338?..‘629533133$9i‘?.‘i‘3?§3‘.“}..‘£’£?‘

1761 5143 1817 5169 ν
1845 5146 1922 5197 ris
1944 5145 2220 5208 incipiant
2235 5143 2496 5209 experiri.
2521 5145 2659 5205 Quae
2675 5156 2811 5195 sane
2828 5144 3180 5208 dispensatio
3202 5158 3336 5196 cum
3347 5146 3441 5197 ni-

1842 5216 1926 5269 hil
1948 5217 2101 5281 apud
2123 5215 2248 5269 illos
2269 5219 2588 5281 promovet,
2613 5227 2730 5267 non
2764 5216 2953 5267 solum
2986 5216 3313 5279 securitate,
3338 5216 3441 5268 sed

1844 5287 2215 5340 excusatione
2230 5287 2545 5351 privantur.
2559 5287 2989 5340 Concionatoris
3011 5291 3208 5338 autem
3234 5286 3443 5350 ipsius,

1845 5360 1944 5423 qui
1966 5359 2385 5411 revelationum
2404 5358 2802 5422 magnitudine
2814 5357 3447 5419 sublimetur,animad-

1845 5429 2124 5483 vertenda
2147 5429 2515 5481 mediocritas
2527 5434 2650 5481 est:
2676 5429 2812 5493 quia
2835 5429 3010 5481 istam
3034 5441 3150 5493 qua
3172 5428 3445 5482 inclaruit

1847 5502 2206 5565 dignitatem,
2233 5500 2487 5552 solorum
2513 5512 2643 5550 cum
2661 5504 2816 5551 esset
2838 5512 3091 5562 morum,
3123 5513 3244 5552 non
3272 5500 3444 5551 etiam

1847 5573 2144 5637 natalium,
2169 5572 2321 5623 sicut
2343 5571 2455 5629 alii,
2482 5570 2756 5633 suffragio
2792 5575 3145 5623 consecutus
3180 5572 3446 5635 (quorum

1849 5644 2110 5698 videlicet
2132 5645 2376 5707 majores
2401 5641 2462 5691 in
2484 5640 2663 5691 titulis
2680 5641 3047 5705 collocantur)
3066 5646 3258 5693 tamen
3276 5644 3449 5694 vilem

137 5710 786 5785 etiam—praecedentium
798 5717 1404 5783 prophetarum,Oseee
1420 5716 1752 5769 videlicetet
1850 5728 1964 5780 qua
1992 5713 2282 5769 exercitus
2316 5715 2456 5775 erat,
2482 5723 2602 5763 non
2624 5710 2826 5763 celavit
2847 5712 3197 5765 industriam
3223 5727 3239 5761 :
3265 5711 3366 5765 sed
3389 5712 3449 5765 in

211 5869 231 5892 ι
266 5860 457 5911 Antea
488 5856 626 5908 serio
660 5854 976 5920 legebatur,
1015 5867 1117 5920 pro
1151 5865 1265 5919 quo
1299 5853 1473 5904 serius
1506 5851 1927 5918 rescripsimus.
