3866 6206
378 232 516 286 1059

1432 227 1698 280 RUFINO
1732 226 2193 280 PRESBYTERO
2226 227 2609 279 ASCRIPTUS

3574 224 3720 279 1060

376 345 605 395 Thecue
631 341 850 415 alendis
872 341 1176 415 pecoribus
1202 353 1426 415 semper
1464 341 1849 415 seinstitisse,
1885 340 1967 390 si—
1992 343 2043 415 Α
2127 341 2293 392 Vers.
2335 338 2469 394 3.—5.
2502 367 2560 377 —-
2586 342 2761 403 Super
2793 339 2966 389 tribus
2987 337 3284 389 sceleribus
3333 337 3616 415 Damasci
3653 346 3714 401 ει,

377 415 591 479 gnavit.
622 414 851 464 Thecue
890 418 1086 465 autem
1110 412 1333 464 viculus
1359 425 1491 464 esse
1514 413 1736 473 dicitur,
1764 414 1824 463 in
1852 424 1967 475 quo

380 490 678 550 pastorum
703 484 925 536 habitet
954 484 1278 548 multitudo,
1310 494 1328 513 ·
1353 484 1596 549 septimo
1620 496 1654 534 a
1676 483 1965 535 Bethleem

379 557 520 608 urbe
535 556 757 607 miliaro
785 560 1105 619 separatus,
1127 561 1258 619 post
1274 569 1448 619 quem
1473 561 1639 607 vasta
1650 556 1769 618 jam
1783 567 1966 617 usque

375 628 448 679 ad
465 628 759 679 Oceanum
785 626 1038 678 solitudo
1054 628 1529 691 porrigitur.Ergo
1546 628 1693 677 inter
1708 632 1966 689 pastores

376 697 750 761 locainculta,
771 697 874 748 sed
896 698 1087 762 pecori
1109 703 1432 761 opportuna
1453 694 1626 764 507
1660 702 1963 757 sectantes,

378 769 507 820 ideo
533 782 595 821 se
628 768 939 820 educatum
984 781 1110 819 esse
1145 768 1529 833 commendat,
1558 782 1631 819 ne
1668 767 1966 818 occasione

372 841 505 892 novi
528 839 783 890 muneris
810 838 1075 891 videatur
1093 839 1300 901 elatus,
1325 844 1383 889 et
1407 839 1479 889 de
1502 852 1564 889 se
1588 837 1799 901 aliquid
1817 838 1968 890 msti-

378 923 536 963 mare
549 909 853 962 sublatius.
869 909 1031 971 Quod
1044 912 1400 974 propositum
1417 909 1581 961 serias
1598 908 1890 973 parcitatis
1906 908 1966 959 in

378 994 652 1046 processu
691 992 923 1044 quoque
976 980 1162 1044 operis
1203 979 1510 1045 explicavit
1560 979 1797 1031 dicens:
1838 979 1966 1029 Non

376 1067 525 1102 eram
549 1052 830 1117 propheta,
851 1066 945 1100 nec
954 1051 1103 1115 filius
1121 1052 1414 1116 prOphetce,
1439 1050 1529 1100 sed
1540 1054 1966 1115 pastoreramea:

372 1122 523 1172 rubis
556 1137 726 1188 poma
758 1123 1036 1186 decerpens
1062 1138 1075 1174 :
1106 1128 1151 1171 et
1174 1121 1294 1171 tulit
1320 1137 1402 1170 me
1427 1122 1712 1183 Dominus,
1736 1127 1784 1170 et
1818 1121 1966 1170 misit

376 1195 450 1243 ad
461 1194 923 1259 prophetandum.
956 1196 1095 1245 Ilaec
1116 1199 1313 1245 autem
1330 1193 1634 1245 modestiae
1656 1193 1839 1243 virtus
1856 1196 1963 1255 est,

378 1278 554 1330 quam
574 1269 630 1316 et
648 1265 907 1328 gentium
919 1267 1131 1316 Doctor
1146 1265 1415 1327 ostendit,
1447 1277 1579 1316 cum
1602 1264 1739 1315 dicit
1763 1279 1776 1313 :
1802 1264 1966 1312 Reve-

379 1337 649 1387 lationum
672 1336 1053 1400 magnitudine
1086 1350 1153 1385 ne
1185 1336 1478 1401 extollerer,
1515 1336 1674 1384 datus
1717 1339 1787 1383 est
1822 1334 1966 1383 mihi

376 1407 628 1457 stimulus
649 1409 834 1457 carnis
860 1422 1007 1469 meae,
1032 1408 1252 1470 angelus
1278 1408 1555 1469 Sat/lanae,
1583 1406 1677 1470 qui
1715 1420 1800 1454 me
1823 1404 1969 1455 cola-

373 1478 567 1543 phizel.
592 1478 817 1542 Propter
842 1478 987 1542 quod
1010 1482 1087 1526 ter
1100 1479 1400 1527 Dominum
1424 1479 1631 1541 rogavi,
1658 1482 1715 1526 ut
1739 1476 1968 1525 discede-

375 1554 454 1598 ret
476 1566 512 1598 a
531 1564 631 1609 me,
649 1554 697 1597 et
717 1548 859 1597 dixit
883 1549 1026 1597 mihi
1049 1563 1062 1598 :
1091 1548 1304 1610 Sufﬁcit
1326 1548 1420 1598 tibi
1435 1550 1619 1613 gratia
1640 1563 1759 1597 mea
1779 1564 1797 1607 ;
1831 1562 1965 1596 nam

378 1621 550 1669 virtus
575 1620 636 1669 in
678 1620 1001 1681 inﬁrmitate
1020 1621 1303 1685 per/icitur
1330 1618 1396 1685 (2.
1453 1621 1573 1671 Cor.
1611 1617 1737 1681 12.).
1778 1620 1967 1669 Patuit

377 1704 511 1755 ergo
526 1689 957 1756 prophetalibus
974 1691 1189 1742 occulis
1205 1691 1363 1742 illam
1376 1695 1656 1742 terrarum
1672 1691 1966 1738 commotio-

376 1775 531 1827 nem,
557 1761 630 1814 ad
657 1761 1096 1826 signiﬁcandam
1121 1763 1344 1827 imperii
1384 1762 1841 1823 convulsionem,
1863 1772 1964 1811 va-

377 1834 491 1885 lere
516 1845 531 1896 ;
566 1838 622 1885 et
646 1832 801 1884 hunc
825 1846 952 1885 esse
976 1836 997 1862 υ
1018 1834 1275 1897 rugitum
1300 1832 1525 1885 Domini
1541 1832 1842 1884 irascentis
1863 1844 1968 1896 ap-

377 1903 568 1970 pellat.

439 1978 594 2027 Vers.
623 1973 678 2027 2.
706 2002 766 2011 —
790 1974 858 2023 Et
889 1975 952 2023 de
994 1973 1317 2039 Jerusalem,
1356 1974 1563 2038 inquit,
1606 1972 1753 2023 dabit
1793 1988 1969 2022 vocem

376 2060 553 2096 suam.
580 2047 741 2097 Hanc
752 2046 1025 2097 nimirum
1048 2059 1268 2109 vocem,
1286 2059 1418 2109 quae
1433 2048 1533 2097 irae
1548 2045 1674 2108 ejus
1695 2056 1967 2109 congrua,

379 2131 498 2169 non
523 2121 746 2168 natura;
770 2127 789 2146 ⁸
812 2116 1198 2168 intremuisse.
1220 2119 1368 2181 Ergo
1405 2120 1691 2169 aeternum
1714 2115 1968 2180 judicem

376 2194 588 2241 tremor
600 2188 751 2239 orbis
774 2187 1078 2251 eloquitur,
1097 2190 1265 2251 cujus
1285 2194 1447 2239 tanta
1461 2187 1825 2239 vehementia
1840 2186 1967 2251 fuit,

382 2263 446 2311 ut
469 2258 664 2310 statim
690 2259 840 2310 viror
861 2258 1187 2323 graminum
1212 2258 1535 2324 disperiret,
1566 2262 1626 2308 et
1644 2270 1763 2308 non
1779 2256 1967 2308 solum

378 2329 731 2393 hominibus,
764 2329 867 2380 sed
883 2329 1055 2381 etiam
1079 2330 1357 2393 gregibus
1382 2328 1843 2380 subducerentur
1861 2328 1969 2379 ali-

375 2406 602 2453 menta:
649 2400 670 2429 ⁴¹
698 2402 933 2463 speciosa
961 2400 1244 2463 siquidem
1266 2408 1549 2464 pastorum
1587 2400 1721 2451 lata
1755 2412 1971 2463 pascua

376 2472 713 2529 nominavit,
739 2476 797 2523 et
819 2473 1172 2523 exsiccatum
1195 2470 1721 2523 Carmeliverticem
1741 2470 1814 2520 ad
1840 2483 1966 2521 ean-

377 2544 506 2595 dem
535 2544 711 2595 voluit
725 2544 1198 2605 signiﬁcationem
1224 2542 1433 2594 valere.
1461 2542 1751 2605 Siquidem
1772 2546 1967 2605 pasto-

378 2626 471 2665 res
497 2613 716 2664 soleant
740 2614 977 2665 aestivas
1005 2614 1292 2677 praecipue
1316 2613 1377 2663 in
1402 2614 1711 2665 verticibus
1736 2611 1967 2662 collium

377 2697 634 2749 quaerere
659 2685 951 2748 pastiones
975 2701 986 2733 :
1016 2697 1148 2747 quae
1171 2685 1363 2735 omnia
1397 2683 1494 2734 illo
1519 2686 1797 2734 terrarum
1832 2695 1968 2733 con-

377 2769 557 2807 cussu
569 2756 928 2807 arefacienda
943 2755 1326 2818 denuncians,
1344 2755 1612 2819 opinione
1630 2766 1857 2818 quoque
1872 2766 1968 2805 na-

379 2827 546 2879 turali
566 2827 791 2878 videtur
812 2826 1031 2889 aliquid
1043 2827 1374 2889 contigisse.
1394 2825 1654 2889 Plerique
1679 2826 1852 2885 enim,
1869 2824 1968 2888 qui

381 2911 576 2951 eorum
604 2898 815 2949 curiosi
828 2899 886 2948 in
904 2898 1191 2961 ejusmodi
1204 2897 1450 2960 negotiis
1459 2898 1830 2957 exslilerintopi
1838 2911 1968 2944 nan-

385 2974 476 3022 tur
498 2972 736 3033 probare
764 2980 1004 3019 caussas
1030 2973 1312 3019 terrarum
1337 2968 1592 3019 motibus
1630 2967 1967 3029 siccitatem,

379 3039 553 3103 idque
563 3039 840 3103 exemplis
856 3039 1093 3104 probare
1106 3044 1163 3090 et
1175 3039 1659 3103 disputationibus
1670 3041 1970 3099 persuadere

377 3116 677 3163 conantur.
697 3113 851 3172 Quas
875 3123 1030 3162 nunc
1052 3114 1249 3162 tamen
1273 3110 1432 3161 vobis
1455 3109 1729 3173 replicare
1746 3121 1861 3160 non
1877 3113 1967 3160 est

376 3194 630 3242 necesse,
646 3182 746 3233 sed
762 3180 902 3232 illud
926 3181 1177 3233 breviter
1207 3181 1651 3244 adnotavi,quia
1670 3181 1964 3243 geminam

376 3252 601 3318 plagam
624 3252 879 3303 intulerit
904 3251 1145 3304 vixdum
1174 3252 1443 3303 inchoata
1466 3252 1791 3303 commotio.
1832 3252 1965 3303 Sive

373 3329 566 3376 autem
584 3324 920 3383 siccitatem,
947 3326 1111 3387 quasi
1138 3324 1495 3379 conturbatis
1512 3322 1755 3373 fontium
1779 3323 1962 3387 venis,

374 3395 577 3447 crearit
598 3408 811 3459 magna
834 3396 1161 3455 concussio,
1178 3396 1248 3445 ad
1267 3396 1581 3458 potentiam
1597 3395 1966 3459 respicitcon-

373 3467 591 3531 ditoris,
617 3468 786 3529 cujus
803 3466 966 3517 notui
991 3468 1276 3516 elementa
1298 3465 1663 3516 deserviunt:
1688 3466 1811 3517 sive
1827 3477 1968 3528 prae-

374 3540 609 3592 veniens
634 3536 896 3587 deiectus
926 3537 1187 3587 humoris
1222 3542 1432 3586 terram
1466 3537 1649 3598 primo
1688 3548 1965 3599 arescere,

373 3613 574 3674 postea
584 3607 754 3657 etiam
765 3606 897 3656 fecit
912 3606 1235 3669 intremere,
1251 3606 1445 3667 sicque
1461 3606 1833 3668 pereuntibus
1851 3621 1967 3666 pas-

377 3681 520 3743 cuis,
548 3677 824 3728 siccitatis
847 3676 1212 3727 incommoda
1241 3677 1497 3739 patuisse
1530 3691 1542 3727 :
1591 3676 1965 3727 nihilominus

376 3750 616 3804 eandem
628 3747 941 3811 potentiam
949 3747 969 3809 j
980 3746 1264 3797 udicantis
1279 3746 1552 3808 ostendit,
1567 3748 1665 3810 qui
1678 3752 1742 3797 ut
1754 3748 1966 3811 pietate

377 3821 634 3874 continet
655 3831 786 3882 quae
810 3817 1037 3881 creavit,
1054 3817 1365 3881 itaeadem,
1383 3831 1517 3869 cum
1529 3831 1675 3882 opus
1698 3823 1805 3880 est,
1820 3818 1967 3870 indi-

378 3893 651 3959 gnatione
675 3890 1001 3941 conturbat.
1028 3890 1338 3941 Possemus
1373 3895 1568 3941 autem
1595 3904 1691 3954 per
1722 3891 1958 3955 tropolo-

376 3966 546 4030 giam,
571 3965 869 4025 pastorum
895 3960 1129 4011 nomine
1152 3972 1417 4024 proceres
1439 3974 1505 4012 ac
1524 3974 1685 4024 reges
1710 3962 1966 4014 diversa-

375 4048 505 4088 rum
515 4034 777 4099 gentium
790 4032 1070 4083 indicatos
1086 4037 1303 4096 putare,
1312 4032 1694 4096 verticemque
1705 4033 1966 4098 Carmeli,

374 4104 849 4170 eampotentiam,
865 4116 1039 4167 quam
1063 4116 1196 4155 cum
1222 4102 1483 4155 fmliciter
1506 4104 1796 4168 degerent,
1821 4105 1967 4156 obti-

374 4179 609 4236 nebant,
630 4176 950 4241 praesertim
973 4176 1106 4239 quia
1130 4179 1188 4226 et
1217 4175 1289 4225 ad
1332 4175 1591 4227 diversas
1614 4181 1816 4241 gentes
1840 4189 1964 4240 pro-

374 4251 565 4316 pheta
584 4248 752 4299 istius
777 4259 969 4298 sermo
992 4247 1258 4311 dirigitur
1280 4260 1294 4307 ;
1321 4246 1423 4297 sed
1448 4251 1505 4298 et
1542 4246 1851 4311 simplicior
1875 4251 1964 4299 est

370 4322 523 4387 prior
546 4320 874 4383 explanatio
905 4324 962 4370 et
987 4318 1472 4370 accommodatior
1494 4318 1767 4382 historiis,
1796 4318 1843 4369 si
1880 4318 1964 4369 di-

372 4404 558 4447 versa
580 4392 728 4455 [Αηε.
772 4390 1023 4453 diversa]
1059 4390 1435 4442 aﬂlictionum
1460 4392 1680 4455 species
1707 4390 1958 4455 profanis

369 4464 649 4516 institisse
674 4461 953 4513 dicantur.
980 4461 1092 4514 Sed
1117 4462 1241 4526 jam
1263 4461 1569 4514 videamus
1610 4461 1750 4526 quid
1776 4461 1955 4515 infre-

370 4548 537 4589 mens
561 4535 713 4587 ultor
734 4533 1036 4587 exclamet.

437 4680 584 4731 'Sex
605 4675 779 4728 modo
813 4679 1087 4728 numerat
1128 4677 1254 4741 ejus
1290 4678 1462 4729 vetus
1498 4675 1686 4729 incola
1710 4676 1961 4741 regionis

374 4750 777 4813 Hieronymus.
807 4748 929 4811 Hic,
971 4747 1178 4813 inquit,
1215 4747 1486 4812 Propheta
1513 4748 1622 4812 fuit
1664 4747 1727 4796 de
1758 4748 1959 4813 oppido

378 4823 595 4883 Thecue,
620 4819 768 4883 quod
804 4830 919 4871 SEX
946 4818 1167 4868 milibus
1212 4819 1284 4868 ad
1326 4819 1697 4869 meridianam
1737 4819 1962 4884 plagam

372 4892 514 4945 abest
544 4907 581 4941 a
614 4894 806 4939 saneta
827 4889 1111 4953 Bethleem,
1144 4895 1252 4943 etc.
1278 4891 1347 4942 Et
1370 4891 1431 4941 in
1454 4891 1763 4942 Jeremiam
1796 4892 1962 4943 Com-

369 4961 648 5017 mentario
672 4960 925 5012 secundo
941 4973 1063 5025 cap.
1090 4960 1148 5016 6:
1171 4962 1438 5011 Theucam
1454 4962 1689 5011 viculum
1702 4962 1760 5011 in
1783 4968 1965 5012 monte

366 5037 600 5096 situm,et
611 5032 890 5084 duodecim
900 5032 1138 5083 millibus
1149 5032 1619 5097 abJerososolymis
1628 5039 1960 5098 separatum,

367 5106 605 5174 quotidie
632 5104 799 5154 oculis
820 5104 1109 5155 cernimus.
1126 5104 1344 5165 Quibus
1360 5103 1575 5154 indicat
1586 5104 1763 5156 fuisse
1781 5105 1842 5155 in
1865 5105 1961 5157 via

365 5180 698 5243 situm,qum
711 5175 1084 5240 Jerosolymis
1097 5176 1422 5225 Hebronem
1434 5175 1785 5227 ducit.Porro
1800 5177 1955 5239 quod

366 5252 446 5303 ait
474 5250 698 5311 Noster,
716 5247 844 5296 inde
866 5262 1034 5311 usque
1056 5246 1130 5294 ad
1151 5245 1318 5295 Ocean
1328 5260 1419 5293 um
1434 5245 1798 5298 solitudinem
1826 5260 1956 5311 pro-

366 5320 543 5383 tendi,
568 5319 893 5371 accuratius
914 5316 1094 5369 multo
1112 5316 1518 5380 Hieronymus,
1540 5332 1706 5381 usque
1721 5318 1794 5367 ad
1808 5333 1962 5369 mare

360 5390 607 5443 Rubrum
649 5390 1050 5454 Persarumque
1075 5393 1121 5438 et
1140 5388 1462 5453 Ethiopum
1501 5392 1661 5453 atque
1696 5389 1961 5440 Indorum

364 5463 621 5513 terminos
643 5461 876 5526 profert.

425 5533 449 5563 ι
476 5531 717 5587 Videtur
730 5534 787 5583 τὺ
806 5546 908 5582 esse
930 5531 1401 5598 expungendum.
1417 5534 1502 5585 Ex
1524 5531 1615 5585 his
1631 5537 1825 5585 autem
1836 5546 1959 5587 ver-

368 5601 589 5654 siculus
611 5601 705 5655 ille
740 5603 940 5667 incipit
964 5618 976 5652 :
1000 5604 1070 5654 Et
1093 5604 1234 5654 dixit
1261 5617 1272 5653 :
1298 5604 1569 5655 Do‘rninus
1597 5604 1660 5655 de
1694 5604 1830 5655 Sion
1860 5620 1963 5654 ru-

367 5673 489 5736 giet,
503 5676 611 5723 etc.

430 5752 451 5774 ι
469 5741 723 5794 Placeret
757 5742 958 5807 utique
1000 5747 1206 5812 magis,
1230 5748 1299 5798 sit
1339 5747 1515 5803 verbo
1539 5746 1958 5814 subintellecto,

1994 3141 2044 3217 C

2063 427 2224 476 super
2244 417 2483 475 quatuor
2504 427 2615 460 non
2631 416 2939 460 convertam
2959 426 3107 471 eum,
3136 426 3199 459 eo
3227 410 3388 473 quod
3404 412 3717 459 (ritur-ave-

2067 488 2197 530 runt
2222 483 2281 529 in
2309 482 2571 546 plaustris
2595 482 2786 544 ferreis
2804 482 3034 533 Galaad.
3073 482 3145 530 Et
3169 481 3403 529 mittam
3432 482 3626 543 ignem
3657 482 3712 527 in

2072 552 2247 620 508
2273 555 2508 603 Domum
2525 552 2744 616 Azahel,
2774 560 2820 601 et
2854 552 3132 603 devorabit
3159 552 3365 600 domos
3419 552 3712 600 Benadab.

2067 628 2132 676 Et
2154 637 2428 678 conteram.
2460 631 2655 673 vectem
2680 625 2953 688 Damasci,
2985 629 3032 673 et
3058 624 3396 687 disperdam
3429 622 3713 671 habitato-

2065 700 2253 750 remde
2276 698 2481 762 eampis
2504 695 2839 760 [ALcampo]
2858 696 3006 758 idoli,
3035 701 3083 744 et
3121 700 3404 744 tenentem
3425 699 3709 755 sceptrum

2066 771 2128 820 de
2150 772 2307 821 domo
2339 767 2662 832 voluptatis'
2694 773 2741 815 et
2756 767 3015 827 luxurias,
3043 773 3091 815 et
3124 767 3519 829 transferetur
3538 780 3711 829 popu-

2064 841 2147 890 lus
2170 842 2338 904 Syria
2364 840 2644 904 Cyrenem,
2670 837 2802 885 dicit
2825 837 3116 887 Dominus.
3135 836 3392 895 Scimus,
3420 836 3517 886 ait
3544 837 3707 899 Apo-

2064 913 2269 975 stolus,
2304 913 2437 976 quia
2460 908 2651 959 omnia
2673 922 2790 972 qua
2811 907 2898 958 lea:
2922 908 3191 972 loquitur,
3222 908 3317 957 his
3349 908 3460 971 qui
3502 906 3565 956 in
3603 908 3707 969 lege

2063 989 2210 1045 sunt,
2228 983 2469 1046 loquitur
2492 980 2666 1043 (Rom.
2690 978 2742 1034 3.
2780 977 2904 1043 19.).
2929 980 3075 1030 Cum
3107 991 3252 1042 ergo
3302 983 3367 1029 et
3390 977 3704 1042 prophetis

2065 1059 2223 1106 esset
2244 1051 2619 1119 propositum,
2650 1049 2862 1101 scelera
2882 1049 3077 1115 populi
3104 1052 3220 1101 sub
3247 1049 3388 1113 lege
3428 1048 3703 1112 degentis

2064 1138 2320 1189 arguere,
2338 1128 2397 1176 et
2420 1126 2623 1173 beatus
2641 1123 2819 1172 Amos
2843 1120 3043 1172 decem
3067 1121 3376 1185 praecipue
3393 1121 3703 1170 Tribubus

2066 1209 2198 1260 quin
2211 1195 2379 1246 Israel
2392 1191 2770 1258 appellantur.
2793 1191 3115 1242 insisteret:
3140 1191 3602 1255 dispensatoria
3619 1197 3702 1242 ta-

2064 1280 2201 1319 men
2222 1280 2288 1318 ac
2312 1263 2644 1328 multiplicis
2661 1263 2883 1314 ratione
2905 1262 3133 1313 consilii
3147 1265 3311 1315 Deus
3341 1267 3563 1313 noster
3575 1262 3701 1313 aiia-

2063 1351 2192 1390 rum
2207 1350 2433 1402 quoque
2444 1336 2703 1400 gentium
2728 1334 2927 1386 intulit
2953 1334 3341 1394 mentionem,
3360 1346 3526 1396 quas
3548 1335 3699 1397 arqui

2058 1410 2261 1474 judicii
2278 1409 2499 1461 ratione
2514 1406 2829 1470 dispungat
2846 1418 2860 1468 ;
2878 1405 3030 1456 sicut
3051 1410 3112 1457 et
3134 1404 3503 1457 Judaaorum
3529 1418 3699 1469 pepu-

2062 1481 2205 1544 lum,
2227 1493 2302 1532 ex
2318 1493 2385 1532 eo
2409 1478 2518 1529 sibi
2543 1477 2852 1542 plurimum
2870 1482 3074 1528 contra
3097 1477 3244 1529 vitm
3261 1477 3511 1538 merita,
3538 1476 3695 1539 quod

2032 1539 2038 1547 ’
2064 1539 2294 1603 discreti
2318 1552 2391 1602 ab
2411 1539 2649 1612 reliquis
2664 1552 2922 1611 agerent,
2939 1552 3337 1611 arrogantem.
3361 1549 3520 1597 Cum
3542 1548 3694 1597 enim

1992 1726 2046 1801 B

2063 1623 2306 1675 audiunt
2324 1621 2498 1674 etiam
2514 1619 2734 1671 vicinas
2759 1623 2964 1683 gentes
2983 1619 3056 1669 ad
3097 1631 3359 1670 examen
3386 1618 3558 1669 haud
3602 1631 3693 1670 se-

2065 1694 2433 1759 gnius,quam
2460 1702 2597 1742 suas
2610 1690 2815 1741 Tribus
2833 1689 3387 1753 vocari,intelligant
3412 1689 3689 1753 profecto,

2067 1770 2125 1816 et
2139 1765 2398 1816 omnium
2417 1762 2716 1814 nationum
2734 1773 2914 1812 unum
2940 1773 3070 1812 esse
3092 1760 3469 1812 conditorem
3497 1761 3690 1812 Domi-

2064 1838 2311 1888 num.In
2345 1847 2412 1886 eo
2436 1846 2572 1898 ergo
2608 1833 2734 1894 ipso
2759 1832 2917 1895 quod
2961 1832 3367 1883 Israelitarum
3404 1832 3580 1883 dolor
3619 1832 3684 1883 de

2065 1907 2269 1960 vicinis
2282 1906 2555 1971 gentibus
2567 1904 2915 1967 vindicatur,
2932 1903 3209 1968 superbia
3226 1916 3434 1955 eorum
3455 1915 3582 1954 una
3599 1903 3686 1955 de-

2062 1979 2347 2042 primitur,
2365 1984 2431 2029 ut
2456 1976 2709 2028 sentiant
2734 1975 2991 2033 demum,
3010 1975 3172 2038 quod
3193 1988 3315 2026 non
3352 1974 3433 2025 sit
3456 1979 3679 2026 tantum

2063 2051 2093 2101 J
2102 2049 2397 2101 udaaorum
2409 2046 2694 2109 Deus,sed
2711 2047 2884 2098 etiam
2897 2048 3172 2098 Gentium
3184 2046 3678 2110 :quandoquidem

2065 2121 2283 2171 nullius
2307 2118 2503 2184 populi
2525 2117 2717 2169 studia
2738 2116 2953 2169 debitis
2980 2118 3069 2169 vel
3107 2116 3563 2179 consolationis,
3594 2117 3680 2168 vel

2065 2191 2301 2243 ultionis
2318 2190 2523 2255 preciis
2548 2192 2853 2241 exuantur.
2880 2187 2972 2238 Ad
2998 2193 3376 2252 postremum
3405 2188 3676 2250 ostendit,

2067 2276 2239 2327 quam
2252 2263 2327 2313 sit
2338 2263 2410 2312 ad
2428 2259 2779 2325 parcendum
2796 2260 3091 2323 promtior,
3105 2260 3207 2323 qui
3219 2258 3296 2310 ad
3309 2260 3676 2311 irascendum

2014 2352 2025 2360 ’
2066 2347 2201 2386 cum
2224 2338 2383 2385 tanta
2399 2330 2737 2383 difﬁcultate
2758 2334 3091 2391 consurgat,
3119 2335 3188 2381 ut
3209 2342 3526 2394 nunquam
3550 2344 3672 2382 eum

2065 2417 2184 2457 una
2198 2405 2363 2473 culpa
2375 2403 2624 2456 alterave
2640 2401 3136 2465 commoveat,nisi
3148 2401 3369 2465 aliquae
3390 2408 3508 2453 tres
3540 2413 3671 2465 qua-

2064 2481 2268 2529 tuorve
2293 2475 2680 2527 convenerint.
2701 2474 2807 2535 Qui
2822 2479 3020 2525 tamen
3035 2487 3324 2525 numerus
3334 2487 3443 2538 pro
3454 2474 3671 2525 inﬁnita

2066 2548 2384 2612 quantitate
2405 2546 2644 2597 docetur
2665 2549 2969 2596 assumtus
2995 2559 3008 2595 :
3035 2558 3153 2596 non
3179 2550 3248 2596 ut
3264 2558 3405 2597 vere
3428 2550 3671 2609 quatuor

2066 2620 2326 2681 crimina,
2351 2617 2452 2669 sed
2477 2616 2661 2668 multa
2684 2616 2957 2678 signaret.
2984 2615 3145 2667 Idem
3174 2621 3379 2667 autem
3426 2630 3490 2667 se
3512 2618 3668 2681 ignoo

2066 2689 2263 2741 scendi
2289 2701 2516 2753 quoque
2550 2686 2831 2750 studium,
2855 2686 3049 2749 etjam
3096 2687 3252 2738 circa
3288 2687 3438 2738 alias
3467 2693 3667 2751 gentes

2064 2760 2272 2812 habere
2306 2760 2631 2822 consignat,
2653 2757 2886 2821 quando
2919 2758 3379 2809 commotionem
3398 2771 3567 2808 suam
3578 2770 3667 2821 per

2064 2830 2499 2883 similitudinem
2514 2828 2715 2880 alienae
2731 2828 3059 2891 iniquitatis
3071 2834 3339 2880 excusat.
3367 2829 3549 2893 Super
3573 2828 3663 2878 tri-

2065 2903 2177 2965 bus,
2203 2902 2409 2965 inquit,
2434 2900 2709 2950 sceleribus
2742 2900 3017 2963 Damasci,
3037 2906 3085 2948 et
3115 2915 3281 2965 super
3296 2908 3545 2965 quatuor
3561 2916 3661 2949 non

2068 2978 2372 3025 convertam
2396 2987 2537 3036 eum,
2555 2986 2611 3020 eo
2634 2971 2778 3034 quod
2799 2971 3195 3020 trituraverunt
3212 2973 3271 3019 in
3290 2972 3559 3035 plaustris
3569 2971 3663 3032 [εγω

2066 3046 2172 3093 reis
2208 3042 2435 3093 Galaad.
2467 3042 2619 3104 Egit,
2640 3042 2844 3104 inquit,
2865 3039 3009 3092 solio
3032 3054 3162 3092 meo
3185 3042 3659 3104 coaeternajusti—

2066 3117 2169 3179 cia,
2197 3119 2484 3165 utmunus
2496 3112 2726 3164 demum
2739 3111 3060 3175 judicantis
3076 3118 3528 3173 assumerem,et
3542 3112 3660 3162 hor-

2060 3200 2183 3238 rore
2200 3186 2217 3215 ί
2239 3184 2380 3236 mihi
2398 3182 2777 3246 multiplicem
2789 3182 3020 3246 pariter,
3040 3188 3099 3234 et
3122 3183 3526 3247 impudentem
3542 3196 3659 3234 cru-

2060 3258 2376 3319 delitatem,
2399 3253 2695 3306 conversio
2719 3255 2778 3304 in
2796 3253 2984 3304 tristia
3000 3258 3160 3305 statu
3175 3255 3658 3317 nocentium,per-

2062 3328 2340 3379 docerem.
2364 3324 2530 3376 Ilaud
2557 3323 2961 3388 semelquippe
2998 3338 3105 3375 nec
3130 3326 3345 3376 iterum
3374 3325 3657 3384 Damasci,

2062 3398 2329 3463 populus,
2356 3400 2631 3447 caeterum
2656 3407 3057 3458 saepenumero
3074 3396 3304 3446 Israelis
3321 3408 3468 3447 arva
3491 3408 3655 3459 popu-

2061 3469 2218 3520 latus
2247 3473 2353 3519 est.
2380 3466 2591 3518 Galaad
2614 3470 2810 3517 autem
2838 3466 2920 3517 ita
2955 3467 3135 3517 etiam
3157 3467 3438 3529 plaustris
3476 3466 3655 3518 ferreis

2063 3538 2405 3601 tribulisque
2416 3536 2776 3598 comminuit,
2799 3540 2864 3587 ut
2886 3544 3121 3600 gratum
3139 3536 3541 3600 spectaculum
3559 3549 3654 3600 pu-

2065 3614 2211 3661 taret
2230 3619 2248 3647 ς
2267 3610 2449 3660 instar
2486 3608 2775 3672 spicarum
2798 3611 2977 3670 atque
2997 3606 3349 3670 culmorum,
3365 3609 3579 3671 passim
3601 3607 3653 3657 in

2063 3682 2283 3744 campis
2320 3677 2635 3731 incolarum
2660 3679 2920 3729 membra
2956 3681 3306 3730 tererentur.
3346 3679 3494 3739 Quia
3532 3691 3653 3742 ergo

2059 3751 2403 3816 impunitam
2427 3750 2578 3801 hanc
2611 3749 2708 3799 diu
2731 3749 3018 3800 feritatem
3044 3761 3153 3801 nec
3174 3748 3341 3812 potui
3365 3749 3529 3800 ferre.
3557 3762 3651 3799 nec

2062 3823 2254 3885 debui,
2272 3823 2497 3873 mittam
2510 3822 2703 3885 ignem
2721 3819 2961 3871 indomo
2978 3819 3197 3872 Azahel
3210 3820 3364 3883 regis
3380 3820 3651 3877 Damasci.

2062 3899 2120 3946 et
2142 3892 2663 3954 devorabit,domos
2678 3891 3074 3955 Benadab,qui
3090 3891 3241 3955 patri
3253 3904 3364 3943 suo
3375 3892 3583 3943 Azahel
3604 3894 3648 3939 in

2061 3965 2300 4029 imperio
2324 3965 2634 4015 successit:
2663 3968 2721 4015 et
2745 3967 3039 4015 conteram
3064 3965 3293 4015 vectem
3317 3963 3651 4023 Damasci,et

2061 4036 2153 4087 dis
2159 4035 2391 4099 perdam
2403 4035 2783 4086 habitatorem
2796 4033 2866 4084 de
2880 4034 3105 4098 campis
3120 4033 3281 4095 idoli,
3294 4038 3357 4085 et
3371 4038 3647 4086 tenentem

2062 4109 2355 4171 sceptrum
2372 4106 2445 4157 de
2468 4105 2640 4157 domo
2662 4104 2985 4168 Voluptatis,
3012 4104 3074 4155 id
3086 4110 3198 4169 est,
3215 4103 3651 4157 babitatoreslo—

2062 4191 2257 4230 eorum
2275 4177 2565 4242 profanos,
2581 4175 2675 4229 vel
2699 4180 3021 4228 summates
3039 4189 3332 4240 quosque,
3356 4176 3451 4228 vel
3476 4188 3650 4240 proce-

2061 4262 2170 4311 res,
2190 4249 2471 4313 quiomne
2498 4254 2725 4313 tempus
2738 4248 2800 4298 in
2822 4247 3227 4311 voluptatibus
3246 4249 3645 4312 transigebant,

2060 4319 2226 4371 malis
2243 4320 2598 4384 captivitatis
2614 4318 2922 4371 involvam.
2939 4322 3026 4369 Ac
3039 4331 3115 4371 ne
3130 4320 3151 4349 δ·
3170 4321 3298 4383 ejus
3312 4319 3647 4383 captivitatis

2056 4391 2342 4456 ignorent,
2361 4396 2638 4455 autspem
2661 4390 3007 4442 reversionis
3029 4396 3345 4455 usurpent,
3361 4391 3645 4443 cummdes

2070 4475 2208 4514 suas
2232 4463 2292 4513 in
2308 4462 2496 4515 cinere
2523 4461 2575 4527 5
2587 4459 2635 4528 ο
2646 4458 2697 4529 9
2719 4461 2972 4513 viderint
2990 4462 3338 4525 concidisse,
3350 4462 3464 4527 ipsi
3487 4462 3555 4514 ad
3567 4464 3648 4527 Cy-

1984 4504 2042 4578 D
2068 4504 2222 4587 ranis
2244 4504 2699 4587 arva
2728 4535 2793 4585 In
2814 4504 3020 4597 regum
3027 4504 3555 4587 RREE’iEiEE
3570 4504 3647 4585 E3.

2061 4677 2483 4752 praepositaque
2512 4675 2646 4752 heic
2676 4676 2837 4752 τελείᾳ
2869 4682 3068 4752 ςττιγμῇ,
3115 4679 3345 4745 textum
3379 4676 3644 4752 instruere

2059 4750 2132 4801 ad
2157 4750 2313 4800 hunc
2326 4747 2595 4800 modum:
2620 4748 2966 4812 Infremuisse
2975 4747 3102 4812 ergo
3119 4749 3641 4807 ceternumJudicem,

2062 4826 2274 4883 tremor,
2303 4825 2410 4873 etc.

2124 4892 2145 4922 δ
2168 4895 2337 4944 Sacer
2360 4897 2557 4944 textus
2592 4892 2784 4956 habet,
2821 4892 2889 4942 Et
2910 4891 3176 4943 luxerunt
3197 4894 3442 4960 speciosa
3480 4893 3642 4944 Pasto-

2062 4979 2208 5025 rum,
2232 4970 2279 5012 et
2301 4964 2594 5012 exsiccatae
2616 4968 2686 5013 est
2706 4969 2884 5013 vertex
2902 4962 3160 5028 Carmeli,
3186 4971 3296 5017 etc.

2124 5044 2143 5066 ⁶
2178 5037 2359 5087 Vetus
2374 5034 2484 5086 hoc
2503 5039 2591 5086 est
2606 5033 3071 5086 additamentum
3090 5037 3428 5099 verborum,
3445 5041 3489 5085 et
3504 5035 3641 5085 ιυςευ-

2064 5108 2176 5165 riae,
2202 5106 2354 5170 quod
2389 5105 2521 5157 licet
2543 5105 2671 5157 libri
2712 5104 2807 5155 alii
2848 5104 3137 5170 ignorent,
3163 5111 3346 5171 atque
3385 5108 3507 5171 ipse
3528 5118 3638 5158 cum

2066 5178 2262 5244 primis
2285 5176 2601 5228 Hebraicus
2624 5182 2841 5239 textus,
2867 5177 3195 5240 antiquiora
3206 5179 3641 5230 tamenretinent

2067 5248 2531 5312 Ilieronymianaa
2554 5247 2840 5300 versionis
2853 5248 2991 5299 Mss.
3005 5249 3382 5314 exemplaria,
3399 5262 3431 5301 e
3451 5249 3637 5313 quibus

2067 5322 2172 5373 tria
2192 5332 2300 5371 nos
2322 5320 2382 5371 in
2406 5319 2667 5372 Editione
2689 5324 2888 5371 nostra
2908 5318 3304 5373 laudavimus.

2126 5392 2147 5426 ε
2168 5392 2406 5442 Videtur
2429 5391 2711 5440 horrorem
2733 5389 3066 5454 legendum,
3083 5396 3152 5444 ut
3165 5394 3222 5444 et
3241 5390 3416 5456 paulo
3427 5393 3637 5458 postim-

2059 5462 2377 5529 pendentem
2400 5473 2500 5526 pro
2523 5461 2910 5526 impudentem,
2940 5461 3097 5525 quod
3133 5466 3194 5515 et
3232 5463 3418 5516 veteri
3446 5461 3634 5515 Editori

2061 5535 2136 5588 ad
2157 5534 2285 5587 libri
2310 5544 2466 5585 oram
2492 5537 2755 5586 notatum
2771 5537 2881 5586 est.
3287 5598 3293 5603 η

2124 5617 2142 5647 ι
2170 5606 2567 5673 Supplendum
2581 5606 2710 5658 heic
2734 5606 2802 5669 si,
2820 5604 2911 5657 vel
2932 5612 3182 5672 cum,aut
3202 5607 3319 5661 tale
3348 5607 3630 5674 quidpiam.

2123 5678 2145 5709 ιι
2169 5681 2291 5732 Etsi
2314 5678 2460 5731 nihil
2483 5684 2667 5744 muto,
2692 5678 2866 5730 velim
2888 5677 3017 5730 heic
3038 5680 3237 5732 tamen
3260 5695 3405 5732 onus
3428 5681 3532 5746 legi
3552 5691 3631 5745 pro

2057 5751 2191 5819 ejus,
2217 5751 2373 5816 quod
2390 5763 2629 5805 sensum
2655 5750 2864 5803 turbat.
