3866 6206
52 298 177 353 1061

1235 297 1307 347 ΙΝ
1343 298 1539 348 AMOS
1572 298 2159 353 COMMENTARIUS.

3202 299 3342 355 1062

51 411 389 484 lcgimus,hi_
410 424 577 484 reges
601 423 847 484 quorum
855 409 1134 484 j‘iropheta
1149 408 1563 484 commeminit,
1588 409 1643 459 id
1668 411 1723 484 Α
1753 412 1878 484 bus,
1908 411 2198 484 quierant
2221 424 2353 484 vere
2382 410 2470 462 vel
2494 415 2779 475 potestate
2805 411 3061 484 subnixi,
3089 411 3181 465 vel
3205 413 3345 464 vitae

51 487 146 543 est,
175 481 397 532 Azahei
424 486 483 533 et
515 480 800 537 Benadab,
839 479 1037 530 decem
1073 478 1297 541 Tribus,
1331 490 1504 540 quam
1537 478 1647 529 fre-

51 552 241 615 quenti
265 552 605 603 incursione
621 552 980 613 vexaverint,
1006 548 1148 601 etad
1172 548 1534 600 miseriarum
1547 563 1649 600 ex-

51 632 223 675 trema
268 622 672 686 perduxerint.
708 624 786 673 Ea
821 634 959 684 ergo
996 620 1229 673 victoria
1258 632 1332 670 ne
1363 620 1650 673 videretur

51 697 195 757 Syris
230 693 507 745 fceliciter
542 693 873 756 contigisse,
895 702 912 720 ⁸
937 703 1175 743 causam
1198 691 1311 742 illic
1338 690 1523 743 facere
1555 706 1651 743 ca-

51 765 318 817 lamitatis
345 777 791 828 poenarumque,
828 776 959 828 quas
994 762 1350 815 describitur.
1368 763 1497 815 'Sed
1526 764 1649 828 jam

51 836 487 902 progrediamur
508 836 581 887 ad
606 835 838 899 reliqua.

101 909 246 958 Vers
262 906 405 961 6.-8.
451 935 512 945 —
538 908 657 956 Hec
681 906 809 956 dicit
833 906 1132 956 Dominus:
1158 905 1333 969 Super
1354 904 1524 954 tribus
1541 920 1649 954 sce-

51 978 235 1028 Leribus
259 978 434 1039 Gazae,
468 984 516 1028 et
548 993 710 1042 super
743 984 982 1042 quatuor
1013 992 1125 1025 non
1157 981 1461 1025 convertam
1495 991 1648 1037 eum;

51 1065 95 1099 ao
119 1049 266 1112 quod
289 1050 635 1099 transtulerit
656 1050 1017 1114 captivitatem
1029 1047 1337 1112 perfectam,
1362 1052 1420 1095 ut
1435 1048 1646 1097 conclu-

51 1120 181 1169 deret
209 1135 331 1169 eam
358 1121 421 1169 in
464 1120 719 1171 Idumam.
756 1120 825 1169 Et
862 1121 1075 1168 mittam
1104 1120 1287 1182 ignem
1326 1119 1389 1166 in
1421 1134 1649 1168 murum

51 1193 206 1251 Gazae,
232 1198 279 1240 et
317 1191 596 1241 devorabit
622 1192 757 1240 ardes
788 1192 917 1253 ejus,
956 1194 1001 1239 et
1035 1189 1345 1254 disperdam
1380 1189 1650 1240 habitato-

51 1278 151 1310 rem
180 1263 242 1311 de
265 1263 454 1324 Asoto,
493 1269 537 1311 et
573 1267 834 1312 tenentem
862 1267 1127 1326 sceptrum
1168 1261 1231 1310 de
1263 1260 1560 1313 Ascalone:
1602 1268 1649 1311 et

51 1339 350 1384 :onvertam
366 1348 605 1383 manum
628 1348 804 1382 meam
825 1348 987 1397 super
1004 1334 1292 1392 Accarum,
1317 1337 1363 1380 et
1394 1332 1649 1397 peribunt

51 1405 280 1467 reliquias
306 1404 414 1468 [Αι.
441 1405 691 1454 Accaron
727 1409 785 1455 et
806 1403 1022 1468 reliqui]
1048 1403 1493 1468 Philistinorum,
1517 1404 1649 1453 dicit

51 1476 331 1527 Dominus.
353 1475 574 1527 Eodem
597 1477 945 1528 narrationis
962 1474 1178 1535 ordine,
1205 1487 1379 1538 quem
1401 1480 1458 1526 et
1474 1488 1647 1540 supra

51 1546 356 1599 adversum
379 1548 732 1599 Damascum
751 1551 1031 1605 tenuerat,
1056 1549 1225 1599 Gazse
1241 1558 1471 1610 quoque
1488 1548 1647 1598 urbis

51 1617 302 1679 crimina,
330 1618 731 1683 suppliciaque
753 1618 1099 1669 dinumerat:
1126 1622 1185 1670 et
1205 1619 1368 1681 quasi
1395 1618 1644 1682 speciem

51 1690 477 1752 percunctantis
526 1689 789 1752 assumit,
838 1689 1119 1740 debeatne
1151 1694 1269 1739 tam
1304 1687 1537 1752 longam
1577 1694 1653 1741 te-

51 1773 178 1811 nere
200 1761 548 1824 patientiam
573 1772 747 1825 super
767 1760 1034 1811 homines
1058 1758 1199 1809 adeo
1222 1760 1538 1811 sceleribus
1568 1760 1650 1812 in-

51 1830 350 1894 haerentes,
365 1837 435 1883 ut
444 1836 716 1896 putarent
729 1844 789 1882 se
801 1831 944 1882 nihil
955 1829 1260 1881 crudeliter
1270 1834 1646 1897 perpetrasse,

51 1901 153 1952 nisi
180 1902 237 1953 id
255 1907 342 1954 ter
356 1908 683 1967 quaterque
703 1903 1115 1968 geminassent,
1135 1902 1452 1965 miramque
1467 1903 1652 1954 ambi-

52 1974 258 2025 tionem
294 1974 356 2025 in
388 1974 784 2038 delinquando
816 1973 1168 2025 tenuissent:
1204 1984 1271 2023 ac
1307 1985 1424 2024 non
1463 1973 1650 2026 solum

52 2046 304 2109 propriis,
332 2045 439 2097 sed
465 2046 639 2098 etiam
664 2045 864 2097 alienis
888 2044 1225 2096 criminibus
1252 2050 1647 2108 pascerentur.

52 2116 216 2167 Dedit
245 2118 466 2182 quippe
491 2129 743 2181 Operam,
766 2121 833 2166 ut
858 2114 929 2166 de
957 2114 1297 2169 Judaeorum
1321 2120 1492 2178 gente
1516 2117 1651 2169 Idu-

54 2188 197 2250 rnrei,
222 2189 376 2239 Esau
414 2188 688 2239 videlicet
712 2186 944 2251 posteri,
973 2198 1147 2250 quem
1176 2186 1330 2237 beati
1353 2188 1528 2239 Jacob
1549 2189 1652 2240 fra-

56 2260 193 2309 trem
226 2258 410 2310 fuisse
435 2259 628 2322 prodit
649 2257 891 2309 historia
918 2257 1117 2321 (Cenes.
1142 2255 1272 2321 25.),
1299 2270 1502 2321 pmnas
1526 2272 1654 2323 age-

56 2333 191 2379 rent.
216 2328 297 2379 llli
322 2342 485 2393 ergo,
508 2329 697 2392 inquit
728 2328 1021 2392 propheta,
1048 2328 1146 2391 qui
1171 2328 1244 2378 ab
1279 2328 1449 2379 nobis
1472 2330 1653 2394 parri-

56 2400 217 2451 cidati
232 2400 383 2464 odio,
404 2413 543 2451 cum
561 2404 718 2451 esset
727 2402 967 2463 junctus
991 2400 1291 2464 sanguine,
1311 2400 1650 2462 dissidebat,

58 2470 380 2522 Gazaeorum
403 2471 639 2522 auxiliis
659 2472 947 2535 utebatur,
972 2483 1078 2521 nec
1102 2470 1161 2521 in
1178 2484 1349 2522 suum
1372 2484 1516 2535 gens
1535 2476 1654 2523 tru-

57 2540 275 2594 culenta
290 2542 726 2607 compendium,
746 2543 1090 2605 sanguinem
1107 2554 1303 2593 meum
1320 2542 1465 2593 odiis
1482 2543 1654 2594 dona-

58 2613 149 2663 bat
164 2612 395 2665 alienis:
425 2616 653 2664 tantum
679 2612 739 2662 in
768 2625 863 2663 me
889 2613 1158 2677 smviens,
1189 2618 1469 2677 quantum
1511 2614 1652 2665 satis

58 2682 652 2749 ducerentparricidte.
669 2685 830 2734 Hanc
843 2688 1035 2734 autem
1054 2684 1470 2748 professionem
1488 2685 1652 2735 mali-

58 2755 281 2816 gnitatis
299 2755 550 2819 qualiter
562 2755 1065 2818 sitexpuncturus,
1079 2755 1426 2805 ostendit.Et
1437 2756 1649 2804 mittam

60 2826 230 2889 ignem
250 2829 311 2875 in
331 2841 564 2877 murum
591 2825 757 2887 Gazae,
792 2833 836 2873 et
862 2824 1130 2874 devorabit
1167 2826 1297 2875 aedes
1324 2826 1437 2889 ejus
1460 2832 1505 2874 et
1537 2826 1651 2875 dis-

59 2897 271 2961 perdam
290 2897 655 2947 habitatorem
678 2898 740 2946 de
765 2897 943 2957 Aeolo,
964 2901 1009 2945 et
1027 2901 1285 2945 tenentem
1305 2901 1567 2961 sceptrum
1590 2898 1653 2947 de

62 2969 338 3018 Ascalone:
365 2976 409 3017 et
440 2974 745 3018 convertam
761 2982 992 3016 manum
1012 2983 1190 3016 meam
1212 2982 1373 3032 super
1386 2968 1647 3029 Accaron,

63 3045 104 3087 et
119 3040 361 3102 peribunt
377 3040 626 3104 reliquiae
649 3040 1089 3102 Philistinorum,
1103 3038 1231 3088 dicit
1252 3040 1533 3088 Dominus.
1551 3042 1654 3091 Per

64 3112 411 3164 occasionem
432 3113 604 3163 unius
622 3111 870 3162 civitatis
896 3110 1137 3161 aliorum
1162 3122 1392 3173 quoque
1415 3110 1654 3175 oppido-

62 3194 179 3233 rum
192 3186 432 3234 nomina
443 3181 888 3247 percucurrit,de
900 3182 1113 3246 quibus
1137 3181 1196 3231 in
1206 3183 1429 3245 Regum
1446 3186 1652 3233 historia

65 3253 376 3317 frequenter
398 3255 669 3318 legimus,
695 3253 849 3317 quod
865 3266 1010 3317 pene
1026 3253 1332 3324 continuos
1347 3252 1652 3324 habuerint,

65 3337 184 3375 cum
206 3325 547 3376 Judmorum
571 3330 742 3389 gente
758 3324 1077 3375 conﬂictus.
1100 3323 1171 3374 Hi
1189 3328 1328 3374 sunt
1341 3323 1534 3376 autem
1555 3325 1654 3389 qui

66 3396 116 3445 et
159 3398 357 3447 Arcam
391 3395 769 3456 Testamenti,
809 3408 963 3447 caeso
993 3394 1332 3446 Judeeorum
1378 3396 1654 3453 exercitu,

66 3467 217 3527 quasi
246 3467 495 3531 capitam
520 3466 591 3517 ad
616 3466 815 3516 fanum
835 3465 991 3525 idoli,
1019 3465 1111 3517 cui
1131 3468 1329 3529 Dagon
1354 3470 1477 3517 erat
1490 3478 1656 3519 voca-

67 3535 272 3599 bulum,
300 3536 725 3589 transtulerunt
751 3536 818 3598 (1.
848 3537 970 3600 Reg.
1000 3534 1049 3589 3.
1078 3540 1124 3584 et
1145 3551 1267 3600 seqq
1294 3534 1329 3598 ).
1367 3536 1545 3600 Cujus
1567 3540 1653 3589 ta-

66 3617 189 3658 men
210 3610 522 3671 potentiam
548 3612 855 3672 postquam
871 3612 929 3659 et
944 3606 1193 3671 Dagonis
1211 3611 1402 3660 statua
1418 3608 1656 3659 commi-

66 3682 215 3741 nuta,
231 3683 286 3730 et
299 3684 502 3731 secuta
511 3677 705 3742 populi
722 3678 1066 3739 calamitate,
1080 3677 1376 3741 indicavit,
1391 3691 1523 3731 cum
1536 3679 1652 3729 otii-

68 3748 163 3797 ciis
184 3761 308 3801 eam
338 3750 548 3801 debitis
579 3749 957 3800 remiserunt:
992 3762 1100 3801 nec
1131 3760 1271 3801 sane
1296 3750 1513 3801 cultum
1552 3750 1655 3802 Dei

67 3818 266 3872 talibus
298 3821 593 3874 miraculis
618 3833 936 3885 suscepere,
970 3819 1072 3871 sed
1095 3820 1117 3849 δ
1136 3820 1383 3884 ingeniis
1409 3824 1467 3872 et
1480 3822 1655 3872 mori-

68 3890 187 3953 bus,
212 3897 268 3942 et
290 3892 497 3942 ritibus
520 3891 915 3955 perstiterunt.
938 3891 1009 3940 Hi
1026 3903 1161 3954 ergo
1169 3892 1409 3955 jugibus
1431 3892 1577 3942 odiis
1593 3893 1653 3942 in

67 3961 162 4011 Dei
174 3962 442 4024 populum
454 3963 781 4021 saevientes,
795 3961 1062 4025 quotiens
1077 3973 1181 4012 suo
1194 3962 1426 4014 nomine
1437 3962 1653 4014 bellum

66 4029 257 4082 inferre
270 4046 384 4084 non
396 4038 682 4097 poterant,
700 4045 830 4083 cum
844 4032 1158 4096 majoribus
1173 4032 1440 4084 hostibus
1457 4034 1653 4097 copias

66 4105 120 4152 et
140 4114 294 4154 arma
315 4105 667 4166 miscebant;
705 4104 857 4154 sicut
881 4114 947 4153 ea
968 4104 1258 4167 praecipue
1288 4106 1649 4167 tempestate,

68 4183 175 4234 qua
194 4175 413 4239 Assyrii
429 4175 770 4226 Judteorum
789 4174 1004 4225 tinibus
1023 4174 1326 4235 irruerunt,
1349 4173 1651 4237 fatigatum

64 4243 131 4292 ab
155 4244 251 4307 eis,
285 4258 458 4308 quem
494 4245 834 4296 disserimus
867 4244 1147 4308 propheta
1179 4245 1568 4306 conqueritur,
1593 4249 1651 4296 et

66 4315 305 4367 ostendit
329 4318 633 4368 universas
658 4316 943 4380 nationes,
968 4314 1179 4378 quibus
1210 4316 1652 4363 circumdabantur

65 4385 260 4450 Judaei,
286 4388 347 4438 in
372 4400 573 4440 eorum
597 4388 907 4451 perniciem
927 4386 1097 4450 quasi
1119 4386 1473 4437 certantibus
1491 4385 1543 4451 5
1560 4385 1579 4452 Ι
1596 4384 1645 4453 ο

67 4457 262 4507 studiis
288 4457 600 4510 laborasse.
635 4458 778 4519 Quia
808 4458 984 4522 igitur
1009 4469 1206 4508 eorum
1238 4456 1477 4508 adverso
1515 4464 1654 4509 tem-

64 4536 208 4589 pore,
232 4541 339 4580 vos
363 4541 594 4593 quoque
617 4529 901 4579 malorum
917 4526 1184 4578 cumulos
1199 4527 1526 4592 addidistis,
1545 4540 1651 4578 nec

1667 1782 1722 1855 B

1751 481 1920 533 istius
1933 483 2150 533 deliciis
2162 481 2519 545 etvoluptate
2535 484 2853 548 conspicui,
2866 482 3017 535 adeo
3032 489 3346 548 utpossent

1750 553 1896 616 [Ant.
1923 553 2165 616 possint]
2180 552 2354 604 etiam
2369 565 2533 617 reges
2551 556 2761 615 vocari,
2778 552 2885 604 ulla
2901 554 3229 605 inveniatur
3242 568 3346 607 ex-

1750 624 1932 687 ceptio
1961 638 1972 673 :
2000 623 2101 675 sed
2122 623 2201 673 ita
2224 635 2395 687 super
2417 635 2616 674 omnes
2639 636 2880 675 manum
2905 629 3119 677 nostrae
3145 625 3347 678 adver-

1751 695 1931 745 sionis
1955 693 2284 753 extendam,
2310 696 2377 744 ut
2413 693 2842 746 Philistinorum
2879 696 3052 747 etiam
3085 696 3345 760 reliquim

1750 770 2185 828 consumantur,
2217 769 2275 815 et
2313 777 2347 815 a
2369 766 2614 815 summis
2644 766 2716 816 ad
2741 766 2887 818 imos
2914 767 3201 828 insmviat,
3227 780 3347 820 una

1749 837 2014 887 vastatio.
2041 837 2161 887 Hoc
2181 840 2274 887 est
2289 840 2504 899 autem,
2521 836 2675 899 quod
2691 837 2862 887 etiam
2878 838 3211 901 praecedens
3226 851 3350 903 pro-

1749 905 1922 970 pheta
1949 907 2219 971 signavit,
2243 907 2458 971 Tyrum
2496 906 2759 958 videlicet
2784 911 2841 958 et
2875 909 3144 961 Sidonem
3170 914 3347 973 atque

1748 991 1951 1030 omnes
1968 977 2403 1031 Paiaastinorum
2424 977 2700 1029 terminos
2716 979 3064 1043 accusando,
3081 980 3235 1043 quod
3258 992 3349 1031 ar-

1748 1054 1987 1113 gentum
2011 1055 2067 1103 et
2090 1062 2314 1114 aurum,
2333 1054 2508 1113 atque
2534 1049 2727 1100 omnia
2751 1060 2884 1112 qua)
2910 1051 3160 1113 pretiosa
3181 1056 3347 1103 erant

1748 1123 1819 1172 de
1844 1122 2069 1173 Israelis
2101 1121 2308 1172 ﬁnibus
2343 1120 2750 1172 abstulissent:
2785 1119 3049 1184 filiosque
3072 1122 3263 1186 populi
3287 1123 3349 1175 in

1746 1192 2007 1244 libertate
2041 1197 2231 1251 natos,
2273 1192 2487 1244 Graecis
2530 1204 2598 1242 ac
2633 1192 2902 1243 Barbaris
2934 1193 3348 1245 mercatoribus

1748 1263 2162 1323 vendidissent,
2221 1268 2285 1314 ut
2347 1262 2547 1327 procul
2614 1274 2650 1313 a
2706 1262 2962 1327 paternis
3016 1263 3349 1327 regionibus

1747 1336 1948 1396 avecti,
1995 1335 2233 1387 exilium
2290 1333 2463 1385 simul
2517 1334 2935 1397 servitiumque
2995 1338 3348 1398 paterentur.

1810 1407 1971 1456 Vers.
1994 1405 2164 1461 9.-10.
2184 1434 2243 1443 -
2266 1406 2387 1454 Haec
2410 1405 2537 1455 dicit
2555 1405 2825 1455 Dominus
2845 1421 2855 1453 :
2877 1405 3052 1470 Super
3067 1406 3237 1455 tribus
3251 1420 3356 1456 sce-

1747 1476 1942 1526 leribus
1978 1478 2125 1543 Tyri,
2151 1482 2195 1526 et
2216 1491 2378 1541 super
2401 1481 2638 1540 quatuor
2661 1491 2769 1525 non
2798 1482 3102 1526 convertam
3126 1492 3267 1539 eum,
3294 1491 3352 1527 eo

1745 1548 1890 1613 quod
1921 1547 2277 1597 concluserint
2299 1548 2672 1612 captivitatem
2696 1549 2984 1612 perfectam
3007 1549 3068 1596 in
3092 1548 3350 1607 Idumam,

1746 1625 1791 1670 et
1814 1634 1925 1668 non
1941 1620 2049 1668 sint
2064 1619 2332 1669 recordati
2346 1618 2561 1682 fazdcris
2580 1616 2844 1680 fratrum.
2866 1618 3159 1668 Etmittam
3171 1620 3352 1683 ignem

1748 1691 1811 1740 in
1834 1705 2059 1739 murum
2089 1690 2236 1753 Tyri,
2261 1694 2308 1738 ct
2331 1688 2601 1738 devorabit
2620 1686 2752 1736 edes
2773 1692 2906 1750 ejus.
2933 1688 3072 1750 Ejus
3096 1689 3352 1739 criminis

1751 1762 1940 1826 arguit
1959 1761 2194 1826 Tyrum,
2220 1759 2373 1825 quod
2390 1762 2444 1810 et
2468 1761 2636 1811 Gazae
2659 1771 2844 1823 nuper
2864 1759 3170 1822 objecerat,
3198 1759 3351 1811 vide-

1750 1833 1900 1893 licet,
1932 1834 2068 1896 quia
2088 1845 2207 1884 non
2232 1833 2460 1882 brevem
2477 1830 2729 1894 aliquam
2746 1830 3085 1894 portionem,
3104 1830 3207 1882 sed
3222 1843 3351 1895 per-

1747 1904 1957 1956 fectam
1977 1904 2368 1967 captivitatem
2392 1903 2452 1953 in
2473 1901 2729 1953 Idumeea
2744 1901 3081 1953 concludere
3112 1901 3345 1952 festina-

1745 1976 1847 2034 vit,
1877 1980 1943 2027 ut
1965 1973 2230 2040 periculis
2245 1974 2582 2025 Judzeorum
2605 1973 2920 2023 Idumaeam
2944 1977 3197 2037 gentem,
3217 1972 3346 2023 odio

1749 2046 2014 2098 videlicet
2060 2046 2267 2097 infensi
2315 2045 2525 2105 fratris,
2563 2044 2836 2106 expleret.
2874 2044 3076 2095 Veniet
3107 2042 3347 2108 proinde

1747 2118 2018 2181 vindicta,
2041 2129 2170 2181 quae
2192 2116 2429 2167 formam
2448 2115 2704 2167 criminis
2723 2115 2807 2166 tui
2840 2114 3091 2178 effingat,
3111 2120 3166 2165 et
3182 2126 3346 2178 supe-

1748 2194 1859 2241 ret:
1878 2194 1939 2240 tu
1956 2190 2165 2253 quippe
2182 2188 2349 2250 quasi
2365 2187 2663 2238 ardentem
2679 2185 2958 2236 invidiam
2971 2185 3025 2235 in
3037 2185 3349 2249 perniciem

1750 2260 1983 2311 fratrum
2013 2260 2128 2311 tuis
2145 2256 2537 2310 amminiculis
2562 2257 2833 2317 incitasti,
2858 2261 2916 2308 et
2938 2269 3055 2307 non
3080 2268 3143 2307 es
3165 2268 3352 2307 recor-

1748 2330 1940 2392 datus,
1973 2330 2029 2382 id
2053 2335 2161 2395 est,
2186 2330 2423 2381 noluisti
2442 2328 2676 2393 penitus
2701 2328 2950 2392 cogitare
2974 2328 3112 2378 illud
3138 2326 3348 2392 foedus,

1749 2402 1903 2465 quod
1925 2403 2109 2453 inter“
2132 2412 2438 2465 germanos
2463 2402 2672 2450 natura
2696 2399 2822 2463 ipsa
2861 2397 3180 2458 constituit,
3205 2409 3353 2460 quo-

1746 2485 1877 2524 rum
1897 2485 2009 2523 non
2038 2476 2196 2523 tanta
2219 2472 2348 2523 laus
2369 2474 2525 2522 esset
2550 2470 2803 2533 diligere,
2830 2472 3111 2533 quantum
3135 2469 3352 2519 crimen

1748 2544 1968 2595 odisse:
1987 2542 2089 2595 sed
2102 2542 2271 2606 quasi
2290 2541 2750 2605 externissimos,
2777 2546 2955 2592 etnec
2972 2553 3232 2591 sermone
3245 2540 3354 2591 sibi

1748 2627 1855 2665 nec
1887 2613 2153 2678 opinione
2191 2617 2539 2676 compertos,
2566 2624 2683 2663 non
2715 2611 2903 2662 solum
2936 2611 2992 2661 in
3012 2610 3221 2674 jurgia,
3248 2610 3350 2661 sed

1748 2686 1941 2745 etiam,
1966 2686 2025 2735 in
2060 2685 2256 2748 praelia
2279 2682 2663 2734 commovisti.
2699 2683 3136 2745 Consequenter
3157 2682 3350 2745 itaque

1748 2757 1956 2808 ardens
1983 2755 2234 2806 vindicta
2252 2754 2604 2818 corripietur,
2630 2757 2685 2803 et
2714 2753 2978 2816 ingentes
3002 2751 3346 2815 voluptates.

1750 2829 1960 2892 quibus
1974 2827 2192 2878 famosa
2206 2825 2503 2889 gestieras,
2519 2821 2775 2874 horribili
2800 2822 3067 2887 squalore
3080 2825 3350 2871 mutabun-

1752 2903 1866 2950 tur:
1897 2903 2236 2961 tantumque
2252 2894 2567 2947 vastationi
2587 2893 2903 2957 adhibebit,
2928 2897 2992 2944 ut
3014 2899 3133 2945 tam
3151 2892 3349 2943 funda-

1750 2975 1963 3033 menta,
1988 2980 2164 3032 quam
2185 2966 2438 3018 culmina
2463 2965 2639 3016 turris
2656 2964 2826 3016 celsas
2850 2964 3116 3027 murique
3131 2964 3348 3015 cinere-

1753 3044 1974 3162 “aliis.
2002 3107 2208 3164 τωρ.
2244 3136 2305 3145 -
2340 3108 2460 3158 Haec
2485 3107 2615 3156 dicit
2636 3105 2935 3155 Dominus:
2972 3105 3148 3170 Super
3180 3103 3350 3154 tribus

1676 3195 1725 3269 Ο
1756 3181 2030 3269 sceleribus
2044 3180 2234 3239 Edam,
2253 3185 2298 3228 et
2316 3193 2483 3269 super"
2500 3182 2863 3269 quatu'orJnon
2879 3182 3184 3269 convertam
3204 3190 3348 3269 eum,

1758 3269 1815 3302 eo
1851 3253 1997 3317 quod
2021 3255 2372 3317 persequutus
2415 3249 2483 3298 sit
2524 3249 2585 3297 in
2621 3247 2804 3312 gladio
2834 3253 3041 3311 patrem
3084 3262 3266 3309 suum,
3304 3251 3351 3295 et

1752 3323 2028 3374 violaverit
2057 3320 2489 3371 misericordiam
2513 3319 2644 3384 ejus,
2681 3324 2727 3367 et
2752 3319 2981 3368 tenuerit
3010 3317 3157 3367 ultra
3192 3320 3352 3382 furo—

1753 3410 1865 3444 rem
1883 3408 2064 3453 suum,
2089 3399 2134 3442 et
2152 3392 2595 3456 indignationem
2614 3404 2775 3439 suam
2799 3389 3083 3439 servaverit
3099 3403 3266 3452 usque
3290 3389 3351 3437 in

1750 3468 1933 3530 ﬁnem.
1974 3466 2185 3514 Mittam
2222 3464 2403 3526 ignem
2428 3461 2489 3509 in
2526 3461 2803 3523 Themam,
2833 3465 2878 3508 et
2917 3458 3187 3508 devorabit
3221 3459 3354 3530 edes

1754 3538 1950 3587 Bome.
1983 3533 2241 3587 Instituti
2264 3532 2523 3585 ordinem
2547 3531 2829 3583 sermonis
2844 3531 3170 3594 exequitur,
3189 3534 3247 3581 et
3268 3529 3355 3580 di-

1753 3620 1953 3660 versas
1965 3611 2168 3671 gentes
2182 3605 2289 3656 sub
2307 3603 2699 3667 increpatione
2713 3603 2998 3663 compellat,
3011 3617 3137 3663 quas
3154 3603 3355 3650 Iudaeo-

1751 3693 1879 3732 rum
1925 3679 2209 3729 duntaxat
2241 3680 2360 3727 tam
2393 3674 2731 3726 criminibus
2778 3678 3017 3725 noverat
3048 3673 3352 3732 cohaerere,

1754 3763 1931 3814 quam
1946 3750 2178 3800 ﬁnibus.
2197 3747 2468 3799 Ordinate
2481 3749 2677 3797 autem
2689 3750 2822 3809 post
2838 3747 3052 3809 Tyrum
3066 3747 3234 3805 posuit
3246 3746 3356 3793 ldu-

1755 3834 1970 3885 meeos,
2002 3818 2131 3887 5||
2172 3819 2307 3882 quia
2343 3822 2401 3870 et
2422 3818 2529 3881 ipsi
2560 3814 2881 3881 parricidali
2910 3815 3217 3887 adversum
3247 3816 3353 3887 J_u-

1752 3893 1911 3945 daaos
1933 3884 2227 3956 impietate
2249 3890 2564 3941 fervebant.
2593 3888 2753 3949 Quod
2777 3899 2912 3951 ergo
2944 3886 3003 3937 in
3029 3886 3212 3950 Tyriis
3250 3884 3354 3936 de-

1750 3963 2125 4015 nunciaverat
2136 3974 2265 4012 esse
2278 3959 2661 4024 plectendum,
2676 3971 2776 4009 cur
2788 3957 3053 4008 videlicet
3066 3957 3355 4008 Idumaeos

1752 4034 2061 4086 saevientes
2085 4032 2175 4085 vel
2192 4030 2450 4083 consiliis
2465 4028 2536 4079 ad
2537 4031 2556 4092 j
2569 4029 2852 4089 uvissent,
2871 4040 2986 4090 quo
3005 4027 3229 4079 facilius
3254 4027 3358 4079 fra-

1751 4105 1928 4157 ternis
1952 4103 2197 4155 miseriis
2225 4104 2627 4165 pascerentur:
2651 4101 3075 4161 consequenter
3094 4110 3252 4149 nunc
3269 4098 3355 4162 ip-

1750 4189 1848 4227 sos
1884 4186 2114 4238 quoque
2143 4175 2295 4224 Esau
2328 4173 2402 4222 ob
2435 4170 2637 4222 eadem
2664 4168 2904 4220 crimina
2933 4167 3256 4232 compellat,
3295 4173 3351 4220 et

1750 4245 2002 4297 destinat
2024 4242 2256 4295 ultioni:
2274 4254 2348 4293 ne
2364 4241 2463 4305 qui
2480 4253 2681 4292 eorum
2710 4238 2881 4290 sociis
2905 4238 3353 4290 denunciaverat

1747 4317 1935 4382 precia
1951 4313 2243 4367 reddenda
2265 4312 2584 4377 culparum,
2610 4310 2750 4376 ipsis
2767 4310 2864 4382 qui
2878 4313 3141 4360 auctores
3158 4309 3348 4360 crimi-

1749 4379 1841 4439 nis
1865 4392 2049 4449 erant,
2077 4384 2403 4449 pepercisse
2422 4382 2727 4434 videretur.
2746 4379 3066 4442 Dicitergo,
3092 4391 3224 4430 cum
3251 4391 3353 4449 po-

1750 4459 1949 4521 pulum
1975 4448 2097 4508 non
2131 4448 2310 4507 semel
2334 4453 2436 4505 sed
2468 4464 2623 4517 saepe
2647 4450 2968 4516 parricidali
2994 4450 3186 4501 animo
3211 4448 3353 4501 deli-

1751 4528 1965 4591 quisse,
1991 4532 2048 4578 et
2073 4527 2120 4577 si
2137 4526 2305 4590 culpa
2326 4525 2599 4576 nimirum
2622 4522 2850 4573 veniam
2867 4523 3199 4583 mereretur,
3227 4521 3352 4572 exi-

64 4596 285 4678 miseria
303 4592 502 4679 eorum
528 4599 862 4650 viciniorem
884 4599 946 4679 in
967 4599 1131 4649 vobis
1151 4597 1443 4679 affectum,
1465 4599 1521 4648 id
1538 4603 1645 4679 est,
1670 4606 1727 4679 D
1752 4601 1913 4679 geret
1930 4597 2242 4679 assiduitas
2263 4596 2493 4679 funesta
2506 4593 2838 4679 vindictam.
2856 4594 3114 4679 Fratrem
3139 4592 3350 4673 quippe

66 4667 479 4730 misericordias,
495 4676 770 4722 caeterum
788 4670 975 4734 magis
988 4669 1349 4721 truculentiae
1371 4672 1648 4734 suscitavit,

67 4742 534 4805 magnitudinem,
553 4741 820 4792 facinoris
834 4741 1026 4803 vestri,
1040 4741 1177 4804 quia
1190 4742 1380 4789 ratione
1394 4742 1647 4803 noluistis,

69 4808 232 4861 ultion
241 4826 271 4864 e
282 4813 487 4865 saltem
498 4812 807 4878 pendente,
822 4813 1075 4864 noscetis
1092 4826 1104 4861 :
1118 4812 1449 4863 immissum
1460 4814 1649 4874 quippe

69 4886 497 4953 expugnationis
515 4884 847 4937 incendium
858 4898 975 4936 non
993 4882 1182 4935 solum
1196 4885 1361 4946 tecta,
1378 4882 1480 4934 sed
1501 4885 1646 4931 etiam

67 4962 290 5005 nemora
304 4956 618 5015 devorabit,
642 4955 701 5006 id
726 4960 834 5019 est,
851 4958 1190 5007 ornamenta
1216 4955 1429 5019 pariter
1449 4958 1508 5006 et
1528 4966 1649 5005 mo-

68 5029 332 5079 numenta
341 5039 708 5078 consumens.
727 5027 932 5090 Sicque
942 5027 1160 5078 incolas
1171 5031 1391 5077 vestros
1404 5026 1652 5077 interne-

66 5092 215 5147 cione
237 5095 462 5161 delebit,
490 5104 554 5151 ut
567 5110 674 5151 nec
689 5098 750 5150 in
765 5098 1095 5163 proceribus
1116 5102 1339 5162 sceptra
1354 5096 1648 5149 retinenti-

126 5244 142 5264 '
158 5238 580 5307 Testaturprior
600 5240 991 5305 Editor,causa
1004 5253 1104 5305 pro
1124 5255 1348 5290 causam
1369 5240 1647 5305 scriptum

66 5304 120 5355 in
138 5310 366 5374 antiquo
390 5304 700 5376 exemplari
734 5312 937 5371 fuisse,
962 5304 1036 5364 ex
1066 5325 1184 5376 quo
1208 5326 1322 5363 uno
1346 5312 1452 5363 hos
1480 5304 1646 5362 Com-

65 5384 363 5447 mentarios
384 5383 596 5447 publici
609 5383 758 5447 juris
782 5383 931 5435 fecit.
952 5383 1141 5435 Malim
1157 5384 1370 5446 itaque,
1389 5382 1483 5434 illa
1506 5382 1647 5434 nihil

67 5446 357 5505 immutata
383 5446 543 5519 voce,
564 5446 787 5506 tentare
813 5456 1290 5518 subsequentem,
1315 5460 1374 5505 et
1398 5467 1500 5518 pro
1514 5454 1644 5514 illic,

65 5519 165 5568 illis
198 5527 462 5592 rescribi;
510 5531 719 5578 caetera
757 5539 891 5578 cum
931 5528 1135 5578 eodem
1171 5526 1416 5588 restitui,
1446 5526 1647 5587 futurae

68 5593 289 5665 $53i1icet,
323 5612 426 5665 pro
470 5598 659 5662 facere,
691 5601 802 5649 etc.
847 5597 920 5648 ad
953 5597 1110 5649 hunc
1152 5596 1415 5647 modum:
1464 5594 1645 5645 Causa

66 5661 166 5714 illis
191 5661 387 5730 futurae
408 5670 734 5720 calamitatis
760 5683 1049 5734 partarum
1072 5682 1282 5732 quoque
1305 5665 1639 5717 describitur.

125 5735 145 5766 ¹¹
168 5739 228 5791 Id
253 5747 357 5807 est,
379 5743 690 5806 ingeniosis,
716 5740 1013 5803 obstinatis,
1035 5742 1144 5792 etc.

126 5819 144 5842 ο
164 5810 393 5867 Duobus
423 5813 630 5880 verbis,
661 5812 820 5866 nullo
857 5816 1051 5865 autem
1083 5821 1281 5870 sensu,
1313 5807 1527 5860 lectum
1553 5812 1643 5861 est

1752 4661 1868 4722 non
1880 4671 1899 4734 j
1910 4670 2092 4733 urgio,
2109 4672 2380 4719 caeterum
2395 4665 2586 4731 gladio
2603 4667 3010 4729 persequutus,
3031 4661 3352 4734 misericor-

1746 4741 1859 4793 dias
1876 4732 1967 4792 vel
1989 4732 2011 4769 ⁸
2027 4732 2299 4801 caritatis,
2323 4750 2499 4801 quam
2524 4734 2881 4801 germanitas
2904 4734 3194 4799 poscebat,
3208 4732 3353 4785 obii-

1746 4816 1843 4864 tus
1866 4817 1972 4863 est.
2004 4813 2120 4863 Nec
2152 4823 2252 4874 per
2281 4807 2701 4872 indignationis
2738 4805 3049 4869 quemdam
3072 4805 3349 4870 impetum

1746 4892 1764 4913 '
1788 4883 2035 4934 furuisse
2050 4885 2377 4943 contentus,
2395 4880 2655 4944 longum,
2675 4877 2882 4942 inquit,
2903 4876 3102 4928 sceleri
3120 4882 3351 4942 tempus

1745 4954 2043 5019 impendit.
2056 4954 2282 5006 Grande
2296 4956 2487 5003 autem
2505 4949 2859 5001 occusationi
2872 4947 3101 5013 pondus
3118 4947 3349 5014 adjecit,

1747 5025 2020 5077 dicendo:
2054 5026 2119 5074 Et
2155 5024 2324 5073 tenuit
2352 5022 2503 5072 ultra
2522 5022 2769 5085 furorem
2800 5034 2984 5079 suum,
3009 5024 3055 5069 et
3086 5020 3350 5083 indigna-

1747 5097 1945 5147 tionem
1955 5111 2115 5146 suam
2128 5095 2356 5146 servavit
2370 5108 2540 5158 usque
2553 5094 2616 5142 in
2631 5094 2816 5157 ﬁnem.
2835 5092 2964 5144 Non
2988 5089 3177 5143 solum
3192 5091 3347 5143 enim

1744 5237 2027 5292 hactenus
2049 5238 2299 5304 germina
2322 5250 2439 5288 nos.
2460 5235 2740 5300 Supinum
2765 5245 3014 5286 errorem
3039 5231 3348 5285 emendare

1744 5325 1863 5365 non
1880 5312 2293 5375 dubitavimus,
2312 5309 2694 5361 rescribentes
2710 5317 2828 5358 uno
2846 5305 3023 5359 verbo
3039 5317 3344 5368 germanos.

1810 5415 1832 5446 ’ί
1859 5417 2075 5470 Vitiosa
2095 5416 2222 5468 heic
2237 5413 2410 5467 etiam
2428 5416 2548 5465 erat
2563 5416 2736 5464 antea
2757 5408 3039 5460 claritatis.
3060 5405 3348 5471 Superiori

1745 5488 2134 5540 emendationi
2176 5485 2271 5537 hic
2313 5496 2541 5549 quoque
2581 5482 2743 5534 locus
2778 5480 2970 5533 lucem
3011 5479 3345 5531 fmueratur.

1808 5605 1827 5625 ε
1847 5595 2015 5647 Haud
2027 5592 2290 5646 dubiumr
2304 5590 2443 5655 quin
2457 5603 2491 5642 a
2506 5589 2682 5641 verbo
2700 5588 2849 5653 faro,
2870 5586 3027 5650 quod
3038 5589 3127 5637 est
3143 5584 3344 5647 furere,

1744 5666 2027 5718 derivarit.
2056 5663 2227 5716 Paulo
2264 5663 2437 5713 etiam
2458 5664 2609 5726 post,
2644 5659 2726 5708 Ita
2750 5658 2951 5723 furuit,
2990 5656 3168 5721 quasi,
3194 5659 3337 5717 etc.;

1743 5743 1801 5790 et
1830 5737 2019 5789 denuo
2045 5748 2167 5801 cap.
2196 5735 2291 5794 III,
2318 5733 2426 5785 sub
2449 5731 2697 5795 initium,
2721 5744 2806 5779 eos
2826 5729 2907 5777 ita
2927 5727 3167 5792 furuisse
3190 5738 3343 5778 caut-

1741 5814 1912 5861 satur.
