3866 6206
450 291 588 345 1063
1508 286 1776 338 RUFINO
1812 280 2270 336 PRESBYTERO
2303 281 2688 336 ASCRIPTUS
3650 283 3779 340 1063

445 404 720 457 discessit
744 415 780 455 a
806 402 1066 474 moribus
1105 411 1531 474 germanorum,
1566 400 1799 474 fratrem
1832 398 2046 463 prmliis
2069 403 2128 474 Α
2148 398 2403 447 stodierit.
2423 398 2770 474 Deccperunt_
2761 399 2908 474 enim
2924 412 3011 448 eos
3036 398 3193 474 idola
3212 412 3345 474 sua,
3368 403 3493 474 post
3513 412 3639 461 qua
3651 399 3782 448 (abie-

444 474 822 539 insequendo,
850 472 953 525 sed
975 485 1081 523 nec
1104 473 1362 535 ipsorum
1379 471 1882 527 consuetudinem,
1900 481 2046 533 quos
2069 468 2128 474 ““
2150 474 2281 517 runt
2302 475 2699 533 patreseorum.
2722 470 2791 518 Et
2813 470 3034 520 mittam
3059 471 3251 533 ignem
3282 470 3351 518 in
3373 468 3617 529 ludam,
3646 476 3695 517 et
3713 472 3786 519 de-

444 548 505 598 in
530 546 968 609 sanguinolenta
995 542 1309 594 certamina
1332 542 1797 605 indignationum
1826 540 2046 591 facibus
2145 540 2350 589 vorabit
2373 539 2505 589 aedes
2528 540 2844 589 Jerusalem.
2872 543 3017 592 Cum
3038 540 3306 591 facinora
3338 539 3683 592 truculenta
3706 543 3782 591 di-

442 618 662 680 incitat,
689 615 1025 668 custodivit.
1056 616 1196 664 Nam
1242 614 1323 665 ita
1361 613 1551 674 furuit,
1588 612 1758 676 quasi
1791 610 2050 663 celeriter

445 689 737 740 desiturus
765 705 776 736 :
825 687 905 737 ita
937 685 999 736 in
1029 684 1159 736 odio
1183 684 1572 748 perseveravit
1598 683 1769 746 quasi
1809 681 2051 746 justicia

444 759 650 823 magis,
676 768 852 820 quam
875 756 1066 807 furore
1080 758 1427 806 commotus.
1443 756 1609 805 Juste
1628 766 1764 816 ergo
1780 753 2052 803 immora-

445 837 642 883 turum
665 829 775 880 sibi
800 839 988 890 usque
1011 825 1661 879 adconsummationem
1688 825 1937 888 patietur
1962 823 2052 873 in-

443 901 741 955 cendium:
770 903 837 951 ut
862 902 919 951 et
942 899 1115 950 urbes
1140 903 1197 950 et
1211 896 1469 959 castella,
1490 894 1782 946 sicutunis
1806 892 2051 944 crimini-

444 976 553 1025 bus
568 971 700 1023 sord
708 969 1013 1033 uerant,ita
1024 969 1240 1021 eisdem
1265 966 1692 1020 calamitatibus
1706 978 1737 1016 a
1748 968 2052 1016 tterantur-

445 1043 644 1096 Multis
668 1046 866 1094 autem
888 1041 1245 1103 nominibus,
1272 1040 1327 1089 id
1354 1043 1464 1098 est,
1488 1037 1669 1089 Edom
1693 1039 1749 1087 et
1772 1035 2052 1095 Theman,

443 1119 501 1166 et
525 1116 724 1175 Boara,
761 1124 947 1163 unum
980 1111 1207 1162 indicat
1235 1109 1535 1173 populum,
1583 1106 1849 1158 videlicet
1878 1107 2052 1160 Esau.

443 1186 543 1250 qui
565 1187 742 1237 Bosra
753 1182 1032 1236 vocabulo
1058 1182 1387 1232 habuerant
1411 1178 1767 1242 metropolim
1782 1177 2053 1250 civitatem.

445 1248 564 1308 Hos
588 1268 723 1320 ergo
746 1254 903 1318 dicit,
919 1258 978 1305 et
1000 1265 1125 1316 prae
1138 1252 1214 1303 lio
1240 1257 1298 1304 et
1321 1250 1621 1302 obsidione
1645 1248 1981 1320 vincendos,
1998 1250 2054 1298 et

443 1318 806 1380 vincentium
850 1324 1103 1376 arbitriis
1160 1335 1317 1376 saeva
1360 1333 1658 1387 passuros,
1691 1325 1752 1371 et
1794 1318 2052 1371 caedibus

443 1398 966 1459 exustionibusque
1000 1396 1325 1459 perituros:
1381 1404 1514 1458 qum
1555 1391 1752 1443 omnia
1788 1390 1993 1453 partim
2016 1400 2053 1439 a

445 1469 751 1525 Chaldaeis,
777 1467 985 1531 partim
1008 1480 1042 1517 a
1064 1465 1397 1517 Machabeis
1417 1465 1694 1515 docentur
1716 1460 1890 1512 illata.

508 1543 673 1592 Vers.
701 1528 909 1593 13ί-15.
935 1564 994 1574 -
1038 1537 1158 1585 Haec
1181 1536 1310 1585 dicit
1349 1537 1646 1585 Dominus:
1679 1548 1841 1598 super
1880 1528 2050 1579 tribus

443 1609 721 1662 sceleribus
739 1609 985 1672 ﬁliorum
1003 1608 1275 1668 Ammom,
1294 1612 1340 1656 et
1354 1622 1515 1671 super
1538 1610 1777 1670 quatuor
1791 1618 1903 1652 non
1929 1616 2047 1651 com

447 1687 654 1732 vertam
676 1695 818 1739 eum,
844 1695 901 1729 eo
925 1680 1071 1743 quod
1108 1679 1413 1729 dissecuerit
1435 1682 1774 1742 praegnantes
1811 1672 2039 1734 Galaad,

2148 611 2329 662 versis
2351 611 2623 673 gentibus
2641 612 2968 675 objecisset,
2986 612 3158 664 venit
3179 611 3258 663 ad
3274 614 3307 662 J
3318 611 3519 673 udam,
3539 616 3603 664 et
3620 612 3783 663 dissi~

2150 681 2386 732 ululata:
2410 681 2697 744 religionis
2716 682 2934 733 facinus
2952 683 3294 746 imputavit,
3314 682 3528 733 eodem
3546 695 3673 746 quo
3685 696 3781 734 cte-

2152 757 2310 816 perat
2348 751 2638 802 schemate
2663 751 3096 804 deliberationis
3120 757 3412 802 enuntians
3441 758 3777 803 necessariam

2150 823 2610 886 conversionem,
2630 821 2701 873 de
2712 823 2864 875 laetis
2889 824 3117 876 scilicet
3134 825 3332 875 tristia
3352 825 3777 887 subituros,qui

2153 895 2442 946 obstinate
2459 894 2707 946 fuissent
2722 896 2909 959 turpia
2920 908 3176 960 quaeque
3193 900 3255 947 et
3266 897 3582 961 prophana
3596 901 3775 949 sectati.

2154 967 2279 1017 Non
2303 971 2497 1017 autem
2520 965 2846 1017 existimare
2880 966 3188 1030 debemus,
3216 969 3361 1030 quia
3384 980 3493 1019 eos
3515 967 3773 1032 populos,

2153 1049 2400 1101 quorum
2418 1037 2588 1101 paulo
2611 1041 2746 1088 ante
2769 1037 3010 1089 crimina
3027 1041 3423 1101 percucurrit,
3449 1039 3772 1102 probabiles

2152 1107 2213 1158 in
2234 1106 2526 1171 religionis
2550 1110 2709 1170 parte
2747 1108 3058 1172 censuerit,
3086 1108 3164 1160 de
3202 1121 3326 1172 qua
3350 1110 3437 1160 eis
3465 1109 3617 1160 nihil
3641 1110 3769 1173 obji-

2152 1179 2420 1230 ciendum
2443 1178 2673 1242 putarit:
2695 1180 2795 1229 sed
2819 1180 3098 1243 quoniam
3122 1186 3252 1231 erat
3270 1181 3495 1232 millies
3514 1180 3771 1232 confessa

2149 1250 2480 1314 profanitas,
2508 1249 2606 1313 qui
2626 1262 2852 1314 semper
2884 1250 3147 1302 fuissent
3172 1251 3480 1303 idolorum
3525 1250 3767 1302 cultibus

2150 1321 2583 1384 mancipati,nec
2601 1320 2671 1372 de
2698 1321 2905 1384 pietate
2926 1322 3150 1373 rituum
3167 1327 3426 1374 nossent
3434 1329 3770 1386 competens

2150 1393 2363 1444 habere
2368 1391 2670 1456 judicium,
2694 1404 3067 1456 nequaquam
3087 1394 3298 1457 utique
3315 1395 3408 1446 eis
3426 1398 3661 1445 crimen
3674 1395 3770 1444 dis-

2151 1464 2437 1516 simulatea
2471 1463 2761 1528 religionis
2798 1464 3072 1528 objectat,
3101 1468 3392 1517 caeterum
3417 1464 3525 1517 illa
3551 1478 3765 1516 morum

2146 1536 2398 1599 vulnera,
2424 1547 2558 1598 quas
2582 1535 2755 1586 etiam
2777 1540 2943 1586 extra
2970 1548 3173 1588 veram
3194 1537 3556 1600 religionem
3580 1537 3764 1600 positi,

2149 1606 2487 1670 dignoscere
2505 1618 2573 1657 ac
2598 1605 2780 1658 vitare
2798 1609 3133 1671 potuerunt.
3154 1608 3330 1659 Judm
3358 1620 3500 1659 vero
3518 1608 3576 1658 id
3594 1610 3765 1668 princi-

2140 1678 2234 1742 pio
2258 1678 2483 1742 objecit,
2503 1677 2657 1740 quod
2681 1682 2738 1728 et
2754 1678 2987 1729 caeteris
2999 1679 3243 1742 ﬂagitiis
3267 1686 3433 1731 esset
3458 1679 3763 1741 horridius,

444 1754 518 1837 ad
540 1751 892 1838 dilata'ndum
914 1750 1493 1838 terminum‘suum..Et
1512 1746 1831 1838 succendunt
1855 1746 2033 1838 ignem
2062 1764 2116 1838 B
2141 1753 2200 1801 et
2222 1748 2291 1838 d‘e
2304 1748 2617 1838 quastirpe
2641 1749 2845 1838 merito
2867 1751 3048 1832 etiam
3076 1750 3197 1838 alia
3222 1750 3456 1838 scelera
3482 1751 3761 1831 pullulas-

445 1826 679 1875 inmuro
693 1820 941 1880 Rabba,et
959 1819 1230 1869 devorabit
1246 1820 1500 1883 mdesejus
1530 1820 1590 1867 in
1607 1818 1824 1867 ululatu
1855 1817 1919 1865 in
1950 1816 2036 1864 die

447 1896 582 1955 belli,
607 1900 652 1943 et
674 1894 735 1942 in
762 1891 975 1940 turbine
991 1892 1052 1940 in
1070 1892 1156 1941 die
1178 1892 1570 1941 commotionis.
1596 1891 1661 1939 Et
1681 1889 1755 1938 ibi
1779 1888 2041 1937 Melchom

446 1968 511 2017 in
529 1964 908 2030 captivitatem,
921 1962 1032 2027 ipse
1046 1968 1091 2012 et
1106 1963 1377 2027 principes
1388 1963 1502 2027 ejus
1516 1960 1697 2019 simul,
1712 1960 1843 2009 dicit
1855 1957 2043 2008 Domi-

446 2052 570 2087 nus.
585 2038 701 2088 Nec
722 2036 819 2086 isti
832 2034 1041 2098 populi,
1058 2038 1305 2085 Ammon
1320 2033 1606 2094 videlicet,
1620 2037 1676 2083 et
1686 2033 1824 2079 Moab
1850 2033 1909 2079 de
1921 2032 2039 2077 Loth

449 2110 626 2172 stirpe
636 2107 923 2159 venientes
936 2117 970 2156 a
981 2103 1303 2170 parricidali
1313 2104 1532 2157 invidia
1542 2102 2042 2155 liberanturlsrae-

448 2180 681 2232 litarum
698 2193 709 2228 :
726 2177 810 2228 sic
820 2176 1057 2240 quidem
1077 2176 1321 2239 proximi
1333 2175 1700 2238 deteguntur,
1723 2172 1821 2236 qui
1846 2177 2042 2223 tamen

448 2263 647 2304 eorum
661 2248 963 2313 pristinam
986 2247 1227 2310 gloriam
1238 2259 1355 2297 non
1368 2246 1633 2307 ferentes,
1657 2242 1875 2295 nullam
1894 2254 2040 2306 prae-

447 2322 815 2375 termiserunt
825 2318 1186 2369 occasionem
1198 2317 1438 2369 nocendi
1450 2316 1678 2368 Galaad.
1687 2315 1939 2379 Denique
1951 2327 2039 2366 re-

449 2394 699 2458 gionem,
722 2402 897 2453 quam
911 2387 1063 2440 ultra
1083 2388 1391 2440 Jordanem
1407 2387 1540 2439 dum
1566 2388 1653 2437 'in
1666 2385 1902 2458 dimidia
1918 2386 2041 2436 Tri-

447 2457 579 2527 bus,
610 2463 760 2514 sicut
782 2462 974 2512 narrat
998 2459 1310 2522 Scriptura,
1328 2462 1719 2523 susceperant,
1732 2457 2040 2508 ﬁnitimam

447 2534 559 2587 sibi
580 2532 932 2586 Ammonius
950 2530 1222 2583 invadere
1234 2531 1702 2588 festinantes,nec
1723 2542 1758 2580 a
1775 2529 2042 2593 gravida-

449 2618 599 2669 rum,
620 2603 824 2667 inquit,
850 2602 1158 2653 mulierum
1184 2601 1442 2653 cmdibus
1454 2601 2040 2663 abstinebant,ipsam

447 2676 716 2729 videlicet
726 2676 750 2724 ,Ι
758 2673 1061 2725 udmorum
1071 2672 1328 2724 sobolem
1341 2672 1659 2725 interficere
1669 2676 1950 2733 cupientes,
1965 2678 2038 2736 ut,

449 2746 775 2799 habitatore
797 2743 1288 2807 consumto,regio
1298 2743 1691 2795 Galaditarum
1706 2755 1904 2795 eorum
1921 2746 2041 2794 tota

447 2817 1023 2881 ﬂnibusjungeretur.
1043 2818 1443 2867 Remunerabo
1456 2828 1609 2879 ergo,
1621 2816 1825 2879 inquit,
1840 2817 1895 2866 et
1907 2814 2040 2865 huic

451 2888 662 2957 pOpulo
705 2887 857 2951 quod
904 2892 1197 2938 meretur:
1233 2887 1554 2950 faciamque
1577 2890 1643 2938 ut
1684 2884 1877 2937 hostili
1906 2885 2039 2949 igne

451 2962 682 3019 Rabbm,
714 2971 846 3023 quin
872 2959 1198 3022 metropolis
1210 2959 1334 3022 fuit,
1349 2958 1592 3010 aedificia
1603 2962 2039 3008 consenescant.

448 3034 571 3094 Quo
585 3042 724 3081 sane
742 3029 871 3081 belli
885 3030 1116 3081 turbine
1126 3030 1204 3080 ita
1218 3030 1827 3093 consternabuntur,ut
1838 3030 2045 3077 videan-

455 3110 544 3155 tur
571 3106 630 3154 et
651 3102 916 3166 praemori
942 3115 954 3151 :
990 3114 1107 3152 non
1132 3099 1319 3152 solum
1342 3099 1429 3167 5|
1448 3099 1497 3167 2
1523 3105 1719 3152 autem
1753 3100 2043 3164 principes

450 3175 579 3238 ejus
594 3172 886 3251 sedetiam
898 3170 1266 3251 Melchom,id
1286 3177 1404 3251 est,
1420 3171 1855 3251 simulachrum,
1870 3173 2037 3251 cujus
2064 3176 2113 3251 ρ

450 3258 514 3298 se
550 3245 787 3296 numine
827 3243 1177 3294 muniendos
1222 3243 1550 3304 credebant,
1587 3243 1648 3294 in
1691 3240 2040 3306 captivitatis

447 3315 762 3369 ludibrium
786 3314 1180 3367 transferetur.

1057 3410 1335 3475 CAPUT
1380 3411 1442 3474 II

510 3529 676 3581 Vers.
702 3526 833 3582 1.-3.
874 3553 938 3563 -
978 3526 1101 3575 Haec
1145 3526 1274 3575 dicit
1319 3525 1628 3575 Dominus:
1679 3540 1840 3590 super
1874 3524 2043 3575 tribus

447 3599 726 3651 sceleribus
740 3596 916 3658 Moab,
934 3601 980 3645 et
1006 3610 1167 3658 super
1187 3601 1423 3658 quatuor
1446 3610 1557 3644 non
1573 3602 1877 3645 convertam
1892 3612 2043 3650 eum:

447 3686 509 3722 eo
540 3669 687 3735 quod
709 3667 1008 3717 incenderit
1030 3680 1148 3714 ossa
1168 3667 1309 3728 regis
1335 3665 1579 3715 [dum
1605 3682 1773 3730 usque
1801 3668 1874 3717 ad
1904 3668 2044 3717 cine-

446 3756 579 3791 rem.
605 3738 675 3788 Et
718 3738 937 3786 mittam
969 3736 1153 3797 ignem
1198 3735 1260 3784 in
1307 3735 1483 3797 Moab,
1531 3742 1577 3786 et
1621 3736 1891 3786 devorabit
1913 3738 2047 3788 aedes

449 3813 469 3840 “
497 3809 795 3869 Carioth,et
820 3807 1085 3855 morietur
1099 3806 1161 3855 in
1182 3806 1366 3855 sonitu
1387 3807 1544 3857 Moab
1567 3812 1613 3856 et
1633 3807 1881 3873 clangore
1893 3810 2043 3859 tubae.

449 3881 517 3931 Et
539 3879 848 3945 disperdam
864 3877 1105 3941 judicent
1119 3877 1182 3926 de
1214 3878 1390 3927 medio
1405 3878 1538 3943 ejus,
1556 3884 1601 3927 et
1628 3894 1809 3928 omnes
1830 3880 2047 3944 princi-

445 3967 536 4019 pes
570 3954 683 4015 ejus
717 3949 1040 4013 interﬁciam
1063 3964 1188 3998 cum
1210 3948 1422 4013 eo,dicit
1460 3950 1751 4001 Dominus.
1780 3951 2048 4002 Animad-

450 4023 810 4085 vertendum,
825 4020 1101 4084 quouiam
1114 4034 1244 4071 cum
1268 4022 1537 4073 omnibus
1551 4034 1694 4086 quas
1706 4034 2050 4073 annumera-

448 4095 535 4148 vit
544 4093 813 4158 gentibus
825 4090 1203 4143 contumelias
1215 4094 1272 4143 et
1287 4092 1558 4156 pericula,
1571 4106 1703 4156 quae
1716 4095 1908 4145 Israeli
1919 4110 2048 4142 con-

447 4163 851 4232 gesserant,im
858 4166 1138 4227 putasset,
1158 4176 1315 4214 nunc
1331 4164 1705 4216 Moabitarum
1716 4167 1901 4225 populo
1913 4167 2046 4225 obji-

448 4238 545 4298 cit,
576 4235 731 4301 quod
753 4236 811 4286 in
835 4234 1160 4286 Idummum
1188 4245 1384 4298 regem
1403 4248 1598 4286 saevus
1622 4235 2047 4287 exstiterlteos-

449 4321 560 4374 que
589 4309 671 4360 ita
692 4305 945 4358 furuisse
970 4310 1293 4369 caussatur,
1318 4310 1385 4357 ut
1411 4318 1528 4357 non
1550 4306 1808 4358 contenti
1832 4305 2047 4357 bellum

448 4392 618 4445 agere
640 4391 773 4430 cum
798 4376 1246 4433 vivente,odium
1263 4389 1435 4428 suum
1447 4379 1618 4428 etiam
1637 4378 1786 4428 circa
1807 4378 1935 4441 ejus
1959 4377 2048 4428 fu-

449 4464 561 4503 nus
584 4447 961 4502 ostenderint.
988 4449 1093 4498 Per
1108 4446 1264 4510 quod
1290 4447 1489 4510 utique
1513 4453 1570 4499 et
1591 4447 1929 4499 Judmorum
1951 4460 2046 4499 ar-

2142 1825 2290 1872 sent.
2327 1820 2677 1883 Abjecerunt
2713 1820 2885 1884 enim,
2922 1820 3137 1885 inquit,
3166 1820 3366 1885 legem
3393 1822 3633 1873 Domini
3676 1836 3762 1885 per

2141 1902 2310 1955 quam
2333 1889 2514 1942 solam
2530 1894 2692 1941 erant
2713 1890 2776 1941 in
2796 1896 2920 1943 toto
2939 1894 3081 1943 orbe
3098 1893 3416 1956 conspicui
3437 1908 3451 1943 :
3471 1905 3665 1956 neque
3679 1895 3760 1943 ab-

2133 1964 2345 2028 jecisse
2368 1963 2639 2024 contenti,
2664 1960 2739 2012 ad
2758 1962 3050 2014 idolorum
3073 1976 3313 2027 quoque
3341 1965 3637 2016 transiere
3647 1965 3758 2015 cul-

2141 2033 2650 2096 turam.Recipient
2666 2045 2802 2097 ergo
2821 2034 3179 2097 stipiendum
3194 2035 3361 2098 quod
3380 2041 3756 2098 merentur,ut

2141 2105 2173 2156 J
2180 2104 2351 2155 udam
2367 2102 2628 2155 videlicet
2640 2108 2699 2154 et
2711 2105 3035 2156 Jerusalem
3048 2106 3398 2157 incendium
3420 2106 3635 2158 hostile
3647 2122 3757 2155 ccu-

2143 2179 2354 2238 sumat,
2382 2174 2556 2238 quod,
2581 2174 2892 2238 Babylonio
2927 2176 3226 2237 vincente,
3264 2178 3637 2242 completum
3656 2183 3751 2229 est.

2204 2249 2368 2299 Vers.
2394 2246 2512 2301 6.—
2533 2247 2653 2296 Hac
2675 2245 2807 2295 dicit
2844 2246 3117 2296 Dominus
3136 2264 3157 2309 ;
3190 2248 3379 2313 Super
3423 2250 3599 2298 tribus
3622 2247 3756 2297 scele-

2140 2318 2290 2368 ribus
2300 2316 2535 2377 Is-rael,et
2545 2331 2703 2380 super
2714 2321 2952 2380 quatuor
2965 2332 3083 2367 non
3100 2324 3424 2368 convertam
3440 2335 3689 2384 eum,pro
3706 2334 3753 2368 eo

2142 2390 2286 2454 quod
2296 2388 2631 2438 vendiderint
2642 2394 2863 2452 argento
2866 2388 3083 2452 justum
3093 2396 3452 2456 etpauperem
3459 2406 3570 2456 pro
3581 2392 3757 2440 calcea-

2142 2461 2567 2511 mentis.Decem
2584 2459 2961 2523 Tribus,quas
2976 2462 3245 2512 nominat
3259 2465 3677 2527 Jerusalem,non
3691 2466 3754 2511 si-

2141 2538 2238 2585 cut
2252 2534 2284 2583 J
2288 2532 2484 2594 udam,
2504 2530 2606 2581 sed
2616 2530 2768 2582 sicut
2785 2533 3007 2592 reliquas
3025 2540 3203 2594 gentes
3217 2536 3283 2582 de
3300 2550 3512 2583 morum
3532 2537 3751 2584 facinori-

2140 2605 2253 2655 bus
2269 2606 2530 2655 accusat:
2547 2608 2613 2653 ut
2628 2614 2725 2652 eas
2739 2600 2791 2667 5
2808 2600 2826 2667 |
2842 2599 2894 2668 3
2916 2605 3165 2652 nimirum
3186 2607 3257 2652 ita
3275 2607 3579 2666 profanitati
3594 2608 3746 2653 inhe-

2142 2677 2289 2727 sisse
2308 2676 2672 2736 monstraret,
2698 2679 2991 2736 quatenus
3006 2686 3182 2737 super
3193 2674 3308 2725 hac
3326 2681 3496 2738 parte
3512 2679 3661 2735 argui
3672 2688 3749 2723 nec

2141 2745 2565 2807 erubescerent,
2597 2755 2703 2795 nec
2728 2743 3015 2795 timerent.
3056 2747 3321 2796 Accusat
3358 2757 3503 2809 ergo
3536 2758 3745 2796 morum

2138 2816 2378 2869 vulnera
2400 2828 2518 2866 non
2551 2813 2704 2878 quod
2730 2819 2928 2866 essent
2969 2814 3243 2878 graviora
3285 2827 3473 2878 quam
3499 2817 3709 2866 rituum
3734 2830 3746 2865 :

2142 2887 2244 2940 sed
2269 2886 2363 2939 vel
2376 2885 2530 2949 quod
2546 2884 2605 2935 hi
2621 2884 2839 2935 fructus
2855 2884 3008 2936 fce'de
3026 2885 3333 2949 religionis
3355 2886 3585 2949 liquido
3607 2887 3747 2938 vide-

2140 2963 2356 3020 rentur,
2390 2956 2480 3009 vel
2496 2956 2650 3019 quod
2672 2955 2734 3006 in
2756 2954 2853 3006 illa
2867 2968 3102 3019 quoque
3122 2960 3370 3008 actuum
3389 2958 3651 3021 portione
3664 2970 3742 3008 os-

2141 3029 2505 3083 tenderentur
2527 3027 2754 3079 caateris
2770 3028 3051 3078 Gentibus
3072 3028 3413 3091 nequiores.
3433 3028 3604 3080 Haud
3625 3042 3743 3092 ergo

2141 3102 2378 3163 diutius,
2402 3099 2607 3163 inquit,
2632 3110 2879 3150 censura
2919 3102 3123 3150 nostra
3167 3099 3467 3164 tolerabit,
3505 3104 3571 3151 ut
3606 3101 3663 3151 in
3686 3114 3741 3151 eo

2140 3176 2299 3226 statu
2324 3174 2572 3233 maneat,
2590 3169 2653 3220 in
2669 3182 2783 3232 quo
2806 3169 3119 3233 impudens
3141 3182 3529 3234 nequaquam
3545 3171 3615 3221 ad
3633 3184 3743 3221 me-

2139 3244 2281 3297 liora
2303 3243 2595 3307 reSpirans
2620 3253 2633 3301 ;
2662 3240 2765 3292 sed
2788 3242 3161 3304 superveniet
3185 3241 3273 3293 eis
3291 3242 3367 3293 de
3387 3243 3670 3306 prosperis
3692 3243 3742 3292 in

2141 3315 2388 3367 adversa
2408 3311 2669 3375 mutatio,
2690 3314 2756 3362 ut
2779 3311 2937 3375 quod
2962 3312 3265 3363 noluerint
3281 3312 3513 3364 discere
3536 3312 3739 3372 moniti,

2139 3386 2416 3450 incipiant
2430 3395 2601 3435 nosse
2612 3382 2864 3433 damnati
2879 3395 2893 3435 :
2912 3394 3087 3446 agere
3103 3395 3218 3444 me,
3238 3382 3545 3446 videlicet,
3560 3395 3741 3434 curam

2144 3466 2590 3522 pauperum,nec
2605 3452 2986 3517 providentia
3002 3466 3151 3505 mem
3169 3452 3521 3506 defensione
3547 3454 3738 3518 privari

2145 3541 2264 3588 eos.
2290 3527 2390 3592 qui
2414 3524 2593 3577 seculi
2611 3526 2780 3575 istius
2807 3529 2947 3576 sunt
2984 3526 3199 3589 Opibus
3237 3525 3529 3577 destituti.
3556 3524 3740 3589 Vigeat

2141 3600 2291 3664 apud
2315 3599 2442 3650 illos
2459 3601 2684 3649 tantum
2701 3608 2836 3648 cura
2851 3596 3177 3661 probitatis,
3193 3601 3253 3648 et
3268 3597 3401 3661 ipsa
3415 3599 3549 3661 (qua
3562 3596 3739 3648 humi-

2142 3669 2313 3722 liores
2337 3668 2561 3721 caateris
2586 3668 2763 3730 erant)
2780 3672 3049 3732 acceptos
3076 3667 3226 3718 mihi
3246 3668 3457 3721 reddet
3478 3679 3739 3731 carosque

2143 3741 2529 3793 mediocritas.
2550 3738 2611 3790 Id
2622 3741 2815 3790 autem
2825 3738 2965 3803 dixi,
2984 3740 3124 3803 quia
3140 3739 3381 3791 Israelis
3395 3741 3641 3804 populus
3658 3751 3739 3790 ne-

2144 3814 2322 3878 glexit
2344 3811 2636 3863 advertere
2652 3810 2879 3873 justum
2896 3814 2955 3861 et
2972 3822 3311 3874 pauperem,
3337 3811 3507 3874 quasi
3526 3810 3738 3874 gemino

2143 3884 2296 3949 apud
2321 3896 2414 3934 me
2432 3881 2702 3945 suffragio
2726 3881 3039 3932 nitentem:
3062 3881 3170 3932 sed
3194 3882 3347 3933 meis
3365 3894 3594 3945 semper
3607 3881 3740 3943 judl°

2145 3956 2246 4007 ciis
2268 3954 2532 4005 infensus
2548 3954 2874 4016 prolerebat
2887 3960 3194 4016 pauperes,
3215 3958 3278 4003 et
3298 3952 3519 4016 pedum
3542 3951 3738 4003 calcea-

2146 4027 2354 4078 mentis
2378 4028 2715 4076 ornamenta
2738 4023 2915 4075 seculi
2933 4023 3069 4075 vilia
3092 4024 3450 4086 aestimabat,
3475 4023 3535 4074 id
3558 4018 3735 4080 evael

2144 4098 2205 4149 in
2231 4097 2433 4149 ciliciis
2458 4094 2617 4147 velin
2640 4094 2896 4158 negociis
2912 4098 3075 4145 tanta
3099 4090 3405 4147 fcelicitate'
3426 4101 3728 4159 peccantes

2144 4173 2340 4220 utnon
2364 4167 2551 4218 solum
2568 4165 2833 4217 brevibus
2846 4165 3021 4217 illecti
3032 4165 3381 4230 plerumque
3396 4164 3730 4231 compendiis

2146 4240 2249 4291 sed
2275 4252 2432 4303 saepe
2442 4239 2614 4289 etiam
2629 4236 3209 4301 gratuitisjustorum
3228 4236 3532 4302 suppliciis
3557 4249 3727 4301 pasee-

2142 4315 2360 4372 rentur,
2380 4308 2671 4372 quandam
2693 4307 3047 4372 voluptatem
3058 4312 3364 4372 putantes,
3380 4310 3433 4358 si
3458 4318 3477 4337 ·
3501 4309 3730 4359 virorum

2142 4382 2354 4432 virtute
2377 4378 2703 4442 humilium,
2727 4378 2785 4429 id
2802 4380 2909 4443 est,
2937 4379 3236 4442 superbiae
3254 4378 3473 4430 malum
3490 4379 3731 4431 innocen-

2145 4452 2241 4504 tiae
2272 4452 2573 4503 sanctitate
2598 4450 2922 4506 vitantium.
2949 4449 3142 4513 capita
3161 4451 3295 4515 ipsa
3316 4450 3539 4515 pulveri
3569 4451 3729 4501 mixta

448 4521 728 4613 rogantia,
753 4519 851 4583 qui
870 4517 1022 4570 solos
1041 4530 1109 4613 se
1124 4517 1529 4613 aanom‘inum
1556 4520 1832 4613 pertinere
1846 4519 2043 4601 crede-
2064 4540 2121 4613 D
2149 4522 2449 4613 calcarent.
2475 4521 3114 4613 Quodauternaitgviam
3136 4522 3442 4613 humilium
3459 4522 3730 4613 declinant,

449 4594 607 4652 bant,
633 4602 961 4654 compressa
973 4596 1086 4640 est:
1116 4591 1461 4641 etGentibus
1484 4590 1575 4642 vel
1601 4591 1720 4653 spei
1744 4590 2041 4653 solacium,

448 4664 547 4717 vel
569 4660 964 4726 intelligentiae
985 4660 1182 4711 lumen
1206 4661 1521 4724 objectum:
1549 4666 1614 4712 ut
1637 4664 1937 4710 sentirentse
1948 4664 2043 4710 sub

446 4749 564 4789 una
586 4733 858 4787 creatoris
882 4744 909 4781 s
920 4732 974 4781 ui
987 4731 1347 4795 providentia
1358 4737 1416 4783 et
1428 4732 1844 4796 gubernatione
1855 4734 2047 4784 consi-

450 4810 619 4869 stere,
644 4802 742 4867 qui
765 4802 1026 4855 videlicet
1048 4815 1165 4852 non
1191 4803 1344 4854 solas
1368 4802 1723 4866 Judaeorum,
1750 4804 1849 4855 sed
1875 4804 2045 4856 etiam

449 4878 690 4929 aliarum
712 4873 971 4937 gentium
994 4872 1234 4935 injurias
1258 4871 1445 4924 ultum
1467 4874 1595 4925 iret.

510 4948 670 4999 Vers.
696 4942 903 4998 4.-5.-
917 4943 1039 4991 Hec
1064 4941 1195 4991 dicit
1218 4943 1488 4994 Dominus
1510 4961 1525 4995 :
1549 4944 1726 5009 Super
1751 4945 1920 4996 tribus
1937 4960 2045 4996 sce-

451 5017 649 5069 leribus
671 5014 840 5074 Juda,
856 5016 900 5062 et
921 5027 1083 5075 super
1111 5018 1348 5076 quatuor
1370 5030 1483 5064 non
1507 5023 1812 5066 convertam
1827 5032 1971 5078 eum,
1986 5033 2043 5067 eo

451 5088 595 5155 quod
615 5084 858 5151 abjecerit
874 5082 1037 5147 legem
1062 5083 1306 5145 Domini,
1323 5090 1369 5134 et
1391 5087 1662 5137 mandata
1684 5086 1921 5151 ejusnon
1944 5104 2045 5138 cu-

516 5241 534 5261 ·
557 5232 824 5283 Fortasse
834 5226 1045 5279 rectius
1058 5225 1348 5276 ctdimidia
1373 5240 1473 5292 pro
1494 5229 1576 5289 in,
1592 5234 1719 5291 etc.,
1745 5242 1875 5294 quin
1891 5232 2045 5284 enim

449 5315 523 5356 ex
547 5302 637 5355 sui
661 5305 888 5353 tantum
917 5297 1152 5350 dimidio
1192 5297 1485 5362 regionem
1508 5300 2042 5365 Transjordanicam

451 5373 720 5438 suscepit,
736 5372 943 5424 Tribus
960 5372 1049 5422 est
1062 5370 1356 5422 Manasse:
1373 5369 1967 5436 dumintegrmRuben
1986 5380 2044 5428 et

449 5448 596 5498 Dan.

512 5517 533 5546 ε’
560 5517 744 5567 Antea
769 5513 997 5565 Camoth
1027 5501 1324 5577 legebatur
1348 5530 1359 5562 :
1388 5525 1528 5566 mox
1551 5527 1783 5579 quoque
1812 5520 1858 5584 et
1875 5529 2044 5581 copu-

448 5586 585 5649 lam,
611 5597 743 5650 qum
766 5597 1003 5636 sensum
1020 5584 1390 5649 perturbabat
1411 5591 1549 5640 ante
1560 5588 1816 5648 verbum,
1840 5589 2043 5651 interﬁ-

449 5658 612 5721 ciam,
636 5656 1046 5719 expunximus.

514 5737 533 5757 °
552 5725 969 5778 Substituimus
991 5727 1039 5775 si
1062 5728 1347 5786 voculam,
1362 5740 1463 5792 pro
1487 5741 1601 5792 qua
1612 5733 1913 5783 anteaerat
1933 5731 2041 5784 sui.

452 5795 739 5849 Cmterum
764 5794 965 5847 transit
984 5797 1202 5848 Auctor
1225 5799 1558 5862 expositum
1583 5802 2039 5866 subsequentem

2150 4594 2453 4658 dupliciter
2473 4592 2654 4656 accipi
2671 4596 2877 4656 potest,
2904 4590 3078 4654 idest,
3106 4591 3202 4643 vel
3229 4593 3547 4644 deflectunt
3569 4594 3637 4644 ab
3657 4605 3729 4652 ea,

2148 4670 2207 4717 et
2225 4665 2395 4728 longe
2429 4663 2727 4715 diversum
2749 4664 2887 4714 vitae
2905 4662 3015 4713 iter
3037 4668 3391 4725 sequuntur,
3410 4663 3504 4715 vel
3526 4664 3730 4715 certein

2146 4737 2378 4800 judiciis
2394 4737 2615 4798 justam
2636 4733 2873 4797 inopum
2892 4745 3168 4785 caussam
3190 4734 3397 4786 fraude
3427 4747 3730 4786 commacu-

2148 4808 2289 4860 lant:
2321 4806 2486 4870 quale
2520 4811 2611 4858 est
2630 4804 2771 4856 illud
2792 4804 2853 4855 in
2873 4803 3129 4868 psalmo:
3149 4804 3214 4856 Si
3239 4806 3458 4855 videras
3478 4806 3648 4868 furem
3665 4807 3731 4855 si-

2149 4879 2265 4928 mul
2288 4876 2536 4927 currebas
2551 4891 2674 4925 cum
2689 4890 2766 4935 eo,
2777 4880 2823 4924 et
2841 4890 2965 4924 cum
2976 4876 3250 4925 adulteris
3272 4878 3578 4941 portionem
3600 4882 3729 4926 tuam

2146 4948 2399 5015 ponebas.
2436 4947 2633 4997 Sedens
2652 4947 2904 4995 adversus
2925 4945 3162 5009 fratrem
3187 4952 3351 4996 tuum
3372 4946 3681 5012 loquebaris,
3692 4954 3731 4996 et

2148 5022 2431 5072 adversum
2452 5019 2630 5083 filium
2652 5017 2846 5067 matris
2868 5022 2971 5067 tua:
2994 5017 3392 5081 offensionemd
3417 5019 3638 5070 callidus
3656 5018 3733 5069 in-

2149 5090 2387 5143 struebas
2437 5088 2594 5154 (Psal.
2647 5087 2735 5143 49.
2781 5087 2907 5152 18.).
2949 5090 3361 5153 Exaggeratur
3406 5095 3600 5144 autem
3648 5091 3729 5142 illo

2148 5232 2501 5289 versiculum
2524 5232 2573 5287 7:
2602 5230 2706 5292 Qui
2725 5236 3007 5282 conterunt
3028 5246 3198 5296 super
3212 5233 3497 5298 pulverem
3521 5240 3729 5284 ten-aea-

2145 5308 2265 5373 pita
2284 5321 2611 5371 pauperum,
2629 5310 2675 5353 et
2700 5305 2847 5354 viam
2871 5303 3177 5354 humilium
3204 5306 3489 5356 declinant
3507 5324 3525 5367 ;
3544 5312 3587 5356 et
3607 5308 3728 5370 ﬁlius

2148 5393 2211 5428 ac
2230 5383 2384 5443 pater
2407 5378 2519 5442 ejus
2544 5377 2725 5425 ierunt
2758 5375 2832 5426 ad
2862 5375 3129 5441 puellam,
3175 5380 3243 5427 ut
3264 5378 3538 5429 violarent
3562 5391 3727 5427 nomen

2148 5455 2399 5499 sanctum
2422 5463 2617 5499 meum.

2211 5517 2233 5549 δ
2261 5519 2492 5571 Nullum
2518 5519 2632 5570 scio
2656 5530 2843 5582 neque
2869 5516 2940 5570 de
2968 5517 3359 5583 originalibus
3383 5519 3550 5572 libris
3573 5529 3726 5582 neque

2147 5590 2219 5643 de
2278 5591 2445 5644 variis
2499 5589 2751 5654 antiquis
2802 5588 3299 5642 translationibus
3342 5591 3582 5653 Latinis,
3619 5601 3722 5653 quae

2146 5675 2281 5714 cum
2323 5662 2502 5726 hujus
2541 5660 2785 5715 lectione
2806 5661 2934 5724 loci,
2986 5673 3170 5726 quam
3232 5664 3486 5729 prmiert
3539 5664 3721 5719 Noster,

2147 5734 2473 5788 conveniat.
