3866 6206
128 399 272 455 1065

1306 400 1381 450 ΙΝ
1414 399 1611 452 AMOS
1647 400 2231 455 COMMENTARIUS.

3294 409 3432 468 1066

129 513 813 591 sensu_delinquentium
838 518 1050 575 reatus,
1064 512 1195 591 quia
1214 511 1735 591 dedita‘opera,quae
1757 519 1812 591 Α
1838 516 1911 566 ad
1924 518 2077 591 celsa
2097 529 2197 591 eos
2219 516 2497 591 libertatis
2513 523 2671 573 erexi
2692 527 2780 575 :et
2802 534 2902 588 per
2934 523 3120 574 invias
3133 526 3433 576 solitudines

129 590 299 658 erant
319 587 569 658 funesta,
593 591 897 649 sectantes,
913 597 1047 658 Anon
1072 582 1258 635 solum
1293 582 1598 658 negligere,
1632 584 1732 636 sed
1757 582 1812 591 ““
1836 587 2216 651 quadraginta
2230 588 2397 639 annis
2414 591 2604 643 cibum
2630 582 2945 658 potumque
2962 594 3253 646 miraculis
3267 597 3432 648 sufﬂ-
3518 608 3530 619 '

130 657 307 708 etiam
346 656 538 707 odisse
575 657 857 719 justitiam
896 655 1261 719 deteguntur.
1313 656 1499 718 Pergit
1539 658 1732 707 autem

134 727 416 791 propheta
427 729 664 779 crimina
678 730 903 780 diversa
916 738 1249 785 memorare;
1261 737 1396 776 nam
1410 729 1731 787 postinjusti-

134 801 275 850 tiam
301 805 361 851 et
384 809 402 827 ·
447 802 775 864 superbiam
804 798 1056 850 libidinis
1087 802 1322 861 peccata
1367 798 1730 861 contingunt.

130 871 323 928 Filius,
351 872 558 933 inquit,
584 876 628 919 et
650 876 806 935 pater
820 871 933 934 ejus
945 869 1274 917 introierunt
1299 868 1372 916 ad
1388 884 1559 917 unam
1580 871 1734 933 puel-

129 946 261 1007 lam,
289 951 350 992 ut
369 945 629 993 violarent
656 960 847 993 nomen
874 949 1122 992 sanctum
1144 957 1342 991 meum.
1369 942 1647 1004 Ostendit,
1674 946 1731 996 in

128 1028 279 1079 quos
306 1014 576 1066 cumulos
601 1016 1056 1079 delinquentium
1071 1013 1429 1064 consuetudo
1447 1015 1729 1077 procedat.

131 1088 343 1148 Primo,
373 1087 576 1150 inquit,
611 1088 834 1138 civibus
867 1087 1153 1149 justitiam
1187 1087 1247 1135 in
1285 1084 1539 1148 judiciis,
1563 1088 1732 1137 allec-

130 1164 292 1208 ctum
307 1160 368 1207 in
379 1158 809 1209 calamitatibus
826 1157 1144 1219 negavistis
1158 1171 1171 1205 :
1187 1159 1498 1219 sequutum
1511 1161 1602 1207 est
1620 1172 1732 1206 con-

130 1230 314 1293 tinuo,
345 1233 411 1280 ut
432 1242 618 1292 neque
641 1233 864 1279 natura:
889 1228 1068 1291 ipsius
1099 1226 1253 1291 apud
1280 1228 1529 1290 vosjura
1544 1230 1731 1279 consi-

130 1305 370 1359 sterent,
420 1300 519 1350 sed
564 1300 636 1350 de
674 1300 907 1363 ﬂagitiis
951 1297 1025 1350 ad
1074 1296 1295 1348 incesta
1322 1299 1641 1361 venientes,
1671 1300 1729 1349 in

129 1376 327 1422 scorta
359 1371 457 1421 lilii
487 1384 618 1422 cum
645 1372 901 1434 patribus
925 1369 1236 1428 irruebant,
1258 1372 1322 1418 ut
1344 1369 1561 1419 nullam
1577 1383 1730 1422 reve-

128 1442 399 1503 rentiam,
426 1442 574 1491 sicut
593 1442 751 1505 prius
767 1441 1012 1503 civibus,
1028 1441 1109 1490 ita
1131 1440 1400 1502 deinceps
1418 1453 1606 1502 neque
1628 1454 1729 1505 ge-

127 1514 419 1565 nitoribus
433 1513 786 1563 exhiberent.
802 1516 923 1572 Quo
949 1523 1087 1561 sane
1112 1516 1304 1561 vestro
1317 1510 1561 1561 facinore
1574 1511 1594 1539 δ
1610 1526 1725 1559 san-

125 1590 287 1636 ctum
315 1596 546 1648 quoque
568 1596 763 1634 meum
792 1596 1001 1634 nomen
1024 1583 1363 1644 violabatur,
1391 1585 1728 1644 colloquenti-

128 1658 235 1707 bus
270 1656 423 1706 inter
438 1668 498 1705 se
512 1655 781 1705 videlicet
804 1655 1102 1705 Gentibus.
1122 1651 1316 1714 Qualis
1333 1657 1423 1703 est
1444 1654 1724 1713 Deusille,

125 1728 296 1791 cujus
324 1726 426 1789 qui
461 1726 760 1790 peculiaris
791 1725 1035 1790 populus
1058 1724 1283 1787 dicitur,
1308 1729 1427 1775 tam
1452 1725 1724 1777 deformis

125 1803 367 1862 apparet
384 1800 411 1845 Ὺ

1834 659 1992 709 ciens
2017 659 2341 721 circumegi,
2378 665 2443 711 ut
2472 667 2762 725 possessio
2796 665 3063 727 felicium,
3093 678 3223 729 quin
3248 667 3433 720 fuerat

1834 729 2081 792 decreta,
2107 734 2385 780 terrarum
2418 744 2485 781 eo
2525 733 2748 786 dulcius
2785 740 3027 799 saperet,
3067 750 3181 799 quo
3208 739 3431 790 tardius

1832 802 2195 864 contigisset:
2221 802 2505 866 simulque
2527 813 2956 869 cognoscerent,
2976 809 3131 872 quod
3146 810 3431 860 vitaliomi-

1833 873 1922 922 nis
1940 887 2057 922 non
2080 873 2140 922 in
2158 873 2439 924 fertilitate
2465 876 2753 937 arborum,
2777 879 2878 929 sed
2901 880 2959 929 in
2985 881 3089 930 Dei
3123 882 3431 943 providen-

1833 945 1910 993 tia
1924 945 2279 1007 gubernante
2294 946 2653 997 consisteret.
2672 950 2782 999 Nec
2797 953 2986 1000 tamen
3001 954 3303 1013 praesentis
3316 956 3429 1001 vita:

1832 1014 2145 1065 contulisse
2183 1020 2406 1065 tantum
2438 1018 2826 1069 instrumenta
2859 1025 3185 1083 contentus,
3211 1023 3431 1074 reddidi

1834 1099 1937 1135 vos
1950 1099 2049 1149 per
2063 1087 2335 1149 spiritalia
2348 1101 2421 1149 qu
2430 1101 2575 1150 eque
2589 1096 2925 1141 ornamenta
2937 1093 3431 1155 CODSplCUOS,dSllS-

1832 1158 2034 1216 citatis,
2057 1158 2258 1221 inquit,
2288 1159 2349 1205 de
2379 1160 2509 1217 libis
2536 1164 2715 1210 vestris
2735 1164 3045 1227 prephetas,
3074 1170 3118 1211 et
3144 1164 3205 1211 de
3219 1165 3430 1227 juveni-

1831 1229 1924 1277 bus
1950 1230 2129 1276 vestris
2156 1230 2209 1275 in
2242 1228 2294 1294 5
2312 1229 2329 1295 |
2346 1228 2397 1295 5
2422 1231 2726 1292 A’rtsarazos,
2765 1233 2824 1284 id
2848 1240 2951 1295 est,
2970 1239 3035 1284 ut
3060 1234 3325 1297 peculiari
3352 1240 3431 1284 de-

1831 1302 2077 1364 votione,
2095 1300 2173 1349 ita
2189 1306 2363 1351 etiam
2382 1303 2975 1355 sacrailluminatione
2992 1307 3290 1368 pollentes,
3308 1322 3430 1367 quo-

1826 1384 1954 1421 rum
1976 1372 2101 1421 aliis
2131 1370 2454 1423 futurorum
2470 1379 2624 1424 certa
2648 1376 2919 1438 cognitio,
2940 1374 3068 1425 aliis
3094 1376 3428 1427 delictorum

1827 1447 1983 1493 esset
2006 1442 2252 1505 gloriosa
2268 1445 2571 1495 contentio.
2599 1447 2738 1497 llaec
2755 1454 2949 1497 tamen
2971 1460 3077 1498 vos
3101 1449 3292 1499 omnia
3315 1462 3430 1500 non

1828 1517 2015 1566 solum
2033 1515 2219 1566 viliter
2234 1517 2592 1581 aastimastis,
2611 1531 2817 1569 verum
2835 1523 3007 1568 etiam
3021 1519 3309 1583 impendio
3335 1536 3429 1569 res-

1830 1585 2358 1650 puistis,audientes
2371 1593 2429 1638 et
2444 1590 2833 1652 prophetis,ne
2850 1590 3304 1642 vaticinarentur
3318 1593 3429 1642 edi-

1824 1671 1970 1723 cere,
2019 1663 2078 1708 et
2101 1658 2390 1709 Nazaraeis
2421 1660 2640 1722 vinum,
2672 1673 2785 1724 quo
2803 1661 3240 1723 inebriarentur,
3272 1663 3428 1726 inge-

1824 1743 1963 1781 rere.

1886 1803 2047 1852 Vers.
2082 1833 2140 1840 —
2187 1802 2387 1859 13.-16.
2440 1803 2569 1852 Ecce
2628 1802 2854 1851 stridebo
2918 1803 3095 1851 subter
3160 1819 3245 1853 vos
3288 1804 3424 1853 sicut

391 1868 725 1960 .Yfrs.‘8.M—.:
747 1868 822 1960 ι
844 1882 1005 1960 super
1041 1866 1147 1960 [θὶ-
1184 1867 1503 1960 vestimentis
1531 1867 1719 1960 pigne-
1740 1887 1793 1960 B
1820 1874 2319 1960 stricte-(plaustrum
2338 1874 2779 1960 onustumfaeno.
2806 1874 2872 1923 Et
2895 1873 3092 1938 peribit
3114 1875 3250 1938 fuga
3274 1892 3307 1923 a
3337 1892 3424 1960 ile-

125 1940 280 2004 ratis]
297 1941 612 1988 vestimenta
633 1939 921 2002 pignerata
937 1937 1295 1986 accubuerunt
1297 1939 1463 2001 juxta
1477 1953 1632 1987 Omne
1643 1942 1721 1989 al-

129 2020 260 2070 tare,
289 2017 338 2060 et
366 2012 553 2059 vinum
576 2011 963 2058 damnatorum
990 2008 1229 2057 bibebant
1255 2010 1314 2056 in
1326 2011 1482 2058 domo
1498 2011 1594 2058 Dei
1616 2013 1720 2061 sui.

132 2087 261 2135 Erat
285 2082 524 2145 quidem
541 2094 918 2143 consequens,
945 2086 1009 2130 ut
1033 2080 1279 2131 cultores
1304 2080 1584 2131 idolorum
1614 2084 1721 2133 sub

131 2154 431 2217 multiplici
456 2153 712 2204 faiditate
736 2152 1112 2202 consisterent
1135 2152 1227 2201 hic
1250 2158 1461 2202 tamem
1487 2157 1726 2214 propheta

132 2228 185 2277 in
210 2225 456 2287 cunctis,
490 2236 643 2286 quae,
675 2224 863 2286 arguit
887 2223 1025 2272 illud
1051 2228 1212 2273 curat
1232 2224 1565 2287 eXprimerc,
1591 2225 1727 2287 quia

128 2296 296 2359 quasi
316 2296 508 2345 dedita
530 2308 704 2358 opera
725 2294 936 2344 divinis
960 2294 1439 2357 praeceptionibus
1453 2308 1727 2358 repugna-

130 2374 272 2431 rent,
311 2380 414 2431 per
443 2378 572 2428 qua)
596 2378 797 2415 omnes
823 2366 1041 2427 Species
1072 2370 1487 2428 praeceptorum
1510 2367 1728 2417 scinde-

130 2445 271 2490 rent.
302 2438 436 2488 ideo
462 2441 645 2487 totum
671 2435 825 2497 quod
857 2437 915 2484 iu
944 2436 1069 2497 lege
1115 2438 1446 2497 prohibetur
1490 2449 1727 2487 enume-

131 2526 284 2573 rans,
311 2513 486 2561 etiam
515 2508 827 2572 pigneratis
853 2520 952 2557 eos
982 2507 1238 2557 vestibus
1255 2508 1584 2558 incubuisse
1596 2522 1728 2571 pro-

132 2583 388 2637 nunciat.
413 2581 589 2630 Juxta
612 2594 767 2628 omne
791 2584 984 2629 autem
1009 2584 1178 2626 altare
1201 2581 1499 2641 diligenter
1526 2584 1725 2640 adjecit,

130 2658 265 2719 quia
279 2668 411 2706 aras
430 2664 629 2704 eorum
652 2650 1056 2713 multiplicarat
1084 2654 1371 2714 impietas.
1396 2656 1465 2702 ist
1486 2653 1612 2701 ideo
1647 2656 1729 2699 vi-

132 2741 270 2780 num
321 2726 726 2778 damnatorum
751 2724 1045 2780 bibebant,
1072 2722 1130 2771 id
1153 2726 1260 2781 est,
1304 2727 1373 2772 de
1399 2735 1467 2773 ea
1490 2726 1730 2786 pecunia

130 2799 512 2863 epulabantur
535 2796 593 2845 in
621 2794 866 2858 templis,
885 2799 1408 2857 quamacceperant
1431 2808 1502 2844 ex
1533 2794 1731 2857 preciis

132 2870 548 2931 innocentium,
574 2866 844 2917 nimirum
870 2868 942 2916 de
974 2865 1187 2927 quibus
1211 2869 1379 2929 paulo
1402 2870 1536 2916 ante
1566 2867 1730 2928 dixit,

130 2939 676 3006 quiaVenuidissent
697 2942 934 3002 argento
953 2937 1198 3000 justum,
1224 2941 1283 2987 et
1305 2950 1615 3001 pauperem
1631 2950 1730 3001 pro

129 3011 539 3065 calciamentis.

194 3087 357 3135 Vers.
373 3084 423 3136 9.
446 3082 529 3135 10.
556 3080 743 3143 —Ego
776 3084 954 3127 autem
966 3079 1327 3127 exter-minaci
1351 3079 1734 3127 Amorrhzeum

132 3172 167 3204 a
186 3155 330 3218 facie
355 3168 557 3212 eorum,
585 3152 739 3215 cujus
781 3150 1010 3199 altitudo
1032 3150 1314 3197 cedrorum
1348 3150 1574 3199 altitudo
1600 3151 1730 3213 ejus,

131 3233 175 3275 et
197 3226 359 3289 fortis
394 3225 504 3288 ipse
540 3224 696 3287 quasi
721 3235 945 3286 quercus
975 3238 985 3268 :
1029 3228 1072 3269 et
1104 3222 1332 3269 contrivi
1356 3222 1596 3282 fructum
1620 3222 1732 3285 ejus

132 3300 377 3363 desuper,
406 3302 451 3344 et
473 3296 679 3343 radices
703 3298 815 3357 ejus
839 3293 1030 3342 subter.
1056 3294 1169 3355 Ego
1197 3308 1315 3340 sum
1342 3308 1438 3356 qui
1463 3298 1740 3345 ascendere

131 3386 221 3419 vos
243 3376 347 3433 [cei
372 3367 435 3415 de
481 3373 623 3414 terra
645 3365 886 3429 Aa‘gypti,
929 3369 974 3411 et
1015 3364 1181 3412 eduxi
1227 3379 1315 3411 vos
1342 3379 1440 3427 per
1470 3363 1731 3415 desertum

131 3443 241 3505 [AL
268 3442 330 3487 in
355 3437 573 3499 deserto]
590 3437 959 3499 quadraginta
981 3435 1164 3496 annis,
1198 3441 1249 3482 ul
1269 3435 1605 3498 possideretis
1629 3444 1732 3485 ter-

130 3529 253 3562 ram
277 3510 602 3561 Amori-hei.
629 3510 807 3559 Tenet
842 3507 1321 3557 consuetudinem
1349 3520 1535 3572 suam,
1572 3514 1634 3559 ut
1658 3513 1729 3563 ad

130 3582 594 3649 exasperandum
617 3580 973 3642 ingratorum
1001 3577 1242 3637 facinus,
1277 3579 1554 3629 beneficia
1584 3594 1730 3643 prae-

130 3658 314 3707 missa
338 3656 767 3705 commemoret.
794 3653 863 3701 Et
883 3650 1010 3700 iueo
1026 3654 1335 3712 postquam
1361 3663 1558 3700 eorum
1576 3666 1728 3712 prava

129 3734 186 3780 et
216 3727 460 3792 profana
489 3723 698 3785 studia,
723 3722 931 3784 quibus
956 3728 1119 3771 erant
1141 3722 1337 3781 dediti,
1361 3728 1725 3786 percucurrit,

130 3800 417 3849 bonorum
434 3808 663 3859 quoque
680 3792 1048 3854 mentionem,
1071 3794 1283 3854 quibus
1305 3793 1474 3855 [rem
1489 3809 1699 3855 quorum
1708 3799 1722 3859 J

126 3882 225 3921 eos
252 3868 468 3921 oblivio
492 3870 735 3929 ceperat,
754 3865 1080 3914 intromisit.
1100 3868 1180 3913 Ac
1203 3863 1252 3913 si
1271 3864 1487 3915 diceret
1512 3866 1651 3915 satis
1668 3880 1727 3917 se

128 3942 310 3992 fuisse
333 3940 658 4001 deceptum,
684 3949 782 3998 qui
813 3937 1084 3998 antiquas
1109 3939 1338 3995 Gentes,
1366 3940 1567 3988 robore
1599 3937 1724 3987 viri-

128 4015 353 4076 busque
377 4014 646 4074 potiores,
661 4013 724 4058 ut
745 4008 837 4057 his
852 4008 1130 4058 habitatio
1155 4014 1469 4070 pararetur,
1493 4011 1727 4071 expule-

123 4086 215 4143 rit,
242 4096 378 4134 cum
403 4082 464 4131 hi
486 4079 801 4144 gloriosum
834 4083 1126 4128 certamen
1150 4079 1499 4139 exrstiment,
1526 4082 1572 4127 si
1604 4078 1726 4128 lllO-

123 4169 253 4206 rum
274 4156 519 4205 crimina
555 4156 612 4202 et
635 4156 984 4201 zemurentur
1006 4155 1062 4199 et
1087 4155 1373 4211 superent.
1406 4150 1520 4212 Ego
1545 4156 1723 4197 autem

119 4225 482 4275 exterminavi
492 4221 1048 4286 Amorrhwum,cujus
1060 4222 1287 4270 altitudo
1300 4221 1442 4269 cedri
1455 4221 1720 4281 similiter,

119 4305 164 4348 et
186 4299 345 4361 fortis
370 4298 478 4360 ipse
494 4310 652 4359 quasi
697 4308 921 4359 quercus
937 4309 955 4353 ;
979 4293 1214 4341 contrivi
1229 4293 1474 4351 fructum
1496 4293 1609 4356 ejus
1634 4294 1723 4341 de-

118 4386 300 4435 super,
325 4375 371 4417 et
394 4368 598 4416 radices
620 4366 732 4430 ejus
754 4364 928 4413 subter
960 4364 1112 4427 [Ant.
1136 4364 1331 4428 super].
1360 4366 1594 4427 Silvam,
1630 4368 1723 4415 in—

121 4444 266 4506 quit,
286 4441 555 4492 Gentium
572 4440 742 4502 longa
754 4439 874 4501 jam
892 4442 1063 4488 (etate
1088 4436 1437 4499 pervabdam
1460 4436 1539 4487 ita
1551 4436 1720 4487 celsis

126 4512 918 4572 verticibuscomminantem,
944 4513 1002 4559 et
1026 4508 1325 4572 profundis
1348 4508 1723 4559 radicibusirr-

120 4589 404 4636 nitentem
421 4583 676 4645 sedulus,
691 4582 854 4645 quasi
871 4585 1191 4631 castrorum
1218 4589 1233 4608 ε
1250 4584 1495 4631 metator
1518 4580 1721 4643 excidi,

121 4670 189 4706 ne
214 4654 588 4707 habitationis
611 4654 760 4704 levia
783 4651 984 4703 saltem
1001 4652 1409 4715 impedimenta
1424 4654 1717 4703 sentirent.

120 4725 408 4790 Quicquid
420 4738 554 4789 ergo
567 4725 786 4777 roboris
802 4724 1044 4785 fuerant,
1066 4726 1325 4788 stirpitus
1338 4724 1651 4788 amputavi,
1668 4731 1721 4771 ut

122 4799 527 4861 indigenarum
551 4798 734 4860 silvae,
749 4808 895 4859 quas
916 4797 1293 4847 amoliebatur
1314 4803 1510 4846 nostra
1529 4803 1723 4843 senten-

124 4870 221 4933 tia,
246 4881 617 4932 nequaquam
643 4869 883 4919 ulterius
908 4867 1269 4932 pullularent,
1284 4868 1382 4918 sed
1396 4868 1617 4919 collatae
1635 4867 1722 4919 vi-

121 4941 832 5004 ctoriaegaudiasecuritas
844 4939 1135 4991 cumulata
1147 4947 1489 5002 sequereter.
1508 4942 1720 4995 Quidni?

122 5025 258 5063 cum
279 5025 364 5063 eis
394 5014 563 5063 etiam
583 5014 786 5077 priscis
809 5013 1158 5077 temporibus
1188 5013 1723 5063 beneliciacontulis-

122 5096 250 5137 sem
264 5087 292 5134 ?
316 5086 462 5135 Nam
481 5098 615 5135 cum
634 5087 898 5149 Egyptia
919 5089 1117 5137 essent
1140 5090 1416 5137 servrtute
1443 5084 1721 5148 depressi,

187 5238 205 5257 '
234 5231 440 5290 Antea,
464 5233 508 5276 el
530 5228 759 5292 superba
782 5227 1026 5276 libidinis
1051 5232 1279 5293 peccata,
1309 5231 1422 5279 etc.

185 5301 207 5329 ι’
233 5304 472 5354 Lectum
486 5301 689 5351 vitiose
720 5300 1003 5351 hactenus
1026 5301 1321 5348 secundum
1338 5316 1427 5360 pro
1458 5303 1725 5353 sanctum.

187 5382 205 5400 ⁸
240 5375 434 5435 Atque
479 5371 606 5423 heic
661 5373 867 5423 vitiose
912 5378 1113 5419 meator
1163 5371 1477 5436 legebatur.
1511 5373 1730 5436 Hujus-

123 5444 281 5499 modi
310 5445 420 5495 alia
449 5455 603 5507 saipe
629 5446 783 5493 taciti
809 5444 1178 5507 castigamus.

188 5515 209 5545 ⁴
241 5516 433 5567 Verba
466 5521 601 5566 sunt
645 5515 791 5565 sacri
845 5517 1026 5564 Toxlus
1062 5531 1192 5565 vers.
1225 5519 1277 5565 11
1320 5521 1366 5561 et
1387 5528 1492 5573 seq.
1520 5513 1587 5561 Et
1616 5527 1729 5561 sus-

122 5587 289 5636 eitavi
314 5588 376 5636 de
397 5587 526 5648 [iliis
558 5588 744 5636 vestris
768 5588 827 5633 in
852 5588 1165 5650 prophetas,
1185 5592 1229 5634 et
1255 5587 1316 5635 de
1331 5584 1619 5649 juvenibus
1644 5599 1729 5632 ve—

119 5660 250 5708 stris
271 5658 588 5710 Nasaraeos:
631 5658 905 5722 numquid
943 5674 1057 5707 non
1089 5660 1166 5707 ita
1210 5663 1279 5706 est
1312 5657 1416 5719 [itii
1437 5655 1619 5717 Israel,
1647 5655 1733 5703 di-

120 5734 192 5781 cit
225 5733 514 5782 Dominus.
538 5732 607 5780 El
628 5729 1006 5796 propinabatis
1025 5729 1300 5779 Nummis
1317 5729 1525 5787 vinum,
1545 5732 1591 5774 et
1602 5741 1735 5790 pro-

118 5804 299 5869 phetis
320 5803 668 5853 mandabatis
698 5803 942 5863 dicentes,
969 5803 1049 5853 Ne
1082 5800 1423 5867 prophetetis.

186 5885 205 5905 '
242 5880 446 5931 Deerat
491 5880 624 5939 suis,
650 5878 806 5943 quod
838 5876 1080 5931 aliorum
1102 5873 1441 5929 auctoritate
1462 5870 1738 5922 librorum

123 5962 445 6016 pronomen
472 5952 831 6003 suli‘ecimus.

418 6072 676 6125 Persen
718 6067 884 6121 XXI.

1822 1944 1942 2004 locc,
1978 1952 2023 1994 et
2060 1948 2217 2009 fortis
2257 1963 2364 1995 non
2410 1946 2660 1994 obtinebit
2710 1948 2956 1994 virtutem
2986 1961 3165 2006 suam,
3200 1952 3243 1994 et
3268 1946 3423 1995 robu-

1821 2022 1931 2064 stus
1959 2033 2070 2065 non
2094 2019 2314 2067 salvabit
2343 2018 2591 2066 animam
2615 2032 2805 2076 suam;
2837 2026 2881 2065 et
2900 2023 3075 2065 tenens
3098 2033 3287 2066 arcum
3316 2034 3423 2067 non

1822 2086 1994 2151 stabit,
2032 2094 2074 2136 et
2101 2091 2251 2138 velox
2275 2089 2495 2153 pedibus
2514 2089 2626 2136 suis
2643 2096 2660 2115 '
2683 2104 2795 2135 non
2817 2087 3131 2147 salvabitur,
3163 2094 3208 2136 et
3229 2104 3415 2137 ascen-

1822 2160 2171 2223 sorcquinon
2202 2160 2425 2208 salvabit
2458 2174 2707 2207 annnam
2723 2174 2879 2206 suam
2901 2176 2919 2218 ,'
2944 2165 2988 2207 ct
3003 2158 3249 2208 robustus
3274 2162 3426 2208 corde

1824 2233 1963 2279 inter
1992 2232 2152 2295 fortes
2196 2235 2379 2279 nullus
2423 2231 2595 2292 fugiet
2632 2234 2691 2278 in
2720 2230 2805 2277 die
2840 2230 2955 2293 illa,
2982 2231 3110 2279 dicit
3139 2231 3422 2280 Dominus.

1824 2301 2124 2352 Familiare
2147 2303 2449 2365 Scripturis
2468 2302 2648 2351 sacris
2673 2306 2780 2364 est,
2809 2306 2871 2351 ut
2890 2302 3241 2364 imaginibus
3254 2302 3427 2352 etiam

1826 2375 1896 2425 de
1918 2375 2145 2437 exiguis
2168 2376 2341 2425 rebus
2356 2374 2499 2424 forte
2528 2374 2829 2436 susceptis,
2851 2373 2922 2422 ad
2951 2375 3057 2423 hoc
3077 2373 3229 2436 quod
3255 2387 3428 2437 expe-

1826 2448 2135 2509 rimentum
2161 2448 2400 2508 cupivit,
2439 2448 2777 2494 abutantur:
2797 2444 2991 2494 sedila
3018 2450 3083 2495 ut
3104 2450 3424 2505 mysticorum

1826 2519 1886 2569 in
1903 2517 1992 2567 his
2015 2529 2295 2567 sensuum
2317 2516 2548 2566 medula
2569 2516 2866 2566 consistat.
2885 2517 3042 2565 Unde
3067 2520 3123 2567 et
3144 2520 3429 2577 nuncquia

1828 2592 1926 2640 diu
1959 2596 2293 2651 peccantem
2326 2587 2600 2651 populum
2621 2589 2818 2649 justus
2848 2590 3060 2637 arbiter
3086 2592 3426 2645 sustinebat,

1828 2665 2131 2712 oneratum
2154 2672 2215 2709 se
2230 2658 2467 2722 plausari
2487 2659 2668 2707 instar
2688 2658 2954 2717 asseruit,
2970 2659 3069 2708 sed
3082 2659 3174 2708 cui
3200 2673 3347 2708 onus
3364 2662 3430 2704 vi-

1826 2733 1897 2783 lis
1918 2732 2175 2782 materiai
2200 2730 2557 2791 contigisset.
2598 2732 2757 2789 Quod
2785 2742 2919 2791 ergo
2946 2731 3042 2789 ait,
3066 2728 3294 2777 stridcbo
3315 2730 3430 2776 sub-

1831 2812 1906 2853 ter
1948 2819 2036 2851 vos
2090 2805 2224 2850 sicut
2277 2802 2585 2865 plaustrum
2642 2808 2898 2849 onustum
2946 2802 3119 2862 freno,
3176 2816 3294 2853 non
3350 2804 3428 2852 ita

1832 2875 2013 2926 voluit
2066 2873 2346 2937 intelligi,
2414 2877 2478 2922 ut
2542 2872 2702 2923 aliter
2763 2872 3051 2922 vidtretur
3106 2874 3426 2936 plaustrum

1831 2949 1984 2999 faeno
1998 2947 2229 3010 plenum
2255 2945 2515 3007 stridere,
2548 2945 2710 2994 aliter
2740 2950 3010 3007 argento:
3043 2947 3143 2995 sed
3171 2948 3306 3007 quia
3330 2948 3427 2993 sibi

1834 3017 2264 3070 siuilitudinem
2284 3018 2524 3079 plaustri
2544 3015 2838 3065 stridentis
2856 3017 3108 3078 aptabat,
3131 3030 3310 3064 sensus
3325 3024 3427 3063 arte

1835 3090 2186 3155 permiscuit,
2211 3101 2277 3138 ac
2303 3089 2351 3137 si
2375 3087 2612 3137 diceret:
2634 3087 2682 3136 si
2699 3086 3017 3149 plaustrum
3047 3092 3319 3138 onustum
3342 3090 3429 3135 ha-

1832 3166 1988 3214 beret
2001 3159 2363 3211 discernendi
2376 3160 2625 3221 aliquam
2646 3158 2993 3218 facultatem,
3010 3157 3268 3209 videlicet
3281 3158 3428 3208 indi—

1830 3233 2103 3298 gnantius
2129 3232 2251 3281 sine
2278 3230 2452 3281 dubio
2470 3230 2748 3292 strideret,
2785 3232 2832 3278 si
2857 3231 3005 3291 vilia,
3032 3242 3203 3291 quam
3230 3231 3277 3279 si
3303 3244 3429 3292 pre-

1769 3305 1815 3378 C
1837 3317 1984 3357 tiosa
2010 3307 2273 3378 portaret.
2289 3305 2521 3363 ltaergo
2540 3303 2690 3351 sicut
2714 3302 3025 3378 apostolus
3049 3304 3233 3378 docet,
3260 3314 3430 3364 super

1834 3377 2125 3441 religionis
2142 3375 2572 3425 fundamentum
2589 3385 2686 3436 pro
2710 3373 3046 3423 diversitate
3063 3376 3426 3423 meritorum:

1836 3450 1929 3500 alii
1965 3452 2028 3498 ut
2050 3459 2275 3505 aurum,
2306 3450 2629 3507 argentum,
2654 3444 2983 3508 lapidesque
3011 3446 3309 3507 pretiosos,
3334 3444 3428 3494 alii

1837 3524 1989 3570 sicut
2004 3521 2241 3579 faenum,
2268 3518 2423 3580 ligna
2447 3516 2688 3578 stipulas
2717 3522 3035 3578 congerunt
3058 3514 3127 3575 (1.
3163 3516 3282 3564 Cor.
3315 3514 3383 3576 3.)
3412 3530 3425 3565 :

1835 3594 2035 3643 merito
2074 3592 2227 3640 Deus
2255 3592 2450 3638 noster
2473 3600 2746 3649 majorem
2774 3599 2835 3635 se
2870 3586 3151 3637 sarcinam
3175 3599 3427 3649 pronun-

1835 3664 1947 3713 ciat
1970 3660 2231 3724 experiri,
2251 3672 2448 3710 eorum
2464 3662 2696 3721 peccata
2718 3658 3029 3719 tolerando,
3043 3670 3101 3707 in
3124 3658 3334 3720 quibus
3351 3657 3423 3707 ni-

1834 3733 1910 3785 hil
1935 3740 2108 3796 queat
2129 3735 2199 3782 de
2225 3732 2491 3794 pretiosis
2519 3728 2727 3779 studiis
2752 3729 3011 3792 reperire,
3039 3728 3139 3778 sed
3174 3728 3272 3791 qui
3306 3741 3427 3778 om-

1832 3818 1937 3856 nes
1966 3805 2038 3856 ad
2068 3804 2181 3854 vile
2210 3805 2449 3864 formum,
2477 3801 2631 3863 quod
2658 3799 2817 3849 facile
2842 3800 3424 3861 ignibusconsumalur,

1832 3878 2218 3932 accesserunt.
2259 3874 2402 3923 Cum
2438 3877 2633 3923 autem
2680 3871 2980 3931 striduero,
3029 3872 3083 3920 id
3128 3875 3231 3929 est,
3260 3871 3426 3920 infre-

1831 3942 2047 4009 muerb,
2076 3949 2266 3997 vestra
2287 3943 2436 3994 illico
2448 3943 2538 3993 vel
2558 3942 2881 4005 arrogantia
2896 3950 2984 3991 vel
3008 3943 3217 3992 liducia
3235 3942 3424 4004 dispe-

1828 4020 1977 4068 ribit.
2008 4020 2133 4067 Non
2143 4016 2296 4066 enim
2312 4014 2581 4064 velocitas
2593 4025 2939 4074 queinquam
2954 4013 3421 4071 subducetexiiio,

1828 4102 1943 4138 non
1967 4091 2223 4151 proteget
2246 4084 2516 4134 fortitudo
2537 4095 2878 4146 pugnacem.
2896 4096 3015 4133 non
3033 4088 3324 4146 postremo
3340 4102 3424 4144 pe-

1827 4160 2012 4209 ditum
2034 4159 2205 4219 acies,
2231 4168 2344 4205 non
2361 4156 2613 4218 equitum
2630 4154 2905 4216 manipuli
2933 4154 3188 4205 divinam
3220 4169 3421 4209 senten-

1828 4231 1964 4281 tiam
1992 4233 2365 4280 morabuntur
2389 4242 2400 4276 :
2434 4226 2535 4275 sed
2560 4227 2833 4287 quierant
2846 4224 3093 4275 bellandi
3118 4230 3238 4276 arte
3264 4230 3419 4296 clari,

1823 4303 2106 4366 optabunt
2126 4300 2357 4350 amissis
2378 4297 2553 4348 latere
2581 4296 2946 4359 tegminibus,
2962 4301 3025 4346 ut
3050 4297 3139 4347 vel
3156 4298 3320 4349 'nudi
3344 4304 3415 4351 ad

1823 4374 2097 4426 tuendam
2134 4372 2309 4421 vitam
2342 4373 2577 4419 utantur
2598 4367 2845 4416 latebris.
2874 4368 3013 4426 Quae
3048 4370 3241 4418 omnia
3270 4374 3417 4421 mala

1821 4445 2015 4498 hostili
2038 4443 2266 4494 evenire
2283 4440 2748 4499 victoria,annuis
2769 4438 2953 4499 magis
2972 4437 3249 4498 cladibus,
3266 4457 3412 4500 quam

1821 4516 2123 4568 annalibus
2148 4512 2323 4563 literis
2336 4510 2791 4573 comprobemus.
2807 4510 2871 4557 ln
2895 4510 3002 4557 hoc
3025 4512 3147 4560 loco
3177 4522 3312 4561 sane
3336 4515 3417 4561 Ju-

1824 4590 1935 4640 daei
1959 4586 2247 4649 quandam
2282 4582 2607 4646 opinionem
2643 4582 2982 4640 sequuntur,
3009 4587 3026 4615 ε
3053 4578 3412 4633 diversorum

1824 4675 1852 4711 v
1864 4658 2085 4709 idelicet
2096 4657 2307 4706 ducum
2320 4655 2550 4704 diverso
2561 4655 2837 4714 apparatu
2850 4650 3104 4713 signante
3119 4651 3297 4704 fuisse
3310 4670 3416 4715 per-

1820 4744 1991 4783 sonas
2010 4747 2020 4776 :
2041 4726 2194 4791 quod
2206 4739 2311 4777 nos
2332 4738 2449 4776 non
2463 4734 2653 4784 magni
2672 4721 2939 4786 ponderis
2953 4724 3336 4787 aestimantes,
3352 4729 3412 4774 ad

1819 4804 1927 4856 alia
1968 4805 2354 4852 transeamus.

2433 4910 2663 4962 CAPUT
2707 4911 2800 4960 III.

1905 4995 2061 5066 5|6
2100 4997 2258 5047 Vers.
2317 4992 2365 5046 1.
2399 4990 2450 5045 2.
2482 4990 2766 5066 -ξ-ᾼιίάίιε
2794 4989 3015 5066 perbum
3041 4990 3416 5066 quodlocutus

1822 5078 1893 5124 est
1914 5061 2182 5121 Dominus
2204 5078 2364 5130 super
2382 5078 2488 5128 vos,
2505 5062 2608 5126 ﬁlii
2640 5061 2822 5122 Israel,
2857 5076 3017 5125 super
3046 5063 3197 5111 omni
3218 5078 3418 5127 cogna-

1888 5217 1907 5250 ῖ
1927 5217 2112 5267 Antea
2135 5210 2315 5271 nudis,
2346 5208 2585 5261 Leviora
2604 5206 2663 5257 id
2686 5218 2873 5271 genus
2895 5204 3106 5257 menda
3128 5205 3238 5257 alia
3265 5207 3419 5257 taciti

1827 5289 2199 5352 castigamus.

1889 5371 1906 5398 ε
1931 5351 2195 5423 Singulos
2228 5354 2424 5405 laudat
2452 5353 2522 5405 de
2555 5352 2784 5404 nomine
2810 5363 2884 5401 ex
2909 5351 3280 5401 Hebraeorum
3307 5355 3418 5401 tra-

1828 5434 2042 5486 ditione
2066 5432 2480 5490 Hieronymus:
2509 5438 2611 5475 nec
2641 5424 2779 5474 mihi
2807 5423 3045 5472 dubium
3062 5427 3166 5484 est,
3190 5423 3327 5484 quin
3349 5435 3421 5472 ex

1829 5520 1895 5558 eo
1916 5507 2120 5555 Noster
2141 5499 2450 5563 acceperit;
2477 5497 2653 5547 miror
2677 5495 2857 5559 magis
2881 5494 3033 5556 quod
3056 5508 3174 5544 non
3198 5494 3425 5545 acriori-

1831 5580 1941 5629 bus
1964 5577 2036 5627 de
2060 5586 2217 5625 more
2236 5570 2423 5622 Verbis
2449 5582 2623 5631 quam
2648 5566 3225 5629 respuitsententiam
3237 5566 3341 5614 abs

1830 5651 2075 5700 Doctore
2106 5643 2404 5695 laudatum
2431 5639 2793 5703 perstringat,
2831 5637 3077 5695 Velocem,
3106 5637 3291 5697 inquit
3312 5635 3423 5697 ille,

1832 5719 2038 5770 Hebraei
2088 5715 2389 5775 Jeroboam,
2433 5710 2613 5774 [ilium
2669 5708 2908 5765 Nabath,
2962 5708 3285 5767 intelligunt,
3331 5707 3424 5768 qui

1830 5792 1989 5857 prius
2012 5790 2073 5835 in
2095 5780 2705 5857 Aigyptum-fug-crat...
2741 5782 2933 5857 fortem,
2959 5778 3143 5825 Busan
3171 5778 3429 5857 interpre-

1839 5848 2044 5919 tantur,
2078 5848 2181 5923 qui
2199 5848 2309 5919 fuit
2346 5853 2418 5902 ad
2461 5850 2593 5899 bella
2619 5848 3079 5923 promtissimps...
3104 5849 3426 5923 rebustuiii.

1837 5932 1995 5983 Αγηνί
2009 5914 2247 5980 sentiunt
2272 5942 2285 5979 :
2310 5931 2356 5976 et
2379 5928 2582 5975 tenens
2604 5931 2799 5971 arcum
2805 5954 2822 5979 ,
2849 5918 3063 5981 deJegu
3085 5918 3198 5981 filio
3215 5914 3427 5975 Mamsi,

3075 6034 3145 6087 34
