3866 6206
523 368 659 424 1067

1588 363 1851 416 RUFINO
1884 361 2345 416 PRESBYTERO
2378 361 2760 416 ASCRIP’I‘US

3721 363 3810 416 illeIt

519 481 659 552 tione
683 489 700 509 ι
723 484 894 530 vestra
915 479 1093 552 dicens
1119 491 1132 528 :
1163 475 1553 552 Tantummodo
1571 489 1657 552 vos
1673 475 1892 552 cognovi
1914 489 1980 523 ex
1995 490 2112 524 om-
2138 480 2193 552 Α
2215 475 2409 552 praeda
2433 487 2659 552 semper
2681 474 2902 552 potitus
2921 475 3386 552 immurmurat.
3416 473 3808 552 Quibus‘duot-o

518 550 676 600 nibus
704 549 1113 614 cognationibus
1148 554 1314 610 terrae,
1355 547 1553 596 idcirco
1583 547 1805 595 visitabo
1827 562 1991 610 super
2024 562 2111 595 vos

516 637 698 672 omnes
721 621 1034 686 iniquitates
1057 625 1267 668 vestras.
1295 621 1526 682 Nempe,
1552 619 1754 681 inquit,
1777 618 1886 670 hoc
1903 619 2116 682 insigni

516 695 799 757 praecipue
823 692 1108 756 gaudetis,
1135 690 1286 755 quod
1305 690 1515 741 nulliin
1543 694 1658 741 toto
1677 691 1812 740 orbe
1830 689 2111 753 gentinisi

515 765 679 816 vobis
706 763 844 814 solis
869 763 966 826 qui
993 775 1124 814 sum
1147 762 1349 813 mundi
1377 765 1594 812 creator
1617 761 1871 811 innotui:
1901 767 2111 812 etcum

513 847 716 887 omnes
740 834 1004 885 nationes
1021 833 1219 885 eadem
1244 845 1357 896 qua
1380 846 1484 883 vos
1503 832 1708 895 pietate
1724 831 2107 895 formaverim,

513 910 705 958 tamen
741 909 936 955 vester
969 906 1159 956 solum
1187 906 1338 954 Deus
1363 902 1632 966 appellari
1661 907 1835 964 atque
1859 915 1986 954 esse
2010 903 2112 954 de-

511 977 640 1042 legi,
654 976 1037 1038 universaque
1056 979 1266 1026 vestrae
1279 973 1602 1025 devotionis
1615 973 1802 1024 oillcia
1815 977 2108 1023 muneribus

509 1053 682 1112 atque
707 1045 1001 1098 miraculis
1027 1047 1318 1107 anteveni,
1347 1043 1538 1095 valida
1561 1044 1620 1094 in
1647 1049 1905 1094 vestrum
1929 1045 2110 1097 bono-

508 1131 627 1170 rem
654 1124 776 1170 tum
792 1117 1206 1182 Egyptiorum,
1221 1121 1340 1167 tutn
1362 1115 1792 1167 Palmstinorutn
1810 1127 1984 1179 regna
1995 1132 2111 1165 con-

510 1203 764 1252 sumens,
803 1195 866 1241 ut
911 1190 1076 1241 vobis
1113 1188 1376 1239 videlicet
1398 1187 1646 1251 gloriosa
1664 1189 1934 1250 egressio,
1963 1201 2106 1252 opu-

508 1261 664 1314 lenta
687 1262 980 1326 possessio
1003 1259 1362 1324 probaretur:
1389 1272 1496 1309 nec
1521 1259 1704 1309 solum
1725 1260 2000 1310 servitute
2016 1259 2109 1310 de-

507 1335 674 1398 pulsa
695 1333 909 1398 gaudia
932 1329 1248 1384 contulisse
1281 1335 1607 1392 contentus,
1632 1329 1852 1380 lumina
1875 1341 2106 1393 quoque

505 1405 782 1456 doctrinae
809 1401 1290 1468 spiritalisadjeci,
1317 1399 1631 1451 ostendens
1657 1401 1853 1463 utique
1869 1401 2104 1464 pel-haec

505 1477 714 1536 omnia,
742 1475 897 1540 quod
923 1488 1028 1526 vos
1054 1486 1125 1525 ex
1149 1472 1763 1523 omnibusnalionibus
1780 1472 2101 1535 elegissem,

505 1560 651 1610 quos
674 1548 847 1598 etiam
876 1545 1054 1596 sacris
1079 1544 1580 1596 informationibus
1607 1541 2104 1606 erudirem,utqui

505 1618 629 1669 sine
641 1618 862 1669 meritis
887 1617 1069 1668 multa
1093 1618 1484 1678 susceperant,
1508 1616 1928 1674 quemadmodum
1954 1616 2101 1662 etiam

505 1694 878 1749 mererentur,
903 1691 1302 1752 agnoscerent.
1331 1687 1543 1735 Verum
1566 1697 1680 1736 non
1697 1685 1806 1736 ista
1827 1687 2101 1734 liberalitas

501 1761 973 1826 negligentoirem
999 1757 1456 1810 conversationis
1468 1762 1679 1808 vestrae
1697 1756 1953 1819 judicem
1977 1756 2098 1807 red-

499 1834 659 1896 didit,
689 1832 789 1883 sed
815 1832 925 1883 hoc
948 1831 1132 1893 magis
1160 1829 1458 1880 malefacta
1488 1833 1682 1879 vestra
1707 1829 1944 1891 castigo,
1985 1841 2098 1892 quo

501 1917 604 1956 vos
627 1903 852 1954 cunctis
875 1902 1147 1966 gentibus
1172 1900 1415 1965 prmtuli.
1434 1899 1691 1949 Estenitn
1717 1913 2097 1964 consequens,

500 1982 563 2028 ut
575 1976 909 2040 diligentius
925 1973 1300 2037 inspicientur
1318 1983 1448 2035 quae
1469 1971 1774 2034 pretiosius
1792 1974 2105 2021 aestimantur

501 2050 682 2099 Decor
721 2058 856 2110 ergo
893 2049 1054 2110 genti
1093 2047 1326 2105 vestrae,
1354 2043 1439 2092 vel
1470 2053 1598 2092 mea
1621 2040 1978 2104 indulgentia
2016 2041 2104 2094 vel

500 2122 803 2183 parentum
830 2116 1142 2168 virtutibus
1171 2118 1559 2178 comparatus,
1585 2113 1801 2163 nullam
1829 2113 1965 2164 sinit
1981 2113 2104 2164 cul-

497 2203 631 2255 pam
659 2188 1062 2252 incastigatam
1086 2185 1327 2248 relinqui
1359 2199 1371 2235 :
1400 2185 1536 2248 quia
1561 2183 1783 2236 vilescit
1825 2197 2102 2236 concessa

498 2262 783 2322 nobilitas,
812 2262 860 2312 si
877 2273 993 2312 non
1018 2257 1596 2319 auieraturindignis.
1611 2257 1780 2307 Haud
1796 2257 1990 2320 itaque
2003 2261 2102 2306 im-

497 2333 816 2398 punitatem
828 2330 1260 2390 criminum,sed
1273 2328 1593 2378 custodiam
1607 2331 1951 2376 mandatorum
1966 2332 2106 2377 nobi-

497 2406 626 2456 litas
641 2403 933 2467 adquisita
948 2400 1328 2453 commendat.
1347 2399 1455 2449 Sed
1475 2400 1773 2449 videamus
1787 2403 1844 2449 et
1860 2400 2096 2463 reliqua.

561 2477 721 2527 Vers.
740 2476 790 2529 3.
804 2474 856 2528 8.
875 2501 937 2509 -
957 2473 1230 2536 Nunquid
1245 2469 1720 2519 ambulabuntduo
1736 2473 1958 2534 pariter,
1989 2473 2098 2521 nisi

495 2545 799 2598 convenerit
836 2547 944 2596 eis?
973 2543 1245 2608 Nunquid
1269 2543 1443 2605 rugiet
1474 2542 1550 2590 leo
1585 2543 1642 2590 in
1682 2543 1820 2590 saltu
1858 2543 1968 2591 nisi
1999 2544 2098 2593 ha-

496 2620 666 2669 buerit
691 2617 930 2679 praedam
947 2619 972 2666 ‘t
988 2616 1156 2679 Nunq
1168 2615 1262 2663 uid
1274 2615 1418 2662 dabit
1432 2613 1640 2662 catulus
1658 2613 1824 2663 leonis
1841 2630 2010 2664 vocem
2037 2617 2099 2666 de

496 2690 657 2740 cubili
683 2705 797 2742 suo.
827 2690 934 2737 nisi
958 2687 1173 2751 aliquid
1196 2686 2096 2750 apprehenderit?Nunquidcadet

496 2762 612 2811 avis
633 2762 692 2810 in
728 2761 982 2824 laqueum
1007 2765 1156 2807 terra:
1180 2757 1375 2821 absque
1399 2761 1640 2820 aucupe?
1671 2759 1930 2821 nunquid
1951 2761 2098 2822 aure-

495 2839 643 2896 retur
687 2832 908 2896 laqueus
952 2832 1014 2879 de
1059 2835 1202 2878 terra
1235 2835 1528 2892 antequam
1554 2828 1888 2891 aliquid[Al.
1918 2831 2089 2896 quid]

495 2895 683 2968 ceperit
699 2907 724 2953 ‘t
758 2903 817 2951 Si
840 2903 1046 2965 clanget
1071 2900 1198 2948 tuba
1221 2901 1282 2947 in
1307 2901 1537 2959 civitate,
1559 2905 1602 2947 et
1631 2900 1864 2962 populus
1885 2916 1992 2950 non
2010 2895 2096 2952 ea)?

489 2979 723 3040 pavescet
739 2977 763 3026 ft
788 2973 850 3024 Si
865 2973 961 3022 erit
989 2971 1198 3021 malum
1216 2971 1270 3018 in
1299 2971 1508 3018 civitate
1529 2971 1673 3032 quod
1697 2971 1964 3020 Dominus
1979 2989 2090 3024 non

494 3047 616 3109 fecit
639 3045 744 3110 [AL
771 3044 1006 3108 fecerit]?
1036 3043 1179 3102 Quia
1208 3056 1318 3090 non
1345 3041 1504 3102 faciet
1530 3041 1795 3090 Dominus
1815 3043 1953 3092 Deus
1977 3059 2093 3094 ver-

495 3120 640 3181 bum,
666 3117 775 3165 nisi
799 3115 1103 3165 revelavcrit
1121 3119 1374 3162 secretum
1409 3128 1571 3160 suum
1595 3113 1615 3142 ⁸³
1642 3115 1804 3162 servis
1825 3115 1955 3163 suis.
1992 3117 2092 3166 Leo

494 3191 688 3252 rugiet,
733 3189 854 3252 quis
899 3202 1010 3236 non
1043 3185 1282 3234 timebit?
1319 3184 1587 3233 Dominus
1609 3185 1749 3234 Deus
1772 3185 1976 3235 locutus
1999 3193 2089 3248 est,

2217 548 2480 599 versibus
2505 547 2766 598 habitum
2793 547 3138 599 ulciscentis
3157 547 3499 612 expressit.
3516 549 3731 607 Sequitur
3748 564 3808 595 u-

2186 659 2196 667 .
2215 622 2328 670 tem
2353 633 2365 668 :
2393 619 2664 682 Nunquid
2687 619 2834 672 cadet
2857 620 2976 668 avis
3002 621 3062 667 in
3091 620 3375 682 laqueum
3394 619 3808 682 teri-zabs‘qttrn.

2211 694 2381 753 cupe?
2403 690 2673 753 Nunquid
2695 689 2976 750 auferetur
3010 690 3253 755 laqueus
3279 691 3348 738 de
3376 696 3534 738 terra
3564 698 3802 754 antiquas.

2209 761 2423 824 aliquid
2445 761 2674 825 ceperit?
2694 760 3035 813 Ulciscentis
3053 762 3340 824 partibus
3357 760 3663 821 absolutis,
3677 775 3754 812 eos
3771 767 3802 809 i-

2207 845 2355 895 quos
2387 833 2710 882 vindicatur
2732 831 3060 895 compellat,
3089 845 3248 895 quos
3266 835 3448 882 tanta
3481 832 3803 893 facilitate:-

2207 903 2360 953 dicat
2391 902 2785 963 conterendos,
2813 907 2878 953 ut
2901 903 2997 954 avi
3023 903 3274 964 similes,
3309 914 3456 965 quae
3482 901 3732 964 laqueum
3756 929 3784 952 ρ,

2207 975 2468 1038 ingressa
2514 973 2833 1024 videantur.
2866 974 3150 1036 Nunquid
3195 972 3383 1036 cadet,
3413 974 3624 1036 inquit,
3651 975 3743 1020 ait:
3765 976 3796 1018 .1

2207 1044 2463 1109 laqueum
2513 1049 2662 1092 terra:
2715 1044 2913 1108 absque
2947 1049 3200 1107 aucupe?
3249 1057 3324 1094 ac
3369 1044 3420 1094 si
3451 1044 3787 1094 diceretit:

2206 1129 2406 1167 omnes
2432 1116 2640 1179 pariter
2667 1115 3317 1179 reticerentpropbetze,
3347 1128 3479 1165 vox
3507 1116 3632 1179 ipsa
3659 1129 3795 1166 rerum

2206 1188 2346 1238 satis
2375 1201 2479 1239 vos
2507 1189 2703 1250 posset
2725 1187 3207 1238 instruere:istas
3226 1186 3467 1249 quibus
3496 1187 3798 1237 deterritum-

2206 1260 2584 1318 calamitates,
2617 1271 2736 1309 non
2761 1271 2868 1309 sua
2894 1263 3107 1322 sponte
3136 1257 3232 1309 vel
3255 1271 3412 1310 casu
3442 1258 3642 1321 aliquo
3662 1259 3713 1308 in
3733 1272 3796 1309 ve

2205 1336 2383 1382 stram
2411 1331 2666 1396 potuisse
2683 1330 2992 1394 perniciem
3011 1330 3334 1381 convenire
3363 1346 3377 1381 ε
3399 1331 3522 1381 nisi
3543 1343 3797 1381 manus-sn

2203 1403 2462 1466 aucupis,
2490 1402 2545 1452 id
2568 1407 2676 1462 est,
2697 1401 2912 1464 judicis
2939 1401 3264 1452 intulisset.
3298 1403 3418 1453 Per
3445 1402 3796 1453 denunciatie—

2204 1487 2338 1526 nem
2364 1475 2558 1536 itaque
2576 1472 2988 1537 prophetalem,
3007 1473 3264 1524 miseria:
3283 1473 3468 1536 quasi
3489 1473 3719 1536 laqueus
3736 1479 3795 1520 ἆ.»-

2203 1551 2407 1598 centur
2430 1546 2730 1609 expositae.
2758 1548 2824 1595 ut
2849 1545 2910 1595 in
2935 1557 3038 1596 eas
3064 1544 3336 1595 incidant
3359 1545 3381 1572 ⁴
3402 1545 3618 1596 callem
3632 1548 3793 1609 quique

2196 1617 2442 1681 justitia:
2455 1616 2860 1678 relinquentes.
2876 1614 3033 1666 Nihil
3045 1615 3290 1680 proinde
3305 1629 3425 1667 vos
3444 1617 3792 1667 interveniens

2205 1688 2750 1755 plerumquedilatio
2777 1688 3090 1738 cosoletur.
3117 1687 3362 1739 Positus
3391 1688 3556 1738 enim
3581 1689 3791 1752 laqueus.

2196 1761 2254 1820 id
2280 1766 2386 1822 est,
2413 1759 2724 1822 publicatae
2751 1763 2952 1810 vatum
2969 1771 3068 1809 ore
3088 1759 3432 1818 sententia),
3456 1760 3792 1811 nonaul‘errn-

2205 1836 2312 1893 tur,
2337 1831 2443 1883 niri
2461 1830 2746 1894 captionis
2763 1843 2886 1882 sum
2906 1841 3122 1881 manus
3137 1829 3542 1894 impleverim.
3565 1831 3791 1892 St't‘lttngél

2206 1873 2312 1893 ....,
2337 1873 2443 1883 ..-.-
2463 1873 2527 1882 νυ.
2575 1873 2743 1880 --ν-,η
2763 1873 2884 1882 --.ν
2906 1873 3214 1881 ---...._--...
3261 1873 3314 1881 ,ν
3333 1873 3344 1881 .
3368 1873 3542 1881 νη--.

2123 1873 2177 1947 Β
2203 1903 2328 1952 tuba
2367 1904 2422 1951 in
2462 1873 2687 1960 citvritate,
2723 1906 2768 1950 ct
2810 1901 3052 1966 populus
3098 1873 3573 1966 nonrcxparescet
3605 1917 3616 1951 :
3649 1904 3690 1951 si
3720 1904 3789 1950 erit

2201 1975 2413 2023 malum
2437 1975 2494 2021 in
2529 1973 2739 2022 civitate
2763 1974 2910 2036 quod
2931 1973 3207 2022 Dominus
3233 1988 3354 2022 non
3379 1972 3544 2034 fecit;
3569 1977 3690 2037 quia
3709 1989 3784 2019 nm;

2199 2046 2358 2109 faciet
2381 2045 2648 2094 Dominus
2677 2045 2817 2092 Deus
2837 2043 3062 2092 verbum
3091 2044 3205 2092 nisi
3228 2045 3561 2093 revdaverit
3583 2053 3786 2093 secretum

2200 2133 2362 2166 suum
2392 2117 2464 2165 ad
2499 2129 2672 2164 servos
2709 2130 2831 2163 suos
2852 2116 3154 2180 prophetas
3177 2117 3512 2168 Concinere
3538 2117 3642 2167 sibi
3663 2127 3787 2178 expo-

2199 2189 2467 2239 sitionem
2491 2191 2737 2238 vestram
2755 2199 2857 2250 per
2881 2186 3122 2237 subdita
3144 2187 3501 2250 publicavit,
3523 2195 3580 2239 et
3599 2193 3785 2248 laqueti:

2201 2259 2483 2322 videliCet,
2509 2263 2567 2309 et
2591 2259 2790 2308 tubam
2813 2263 2869 2308 et
2893 2258 3208 2320 malicmm,
3234 2259 3294 2308 id
3321 2265 3438 2321 est,
3465 2260 3786 2310 arllictionem

2199 2343 2313 2394 qua
2347 2329 2755 2393 sacrilegorum
2788 2331 2964 2380 urbes
2995 2329 3270 2393 perirent,
3299 2331 3420 2381 nisi
3457 2344 3560 2394 per
3579 2331 3784 2381 divinam

2196 2402 2650 2466 indignationem
2675 2414 2794 2451 non
2821 2400 3028 2452 fuisset
3045 2407 3363 2452 commota.
3389 2402 3670 2452 Ubitamen
3687 2403 3786 2461 pati-

2198 2479 2282 2525 ter
2293 2474 2647 2538 propositum
2662 2485 2785 2524 suae
2802 2473 3056 2536 pietatis,
3072 2485 3192 2536 quo
3219 2486 3464 2537 parcere
3484 2473 3783 2524 destinabit.

2198 2545 2244 2595 si
2272 2559 2370 2610 per
2394 2545 2520 2595 illos
2543 2543 2755 2604 liceret,
2783 2549 2842 2594 et
2867 2545 3258 2594 reverentiam
3288 2546 3446 2596 sacri
3465 2545 3783 2596 commentis:

2197 2616 2480 2668 examinis
2494 2629 2506 2665 :
2522 2615 2678 2678 quod
2690 2614 2941 2666 ostendit
2955 2615 3202 2678 impune
3215 2629 3338 2666 non
3363 2630 3548 2680 posse
3559 2624 3783 2668 contemnz.

2198 2687 2473 2738 malitiam
2509 2690 2702 2738 autem
2727 2685 2877 2737 sicut
2907 2698 3066 2750 saepe
3092 2685 3261 2744 alias,
3287 2699 3415 2738 non
3441 2693 3688 2752 peccata.
3712 2687 3781 2736 sed

2199 2763 2484 2809 tormenta
2500 2761 2775 2819 nominat,
2806 2758 3020 2820 quibus
3049 2757 3324 2809 videlicet
3357 2761 3688 2810 cruciantur
3711 2772 3781 2809 rei.

2194 2843 2310 2880 non
2347 2828 2709 2880 maculantur
2743 2828 2984 2878 innoxii.
3019 2829 3168 2886 Quia
3205 2846 3318 2878 non
3367 2831 3537 2892 faciet
3561 2831 3780 2879 Dominus

2195 2901 2408 2949 verbum
2447 2901 2558 2948 nisi
2583 2899 2886 2948 revaleverit
2908 2907 3174 2948 secretum
3209 2915 3384 2949 suum
3406 2901 3484 2950 ad
3509 2917 3673 2950 servos
3691 2915 3779 2947 ειερῑι·

2189 2972 2498 3036 prophetas.
2515 2973 2842 3036 Opportune
2858 2983 3100 3034 prorsus
3125 2971 3398 3036 dignitas
3423 2974 3783 3026 commendata

2193 3045 2530 3094 Sanctorum
2577 3047 2684 3106 est,
2711 3047 3020 3106 postquam
3045 3056 3286 3095 reorum
3314 3048 3508 3098 fuerat
3542 3048 3784 3111 publicata

2193 3113 2506 3178 despectio:
2527 3126 2599 3164 ne
2623 3114 2731 3165 hoc
2755 3113 2951 3178 ipsum
2968 3114 3126 3166 enim
3151 3117 3317 3179 quod
3335 3117 3678 3170 videbantur
3703 3119 3784 3165 uli-

2192 3190 2278 3237 ter
2302 3186 2568 3238 {estimati
2606 3185 2832 3249 (quippe
2860 3190 2946 3236 tot
2971 3187 3280 3250 suppliciis
3307 3190 3606 3250 obruendi,
3633 3189 3784 3240 adna-

493 3251 616 3324 quis
638 3251 751 3308 non
771 3257 1146 3324 prophetabit?
1175 3256 1359 3306 Variae
1382 3256 1764 3318 quorumdam
1792 3258 2090 3320 opiniones
2119 3251 2168 3326 C
2194 3259 2339 3309 turm
2365 3257 2754 3308 conditionem
2778 3257 2965 3321 magis
2982 3270 3168 3320 quam
3192 3259 3268 3310 ad
3284 3261 3570 3312 invidiam
3587 3265 3784 3321 improb:

493 3333 552 3383 in
575 3331 683 3382 hoc
699 3331 822 3381 loco
849 3332 1097 3390 ruerunt,
1117 3327 1217 3378 sed
1234 3340 1348 3378 non
1365 3328 1506 3378 satis
1531 3326 1921 3391 exemplorum
1939 3346 2090 3380 sensu

494 3412 512 3430 °
536 3402 924 3462 concinentes,
950 3401 1051 3463 qui
1083 3412 1240 3450 nunc
1269 3411 1304 3448 a
1326 3399 1493 3449 nobis
1521 3400 1630 3448 sub
1654 3401 1982 3452 necessaria
2003 3401 2091 3452 di-

494 3473 801 3524 stinctione
826 3471 1110 3523 reddetur.
1125 3471 1397 3520 Diversas
1415 3471 1564 3519 enim
1581 3472 1893 3522 sententias
1910 3473 2090 3525 oratio

494 3544 754 3595 instituta
771 3543 1051 3604 contingit
1069 3555 1082 3590 :
1100 3545 1158 3590 et
1184 3540 1401 3602 primus
1427 3540 1656 3601 quidem
1684 3553 1882 3592 versus
1899 3556 2092 3594 neces-

495 3615 722 3675 sariam,
739 3613 796 3663 id
820 3617 927 3672 est,
937 3613 1154 3674 justam
1173 3611 1339 3659 docet
1358 3610 1535 3660 fuisse
1551 3611 1794 3672 ingratae
1807 3615 1993 3675 gentis
2009 3627 2090 3666 re-

494 3683 739 3748 pulsam,
753 3694 926 3746 quam
945 3693 1115 3744 super
1132 3680 1394 3728 videlicet
1413 3693 1586 3729 unam
1602 3693 1675 3730 ex
1693 3683 1976 3734 universis
1995 3700 2090 3733 na-

495 3754 746 3804 tionibus
770 3751 1175 3817 pronunciarat
1197 3749 1494 3800 adscitum.
1523 3751 1600 3800 Ea
1623 3763 1787 3814 ergo,
1815 3755 2088 3816 quoniam

493 3823 702 3874 studiis
727 3823 785 3873 in
803 3833 1080 3886 perversa
1096 3820 1353 3881 mutatis,
1371 3821 1539 3882 iramj
1551 3820 1734 3872 udicis
1751 3827 2088 3882 accenderat

491 3894 786 3960 repudiata
820 3891 907 3960 5|
925 3889 974 3960 7
1008 3903 1140 3955 quin
1159 3891 1514 3942 subdebatur
1528 3893 1721 3945 exitiis
1737 3899 1951 3956 explicat
1974 3915 2082 3964 cur,

491 3965 778 4030 ejusmodi
806 3964 1112 4016 dissidium
1141 3963 1494 4026 contigisset.
1533 3965 1804 4029 Nunquid
1837 3963 2086 4022 ambula;

491 4038 620 4086 bunt
633 4038 739 4086 duo
750 4037 974 4102 pariter,
989 4035 1192 4098 inquit,
1212 4035 1321 4082 nisi
1343 4036 1643 4084 convenerit
1658 4038 1765 4086 eis?
1778 4040 1826 4088 id
1844 4049 1934 4104 est,
1955 4045 2085 4100 Quid

491 4107 742 4170 minaris,
789 4107 924 4172 quia
968 4105 1277 4158 comitatus
1300 4107 1480 4158 nostri
1508 4107 1841 4161 defensione
1866 4113 2087 4167 nudata

491 4182 592 4240 sis,
611 4191 743 4230 cum
763 4179 919 4242 justa
952 4177 1236 4229 viantium
1269 4177 1615 4240 conjunctio,
1641 4180 1751 4231 nisi
1776 4181 1927 4234 inter
1949 4197 2084 4235 con—

489 4251 689 4302 cordes
713 4249 813 4301 diu
837 4261 1064 4300 manere
1092 4261 1211 4300 non
1235 4249 1460 4312 possit?
1481 4250 1563 4299 Tu
1589 4252 1827 4314 proinde
1863 4255 1961 4316 qui
1977 4255 2085 4307 ele-

487 4322 621 4387 gisti
667 4321 878 4373 habere
934 4319 1078 4371 meis
1123 4319 1348 4383 legibus
1393 4323 1709 4372 contrarias
1754 4323 2082 4380 voluntates

487 4393 667 4444 fuisse
691 4403 1056 4456 consequens
1080 4391 1368 4453 conlltere,
1400 4394 1463 4442 ut
1479 4393 1786 4446 comitatus
1798 4396 1908 4446 mei
1933 4401 2083 4446 auxi-

487 4463 561 4517 lio
590 4464 906 4527 nudareris,
933 4463 1069 4527 quia
1105 4475 1223 4514 non
1247 4463 1391 4514 meis
1419 4463 1723 4516 itinreibus
1746 4468 1967 4530 ingredi
1989 4482 2082 4522 se-

486 4542 682 4602 parata
707 4536 950 4601 ccepisti.
973 4537 1090 4600 Ego
1105 4548 1218 4585 non
1236 4546 1332 4585 ero
1351 4539 1406 4586 te
1427 4534 1755 4589 deseruisse
1768 4545 2077 4594 contentus

485 4621 590 4661 nec
631 4608 741 4658 hoc
782 4609 896 4660 ilne
943 4606 1256 4670 indignatio
1292 4611 1491 4657 nostra
1537 4606 1855 4673 claudetur,
1881 4612 1982 4662 sed
2007 4614 2078 4665 de

485 4680 734 4744 praesule
763 4684 862 4730 tuo
888 4684 1190 4730 convertar
1203 4678 1263 4728 in
1287 4679 1624 4730 saevientem
1648 4679 1893 4745 leonem,
1919 4699 2069 4744 quem

485 4762 583 4814 per
600 4754 764 4800 vasta
779 4749 1050 4800 nimirum
1067 4750 1247 4800 lustra
1257 4750 1616 4813 gradientem
1635 4751 1788 4803 haud
1807 4753 2010 4806 levitas
2023 4759 2075 4805 in

484 4821 756 4885 rugitum,
797 4819 897 4870 sed
921 4820 1045 4870 visa
1077 4821 1303 4872 eminus
1328 4823 1526 4885 praeda
1548 4829 1910 4876 commoveat
1936 4840 1950 4877 :
1975 4827 2075 4890 qui

483 4905 616 4944 cum
642 4903 779 4942 sane
807 4891 975 4942 fuerit
998 4891 1180 4942 victor
1209 4893 1404 4956 optati,
1439 4906 1505 4945 ac
1529 4895 1874 4947 destinatam
1898 4910 2076 4949 vena-

484 4963 695 5015 tionem
718 4961 790 5013 ad
817 4962 1003 5013 cubile
1027 4962 1300 5028 retulerit,
1325 4969 1490 5016 antra
1508 4965 1634 5028 ipsa
1659 4971 1825 5030 coget
1847 4968 2076 5021 fremitu

481 5047 804 5101 personare,
851 5046 918 5086 ac
966 5048 1264 5099 nunquam
1319 5036 1428 5087 hoc
1464 5049 1670 5100 genere
1700 5051 1938 5105 vacuus,
1963 5041 2077 5094 nisi

478 5180 576 5244 qui
609 5179 802 5250 Joram
830 5193 1007 5243 regem
1029 5177 1195 5250 Israel
1215 5179 1413 5241 sagitta
1435 5181 1709 5242 percussit,
1737 5168 1941 5234 dictum
1963 5200 2073 5250 pu-

480 5257 656 5304 tant...
701 5249 955 5302 velocem
997 5249 1238 5314 pedibus,
1279 5251 1572 5299 Manahem
1607 5252 1936 5320 intelligunt,
1964 5249 2071 5320 qui

475 5324 685 5388 frustra
705 5323 970 5387 festinans
998 5321 1477 5384 regiAssyriornm
1501 5323 1647 5372 dona
1680 5326 1898 5392 dia-erit,
1929 5335 2070 5392 etc.;

478 5409 611 5461 quas
648 5400 835 5469 tumet
865 5393 1100 5469 recolas.
1129 5395 1256 5469 Hoc,
1285 5395 1496 5469 subdit,
1523 5396 1728 5446 Hebraei
1757 5407 2069 5469 autumant,

476 5475 522 5520 et
567 5472 708 5519 sicut
749 5467 898 5518 nobis
935 5467 1001 5517 ab
1047 5467 1179 5532 ipsis
1213 5467 1472 5516 traditum
1503 5475 1592 5530 est,
1628 5475 1823 5521 nostris
1844 5467 2071 5535 ﬁdeliter

476 5541 841 5605 exposuimus.
860 5539 1095 5593 Auctori
1119 5544 1316 5592 autem
1335 5545 1534 5593 nostro
1549 5541 1815 5596 videntur
1829 5561 1940 5596 non
1958 5563 2072 5597 map

475 5613 572 5674 gni
598 5612 869 5676 ponderis.

540 5691 557 5711 ⁸
588 5683 694 5734 Pro
741 5687 914 5732 vestra
956 5681 1170 5734 habent
1202 5681 1329 5734 libri
1361 5683 1582 5749 reliqui,
1618 5700 1787 5748 quam
1815 5687 1982 5738 eduxi
2006 5690 2069 5739 de

477 5758 621 5822 terra
651 5751 894 5822 Algypti.
921 5751 1220 5817 Hebraeus,
1246 5755 1499 5818 Grmcus,
1525 5756 1825 5822 Latinique
1844 5771 2064 5815 omnes.

477 5821 588 5874 Sed
611 5821 750 5872 etin
773 5822 1038 5874 subnexa
1065 5824 1423 5888 expositione
1445 5826 1696 5891 idipsum
1719 5828 1935 5884 indicat
1956 5835 2062 5886 abs

477 5905 541 5944 se
561 5893 774 5943 lectum
791 5893 1017 5944 Noster.
1860 5906 1865 5910 '

2193 3329 2645 3379 conversationis
2677 3329 2976 3392 aspiceret.
3020 3330 3478 3393 Dispensatorie
3501 3334 3786 3394 utiliterque

2191 3400 2514 3462 subjectum
2535 3403 2641 3459 est,
2657 3401 2810 3464 quod
2831 3398 2884 3465 5
2901 3399 2920 3466 |
2936 3399 2990 3464 8
3009 3400 3085 3450 ad
3101 3401 3398 3452 honorem
3418 3404 3724 3456 hominum.
3744 3402 3783 3452 id

2190 3477 2297 3531 est,
2327 3473 2566 3535 propbct
2585 3484 2729 3521 trum
2755 3475 2988 3528 valeret,
3014 3473 3115 3534 qui
3139 3473 3200 3524 in
3213 3475 3436 3527 eadem
3453 3476 3786 3527 videlicetna-

2189 3546 2334 3604 tura,
2363 3555 2476 3604 qua
2501 3541 2593 3592 alii
2621 3542 2832 3605 quique
2858 3543 3168 3606 sistentes;
3197 3549 3404 3598 tamen
3423 3561 3614 3610 usque
3632 3561 3694 3598 eo
3711 3562 3784 3592 mo-

2188 3626 2316 3663 rum
2363 3613 2568 3677 preciis
2605 3613 2961 3668 dill‘erebant.
3001 3621 3068 3666 ut
3098 3615 3175 3666 de
3207 3616 3330 3666 illis
3383 3623 3588 3682 posset
3627 3618 3784 3669 dicere

2188 3685 2344 3735 Deus
2371 3700 2383 3734 :
2409 3685 2518 3734 Nec
2545 3699 2747 3733 memor
2765 3700 2852 3733 ero
2869 3686 3166 3734 nominum
3184 3703 3386 3737 eorum
3403 3705 3506 3754 per
3528 3690 3671 3740 labia
3693 3704 3782 3736 mea

2190 3756 2356 3817 fl’sal.
2391 3755 2488 3818 lii.)
2513 3768 2527 3813 ;
2555 3756 2626 3807 de
2657 3756 2784 3807 istis
2809 3769 2962 3819 vero,
2981 3757 3120 3820 quia
3145 3759 3296 3810 nihil
3320 3760 3498 3813 faciet
3518 3763 3666 3827 quod
3691 3778 3783 3815 nun

2188 3827 2346 3899 prius
2379 3827 2452 3877 ad
2498 3827 2750 3890 ipsorum
2791 3829 3059 3878 notitiam
3096 3828 3421 3882 retulisset.
3472 3835 3629 3888 Sicut
3672 3852 3782 3899 em.

2187 3898 2362 3961 nulla,
2406 3899 2610 3961 inquit,
2647 3899 2944 3950 calamitas
2968 3902 3188 3952 orietur
3215 3901 3279 3953 in
3306 3903 3406 3954 his
3430 3907 3672 3960 urbibus
3691 3898 3780 3960 nisx

2187 3980 2359 4032 quam
2377 3970 2570 4020 divina
2588 3970 2874 4021 sententia
2884 3972 3292 4030 suscitarit,ita
3304 3975 3466 4026 nulla
3479 3977 3539 4028 in
3551 3995 3636 4028 vos
3647 3987 3778 4030 anim-

2184 4041 2449 4092 adversio
2484 4042 2832 4104 prmferetur,
2878 4041 2994 4092 nisi
3042 4056 3180 4107 quae
3211 4046 3380 4109 prius
3411 4048 3486 4099 ad
3517 4054 3779 4104 conscien-

2187 4111 2321 4163 tiam
2374 4114 2540 4164 fuerit
2582 4115 2800 4177 prolata
2824 4117 3184 4167 sanctorum.
3209 4119 3768 4175 Constrinxitantcm

2185 4183 2339 4246 quod
2372 4189 2565 4248 egerat
2597 4185 2812 4248 majore
2835 4186 3215 4250 compendio:
3243 4189 3368 4252 Leo,
3395 4191 3676 4256 inquiens,
3699 4211 3772 4243 ra-

2182 4258 2302 4318 giet,
2329 4259 2452 4319 quis
2477 4271 2588 4330 non
2604 4256 2851 4330 timebit?
2866 4257 3141 4307 Dominus
3165 4259 3311 4310 Deus
3335 4262 3552 4314 locutus
3573 4268 3772 4330 est,quis

2181 4342 2294 4376 non
2331 4327 2709 4401 prophetabit?
2739 4328 2920 4391 Igitur
2957 4331 3094 4393 quia
3131 4345 3313 4397 supra
3337 4327 3772 4401 indignationem

2183 4410 2350 4474 suam
2373 4399 2622 4474 imagine
2645 4401 2825 4474 leonis
2847 4410 3244 4474 expresserat,
3262 4399 3545 4472 deinceps
3561 4411 3704 4474 quod

2179 4471 2479 4545 gniﬁcarat
2507 4471 2776 4545 absolvit,
2813 4476 2888 4545 ut
2907 4471 3167 4527 diceret:
3217 4479 3317 4526 Leo
3365 4471 3652 4545 rugiet,'id
3679 4489 3772 4534 est.

2185 4543 2298 4594 Deo
2312 4542 2719 4606 comminante,
2732 4549 2790 4594 et
2802 4544 3371 4601 animadversionem
3387 4564 3524 4614 qua:
3541 4542 3775 4603 immineat

2182 4615 2526 4679 publicante,
2553 4616 2684 4678 quis
2707 4615 3042 4668 mortalium
3067 4623 3182 4682 est,
3211 4634 3391 4685 quem
3408 4637 3530 4676 non
3555 4625 3774 4677 formido

2177 4686 2497 4738 dissolvat?
2533 4687 2641 4738 Sed
2680 4687 2802 4751 jam
2845 4701 2981 4752 quae
3031 4691 3083 4741 si
3128 4693 3428 4748 minarum
3476 4699 3694 4762 species
3729 4703 3773 4749 et

2179 4769 2388 4820 pompa
2411 4770 2741 4810 cernamus.

2238 4829 2399 4880 Vers.
2427 4829 2478 4882 9.
2512 4829 2592 4883 10.
2624 4858 2683 4868 -
2706 4829 2972 4880 Auditum
2997 4832 3167 4895 facile
3190 4835 3254 4885 in
3276 4838 3640 4890 tedibusAsoti
3661 4849 3704 4889 et
3723 4842 3769 4887 in

2173 4898 2373 4948 aedibus
2411 4906 2562 4975 terrae
2604 4902 2804 4975 Egypti
2819 4908 2914 4975 λα
2937 4903 3100 4953 dicite
3129 4921 3142 4957 :
3177 4907 3608 4975 Congregamini
3630 4927 3772 4975 super

2174 4975 2378 5020 montes
2421 4972 2705 5033 Samaritae,
2731 4977 2776 5021 et
2797 4974 2974 5022 videla
3005 4977 3274 5030 insanias
3301 4972 3506 5032 inultus
3528 4986 3584 5033 in
3615 4972 3768 5032 nstitit;

2173 5059 2305 5109 ejus,
2335 5049 2382 5092 ct
2423 5044 2759 5094 calumniam
2783 5048 3047 5110 patientes
3072 5050 3136 5098 in
3162 5054 3532 5114 penetralibus
3553 5057 3688 5119 ejus.
3717 5054 3771 5102 Et

2235 5186 2256 5216 ¹³
2278 5188 2555 5262 Rescribe
2595 5189 2667 5262 ad
2701 5203 2872 5239 servos
2907 5205 3033 5239 suos
3053 5196 3374 5260 pmphetas,
3410 5199 3771 5262 quemadmo-

2172 5257 2312 5336 dum
2345 5265 2403 5310 et
2435 5259 2561 5336 libri
2583 5261 2677 5312 alii
2700 5274 2900 5313 omnes
2924 5257 3266 5326 praeterunt,
3292 5257 3466 5334 atque
3491 5272 3613 5336 ipse
3634 5272 3769 5323 intra

2170 5331 2258 5382 bis
2277 5331 2486 5405 locum
2509 5332 2666 5384 hunc
2692 5338 2956 5398 repetens
2990 5339 3216 5390 Auctor
3231 5331 3389 5405 legit.

2232 5415 2250 5436 ο
2275 5404 2720 5456 Emendavimus
2742 5406 3096 5470 concinentes,
3115 5422 3222 5474 pro
3245 5404 3364 5476 quo
3386 5415 3591 5467 vitiose
3615 5423 3766 5466 antea

2169 5477 2495 5526 continentes
2531 5476 2842 5541 legebatur.
2886 5479 3133 5532 Leviora
3166 5481 3283 5535 alia
3309 5488 3525 5540 menda
3547 5488 3761 5540 inferius

2169 5548 2541 5611 castigantur.
2815 5544 2826 5556 “

2231 5619 2252 5648 ⁸
2278 5622 2561 5685 Scriptum
2586 5633 2861 5686 perquam
2892 5623 3125 5686 vitiose,
3163 5638 3232 5678 ac
3257 5629 3420 5682 nullo
3457 5631 3574 5684 fere
3603 5642 3757 5684 sensa

2165 5700 2286 5769 erat
2303 5696 2375 5748 ad
2401 5698 2556 5749 hunc
2578 5697 2832 5769 modum,
2859 5697 3114 5749 incidant
3132 5701 3331 5751 callere
3341 5705 3550 5768 quique
3561 5704 3755 5769 justiti:

2163 5767 2538 5834 relinquentes,
2577 5768 2742 5843 nihil,
2795 5773 2899 5821 etc.
2947 5771 3068 5843 Nos
3111 5773 3310 5824 callem
3352 5767 3748 5843 rescripsimus

2161 5851 2358 5914 veram
2389 5852 2622 5914 quoque
2642 5840 3167 5914 interpunctionem
3190 5840 3582 5912 restituimus,
3605 5855 3748 5914 atque
3835 5893 3837 5910 ,

2159 5909 2401 5964 inferius
2434 5911 2703 5976 pleraque
2729 5911 2843 5965 alia
2876 5913 3175 5978 ejusmodi
3211 5920 3381 5974 taciti
3404 5909 3746 5988 castigamus.
3836 5933 3837 5940 λ
