3866 6206
102 382 208 439 069

1256 383 1332 434 ΙΝ
1364 381 1560 435 AMOS
1596 379 2177 434 COMMENTARIUS.

3229 390 3371 447 1070

97 496 377 545 tescierunt
398 493 572 557 facere
594 498 814 551 rectum,
839 493 968 544 dicit
997 493 1283 568 Dominus,
1311 492 1682 543 thesaurizan-
1705 495 1761 568 Α
1784 490 1888 557 [ΑΙ.
1909 492 2282 568 cu_m]visitare
2311 508 2503 558 cepero
2526 497 2992 558 praevaricationes
3012 500 3195 561 Israel,
3212 518 3374 568 super

97 583 137 616 ιε
162 565 515 630 iniquitatem
540 570 584 613 et
602 565 810 629 rapitas
838 565 893 634 in
920 564 1118 614 aedibus
1145 566 1275 615 suis.
1304 569 1453 614 Tenet
1488 580 1675 614 morem

98 650 244 689 ,uum
268 649 461 687 sermo
488 635 740 687 divinus:
777 641 843 687 ut
866 638 1083 700 quanta
1107 636 1442 688 difficultate
1464 637 1535 687 ad
1558 636 1682 688 vin-

97 708 392 760 licandum
404 712 716 770 moveatur,
730 707 1006 771 adsignet.
1023 708 1155 761 Ideo
1173 711 1229 759 et
1245 722 1400 759 nunc
1417 715 1674 769 postquam

102 781 307 832 chema
322 778 555 829 terroris
579 778 869 842 explicuit,
902 779 1104 843 repetit
1134 785 1191 831 et
1215 785 1483 829 retractat
1497 793 1676 840 quere-

97 866 172 915 as,
217 850 560 913 vicinosque
592 850 831 913 populos
878 850 1136 915 praecipit
1164 851 1479 913 convocari,
1505 855 1571 900 ut
1593 849 1677 900 vi-

97 925 262 983 leant,
303 922 518 985 quibus
544 920 631 971 illa
654 921 813 985 plebs
827 922 959 972 olim
978 924 1079 973 Dei
1106 922 1362 986 squalent
1388 922 1674 983 sordibus,

97 995 358 1057 uriatque
377 992 729 1043 criminibus.
748 991 1086 1057 Allophylis,
1102 993 1307 1057 inquit,
1325 996 1382 1043 et
1396 992 1673 1056 ngyptiis

97 1066 336 1116 tunciate
364 1069 431 1115 ut
454 1069 876 1127 congregemur
899 1065 1066 1127 quasi
1096 1065 1166 1116 ad
1195 1066 1588 1128 spectaculum
1613 1063 1673 1114 in

97 1140 296 1187 nontes
330 1135 623 1197 Samarias,
643 1135 699 1185 id
719 1139 825 1197 est,
844 1148 917 1187 ex
940 1148 1135 1187 eorum
1152 1145 1168 1165 ·
1208 1136 1360 1187 edito
1377 1134 1552 1187 valles
1576 1147 1674 1186 ur-

97 1219 287 1271 .esque
301 1205 706 1269 despiciant,et
718 1207 1084 1259 considerent
1096 1220 1201 1259 nec
1213 1206 1495 1271 ﬂagitium
1509 1208 1671 1254 ullum

102 1292 213 1339 sse,
235 1291 345 1329 nec
376 1278 599 1328 facinus
626 1278 779 1340 quod
809 1291 922 1329 non
960 1279 1086 1331 dico
1113 1291 1310 1331 eorum
1336 1278 1544 1329 studiis
1568 1289 1671 1341 ap-

97 1351 303 1414 .r0piet,
343 1348 449 1401 sed
484 1349 546 1399 in
575 1362 773 1401 eorum
818 1350 1007 1401 medio
1053 1349 1220 1414 quasi
1272 1350 1511 1402 fundata
1535 1348 1671 1400 sede

100 1422 362 1473 onsistat.
392 1420 448 1470 Si
473 1420 544 1471 ad
570 1433 670 1471 eos
694 1421 849 1473 enim
877 1427 1181 1474 convertas
1207 1423 1422 1484 oculos,
1451 1422 1549 1484 qui
1573 1434 1672 1485 per

98 1492 415 1544 alumniam
440 1492 853 1555 deprimuntur,
881 1498 1073 1557 portas
1096 1495 1329 1545 urbium
1355 1493 1414 1543 in
1457 1493 1670 1556 quibus

97 1564 320 1614 udicare
345 1567 781 1627 consueverant,
808 1577 873 1615 ac
902 1565 1211 1628 penetralia
1235 1567 1489 1615 conferta
1512 1576 1671 1627 repe-

98 1636 198 1697 ias,
229 1635 308 1685 ita
326 1638 396 1685 ut
419 1633 579 1684 nulla
593 1634 704 1685 alia
726 1647 837 1685 vox
862 1635 973 1685 nisi
998 1648 1462 1686 serumnosorum
1486 1635 1671 1686 videa-

98 1720 158 1756 ur
186 1704 391 1755 audiri.
409 1704 663 1755 Universi
686 1707 895 1768 quippe
908 1707 1007 1768 qui
1032 1710 1403 1769 susceperant
1419 1704 1669 1756 officium

97 1776 380 1837 udicandi,
408 1776 471 1826 in
494 1780 713 1827 tantam
746 1776 1087 1828 oblivionem
1123 1778 1280 1842 recti,
1303 1777 1391 1827 vcl
1413 1789 1514 1841 per
1535 1788 1669 1827 ava-

97 1850 284 1911 ‘iciam,
309 1847 401 1899 vel
424 1848 879 1938 perjsuperbiam
903 1848 1258 1938 deciderunt,
1284 1854 1348 1900 ut
1363 1850 1668 1938 n0n1soluin
1694 1864 1749 1938 B

98 1934 190 1971 λοι]
216 1931 431 1983 amare,
457 1919 557 1971 sed
581 1932 769 1983 neque
807 1933 981 1972 nosse
1006 1925 1122 1971 tam
1159 1921 1170 1983 Ι
1180 1922 1329 1969 Forte
1353 1920 1494 1983 jam]
1519 1922 1672 1970 recta

97 1992 394 2043 rideantur.
412 1993 590 2041 Nemo
606 2004 743 2053 ergo
761 1991 1037 2042 invidiam
1053 1991 1497 2043 severitatimeaa
1511 1993 1673 2052 faciat,

97 2064 175 2127 lui
202 2068 317 2113 tum
363 2061 594 2126 longam
627 2063 965 2126 patientiam
997 2063 1175 2114 servis
1210 2062 1676 2125 delinquentibus

98 2135 339 2198 praestiti,
360 2138 430 2185 ut
453 2134 535 2184 eis
552 2146 797 2185 censura
812 2135 1062 2186 etiamin
1085 2133 1425 2185 oblivionem
1442 2134 1675 2184 veniret.

97 2209 215 2269 Vos,
243 2206 504 2270 inquam,
522 2207 783 2257 nationes
801 2219 946 2269 quas
963 2208 1019 2257 in
1031 2206 1677 2257 istorumliberationem

97 2276 431 2341 gloriamque
445 2277 837 2337 contriveram,
851 2290 973 2337 vos,
992 2278 1251 2341 inquam,
1269 2278 1460 2328 denuo
1477 2289 1681 2327 conve-

98 2350 213 2413 nite,
238 2352 302 2399 ut
320 2348 488 2399 vobis
504 2349 645 2412 ipsis
666 2350 927 2412 testibus,
942 2353 1001 2401 et
1016 2362 1162 2400 meae
1178 2348 1555 2413 indulgentia
1573 2363 1681 2396 ma-

97 2421 333 2484 gnitudo,
360 2424 421 2470 et
446 2420 675 2471 Ellraim
701 2420 963 2485 impietas
996 2422 1317 2484 detegatur.

146 2493 298 2541 Vers.
332 2491 420 2545 11.
479 2519 537 2527 —-
581 2493 871 2557 Pr0pterea
898 2493 1003 2540 hac
1037 2493 1166 2541 dicit
1220 2492 1489 2540 Dominus
1521 2491 1680 2550 Deus,

97 2562 455 2612 Tribulabitur
492 2568 537 2612 ct
560 2564 908 2613 circumietur
941 2572 1102 2623 terra,
1141 2570 1185 2613 et
1218 2564 1529 2612 detrahetur
1550 2577 1616 2611 ea:
1641 2568 1685 2612 te

97 2634 340 2683 fortitudo
357 2640 473 2697 tua,
500 2641 546 2683 et
572 2635 906 2699 diripientur
928 2635 1061 2685 aedes
1089 2641 1204 2687 tute.
1232 2636 1415 2697 Smpe,
1443 2639 1507 2684 ut
1531 2633 1684 2684 dixi-

97 2719 235 2767 mus,
270 2705 340 2758 de
367 2706 721 2758 facinoribus
744 2706 1092 2770 ﬂagitiisque
1118 2710 1473 2768 conquestus
1489 2710 1595 2767 est,
1623 2709 1687 2756 ut

98 2778 318 2828 tandem
348 2778 535 2842 possit
564 2777 922 2841 promulgare
954 2778 1321 2841 sententiam,
1348 2781 1403 2827 et
1430 2777 1501 2827 ad
1525 2776 1687 2827 illum

97 2861 261 2910 quem
290 2848 346 2898 in
391 2849 641 2900 exordiis
674 2850 883 2901 fecerat
903 2863 1161 2912 sensum,
1199 2849 1308 2900 sub
1333 2848 1688 2912 expositione

102 2918 415 2983 respondit:
443 2923 493 2967 id
526 2927 615 2983 est,
640 2936 800 2985 super
825 2920 991 2969 tribus
1199 2919 1474 2969 sceleribus
1503 2918 1686 2981 Israel,

100 2996 140 3038 et
161 3006 315 3055 super
345 2996 585 3055 quatuor
617 3006 727 3041 non
753 2998 1057 3042 convertam
1081 3007 1219 3041 eum.
1247 2992 1391 3054 Quia
1412 3003 1546 3055 ergo
1570 2990 1691 3041 exi-

102 3062 510 3126 gentejustitia,
537 3063 732 3114 Israeli
753 3069 811 3114 et
833 3065 861 3114 ,Ι
869 3063 1002 3115 udae
1019 3068 1109 3115 est
1124 3064 1353 3116 decreta
1369 3063 1688 3124 conversio,

104 3138 198 3183 ute
224 3132 376 3201 [Αηι.
409 3132 485 3197 et]
514 3133 663 3184 laetis
690 3134 954 3186 videlicet
976 3135 1037 3185 in
1056 3135 1287 3186 tristitia
1310 3135 1688 3197 collabantur,

104 3216 200 3255 nec
213 3210 407 3255 tamen
419 3205 805 3257 internecione
820 3211 1075 3271 pereant,
1093 3206 1165 3259 ad
1178 3219 1350 3271 quem
1362 3206 1598 3257 modum
1610 3219 1693 3265 po-

105 3274 316 3339 pulator
342 3276 421 3327 sit
452 3276 785 3341 saaviturus,
809 3278 1071 3341 accipite.

160 3351 291 3398 Vere.
325 3353 405 3400 12.
421 3376 479 3384 —
494 3349 768 3407 Quomodo
792 3350 1003 3398 sieruat
1026 3354 1209 3414 pastor
1225 3349 1286 3398 de
1298 3364 1385 3397 ore
1402 3348 1568 3397 leonis
1584 3348 1691 3396 duo

105 3424 695 3484 crura,a~ute.1:tremum
721 3420 997 3481 auriculae,
1012 3421 1031 3449 δ
1053 3422 1127 3471 sic
1148 3419 1518 3483 eruentur/itii
1537 3418 1699 3467 Israel

102 3492 195 3553 qui
213 3491 463 3540 habitant
479 3492 537 3540 in
564 3492 919 3553 Samaria,in
941 3492 1110 3556 plaga
1127 3492 1319 3553 lectuli,
1338 3491 1456 3540 etin
1471 3489 1699 3553 grabba—

104 3567 149 3610 to
188 3563 462 3615 Damasci.
509 3563 652 3623 Quia
704 3564 1022 3628 corrigendi
1074 3566 1364 3628 preposito
1415 3560 1700 3613 Israelitas

104 3633 246 3684 Deus
273 3638 474 3685 noster
497 3634 823 3698 castigaret,
860 3639 924 3685 ut
945 3635 1241 3699 prOphetis
1263 3634 1517 3697 idipsum
1543 3644 1701 3683 com-

106 3706 605 3769 mendantibus,ita
621 3708 793 3756 etiam
805 3705 1303 3770 dispensationum
1315 3704 1556 3757 vocibus
1569 3706 1701 3751 indi-

102 3778 274 3829 cabat.
292 3779 437 3828 Nam
455 3790 590 3828 cum
614 3776 741 3828 illos
768 3789 991 3841 semper
1015 3790 1226 3829 exosos
1261 3777 1473 3828 faceret
1493 3774 1699 3826 dilecta

108 3849 429 3912 profanitas,
467 3854 682 3900 statum
712 3853 904 3902 tamen
928 3861 1127 3901 eorum
1153 3848 1411 3901 variabat
1427 3846 1700 3909 Omnipo—

115 3922 256 3971 tens:
277 3925 399 3972 tum
426 3918 686 3971 videlicet
711 3920 968 3971 tristibus
988 3921 1310 3984 amigendo,
1329 3924 1454 3971 tum
1478 3930 1701 3983 prospe-

114 3991 184 4041 ris
206 3992 583 4043 confovendo.
603 3994 781 4056 Syrus
810 4006 943 4056 ergo
960 3992 1060 4056 qui
1079 3996 1199 4046 erat
1212 3992 1469 4055 vicinior,
1496 3990 1554 4041 id
1589 3991 1695 4049 est,

102 4062 377 4115 habitator
400 4066 685 4125 Damasci,
706 4064 1093 4127 sicutRegum
1117 4064 1307 4128 prodit
1324 4063 1580 4124 historia,
1600 4060 1698 4111 de-

105 4145 223 4184 cem
240 4136 443 4185 Tribus
457 4135 736 4198 frequenti
749 4134 1043 4199 eruptione
1060 4135 1332 4196 vexabat;
1358 4134 1438 4185 ita
1467 4136 1533 4184 ut
1553 4144 1697 4195 quo-

102 4204 225 4255 dam
258 4210 507 4270 tempore
522 4206 593 4257 ad
609 4216 735 4257 eam
752 4205 1004 4269 inepiam
1031 4204 1327 4255 Samaritae
1351 4205 1523 4267 longa
1544 4201 1697 4253 obsi—

106 4275 264 4328 dione
288 4277 669 4341 pervenerint,
697 4281 987 4339 quatenus
1009 4281 1220 4327 matres
1238 4275 1487 4326 filiorum
1511 4273 1697 4324 carni-

106 4347 209 4398 bus
234 4353 615 4413 vescerentur,
642 4348 769 4399 etin
795 4352 912 4401 toto
928 4350 1187 4400 exercitu
1214 4349 1311 4399 vix
1336 4347 1533 4398 decem
1564 4344 1696 4408 equi

108 4422 383 4481 potuerint
396 4420 657 4471 inveniri.
677 4421 785 4471 Sed
804 4434 938 4472 cum
952 4422 1157 4472 beatus
1174 4419 1442 4470 Heliseus
1458 4419 1695 4465 mandas-

105 4493 188 4539 set;
212 4492 328 4554 regi
365 4493 578 4553 Joram,
624 4491 758 4554 quia.
784 4491 959 4543 altero
1005 4491 1097 4542 die
1133 4490 1193 4541 in
1216 4490 1395 4555 portis
1425 4487 1693 4540 Samaritae

104 4562 295 4613 uberta
326 4573 571 4613 annonae
594 4562 850 4612 maxima
878 4563 1178 4625 viseretur,
1222 4564 1369 4613 facta
1392 4565 1479 4611 est
1503 4559 1692 4610 subito

105 4636 251 4683 tanta
272 4633 534 4696 mutatio,
562 4637 625 4684 ut
649 4632 1004 4697 fugientibus
1033 4634 1133 4698 qui
1158 4633 1494 4683 obsiderant
1518 4629 1691 4693 Syris,

1777 579 1899 611 eum
1928 563 2173 627 visitabo,
2190 568 2234 612 et
2253 580 2412 628 super
2423 565 2625 616 altaria
2648 568 2827 617 Bethel
2846 584 2857 620 :
2875 575 2918 618 et
2938 563 3372 635 amputabuntur

1776 650 1987 683 cornua
2002 636 2214 695 altaris,
2240 642 2284 683 et
2306 637 2495 684 cadent
2518 638 2577 685 in
2604 644 2823 691 terram.
2849 644 3134 702 Quantum
3151 646 3222 696 ad
3237 660 3374 699 con-

1775 710 2004 758 textum
2029 706 2258 771 quidem
2278 708 2793 774 respicitlectionis,
2818 712 3083 765 hostilem
3102 719 3374 771 vastatio-

1775 790 1904 829 nem
1922 779 2221 842 promittit,
2238 783 2295 829 et
2311 779 2448 830 dicit
2464 778 2658 830 altaris
2675 794 2906 846 cornua,
2929 797 3059 847 quae
3071 789 3373 843 Jeroboam

1774 850 1835 925 i_n
1860 849 2057 925 Bethel
2080 850 2387 925 locaverat,
2423 854 2787 925 conterenda.
2831 856 2913 906 De
2942 856 3166 909 duobus
3191 862 3372 925 siqui-

1774 921 1907 973 dem
1959 920 2157 973 vitulis
2199 935 2383 973 unum
2439 922 2500 973 in
2545 923 2670 973 Dan
2715 925 2997 989 posuisse,
3038 920 3279 983 alterum
3313 935 3373 987 in

1774 993 1973 1044 Bethel
2017 994 2242 1057 legitur.
2290 996 2438 1058 Ergo
2484 1000 2573 1046 est
2615 994 2674 1044 in
2712 998 2983 1057 praesenti
3015 1000 3138 1050 loco
3165 1016 3371 1057 sensus

1773 1064 2085 1127 ejusmodi:
2113 1065 2249 1129 quia
2272 1064 2406 1116 licet
2430 1078 2549 1117 non
2564 1078 2671 1118 vos
2690 1066 2874 1117 sinam
2889 1068 3273 1126 internecione
3291 1080 3376 1127 de-

1772 1135 1893 1198 leri,
1923 1136 2025 1187 sed
2046 1143 2280 1200 paratus
2307 1149 2436 1187 sum
2456 1136 2526 1188 de
2553 1138 2886 1200 captivitate
2903 1138 3173 1204 reliquias
3196 1155 3373 1197 vestrae

1770 1208 1962 1271 gentis
1988 1208 2313 1269 extrahere,
2340 1220 2447 1259 nec
2474 1221 2579 1259 vos
2606 1208 2834 1263 vicinus
2868 1209 3072 1273 hostis,
3108 1215 3375 1270 Damasci

1772 1278 2351 1355 videlicetregnator,
2377 1281 2646 1355 absumat
2667 1294 2695 1355 ί
2716 1284 2909 1331 tamen
2933 1281 2989 1332 id
3015 1285 3169 1346 quod
3186 1289 3376 1355 agitis,

1772 1350 2014 1423 transire
2037 1352 2277 1415 impune
2298 1364 2417 1403 non
2443 1351 2638 1423 patiar.
2667 1352 2866 1403 Posset
2888 1356 3081 1406 autem
3107 1356 3217 1409 dici
3243 1350 3378 1423 quia

1772 1422 1882 1472 sub
1906 1424 2139 1474 nomine
2162 1423 2358 1485 Jacob,
2384 1425 2411 1472 J
2420 1422 2593 1473 udam
2610 1422 2894 1475 vbluisset
2910 1425 3168 1492 intelligi,
3188 1422 3376 1493 nipro-

1772 1505 1977 1544 cessus
1996 1494 2278 1545 sermonis
2296 1493 2563 1544 Israelem
2584 1495 2789 1558 magis,
2815 1495 2872 1547 id
2897 1502 3003 1559 est,
3031 1498 3227 1552 decem
3252 1504 3375 1554 Tri-

1771 1564 1881 1615 bus
1909 1565 2165 1627 signaret
2181 1568 2235 1615 et
2256 1564 2615 1628 exprimeret.
2632 1565 2712 1615 De
2736 1565 2845 1616 hac
2860 1573 3050 1619 autem
3072 1573 3371 1624 destructio-

1769 1649 1841 1687 ne
1859 1635 2073 1695 altaris,
2100 1636 2220 1688 etin
2244 1637 2468 1699 Regum
2502 1636 2662 1686 libris
2685 1636 2932 1699 legimus
2960 1656 2969 1687 :
3004 1642 3370 1706 venissejam

1769 1706 2104 1780 prophetam
2118 1707 2530 1780 adieroboam,
2550 1707 2648 1770 qui
2666 1720 2866 1759 vaccas
2884 1708 3066 1762 fuerat
3082 1714 3367 1780 fabricatus,

1773 1777 2087 1829 immolanti
2112 1778 2341 1841 quidem
2358 1779 2512 1829 istud
2536 1791 2666 1830 esse
2685 1781 2794 1830 sub
2811 1782 3254 1838 comminatione
3267 1777 3373 1849 pol-

1771 1849 2008 1901 licitum.
2028 1854 2207 1911 Quem
2224 1849 2316 1901 ille
2333 1862 2466 1900 cum
2491 1853 2725 1901 extenta
2752 1862 2930 1901 manu
2954 1854 3158 1919 corripi
3180 1872 3371 1917 praece-

1774 1920 1971 1984 pisset,
1997 1920 2312 1995 potentiam
2346 1921 2507 1995 vatis,
2539 1921 2743 1973 dextra
2772 1923 3035 1985 protinus
3060 1936 3369 1995 arescente,
3428 1953 3440 1964 -

1776 1992 2074 2055 persensit,
2093 1992 2402 2054 statimque
2428 1992 2643 2044 fractus
2660 1995 2717 2043 in
2740 2005 2955 2057 preces,
2973 2008 3147 2047 usum
3164 1992 3369 2060 quidem

1776 2075 1986 2137 manus
2010 2063 2253 2137 recepit:
2279 2064 2497 2137 Josiam
2523 2077 2658 2115 vero
2682 2069 3035 2137 exorturum,
3062 2066 3236 2137 520
3274 2073 3373 2135 qui

1779 2133 1914 2185 illud
1945 2134 2302 2197 sacrilegium
2327 2135 2717 2195 ulcisceretur,
2742 2136 2962 2188 audivit
2999 2137 3066 2198 (3.
3092 2133 3371 2205 RegT13.).

1778 2207 1929 2269 Ergo
1960 2218 2091 2267 qum
2110 2205 2280 2267 longa
2306 2209 2580 2268 tempora,
2611 2205 2703 2257 vel
2722 2208 3020 2270 castigatio
3044 2213 3258 2275 populi,
3284 2213 3375 2266 vel

1778 2278 1951 2340 longa
1963 2276 2267 2340 captivitas
2287 2276 2490 2327 ultima
2506 2277 2956 2342 comprehendit,
2976 2284 3243 2342 praesenti
3255 2288 3378 2332 vati-

1781 2349 1930 2401 cinio
1956 2349 2162 2411 pariter
2180 2348 2527 2409 indicantur,
2554 2361 2683 2412 quas
2704 2349 2949 2401 diversis
2967 2356 3103 2403 sunt
3118 2354 3377 2405 inferenda

1780 2419 2155 2483 temporibus.

1847 2492 2005 2540 Vers.
2033 2488 2118 2543 15.
2138 2518 2196 2525 —
2212 2489 2282 2539 Et
2302 2490 2623 2553 percutiam,
2639 2492 2823 2551 inquit,
2839 2491 3057 2542 domum
3086 2494 3382 2558 hyemalem

1783 2576 1905 2610 cum
1930 2560 2089 2609 domo
2120 2562 2317 2624 aestiva,
2331 2561 2638 2624 etperibunt
2655 2563 2845 2611 domus
2863 2563 3118 2626 eburneae,
3144 2572 3193 2617 et
3222 2568 3383 2617 dissi—

1782 2632 2203 2696 pabuntur-aedes
2232 2633 2427 2692 multm,
2454 2632 2583 2680 dicit
2606 2632 2891 2684 Dominus.
2924 2636 3051 2686 Non
3076 2650 3255 2689 unum
3282 2640 3385 2690 ali-

1786 2703 1940 2767 quod
1956 2704 2157 2754 vitium
2173 2703 2426 2766 profante
2443 2704 2631 2766 gentis
2644 2705 2964 2767 exagitans,
2991 2710 3247 2760 avaritiaa
3266 2726 3386 2770 quo—

1786 2788 1896 2839 que
1913 2777 1970 2825 et
1994 2774 2240 2827 luxurias
2263 2777 2493 2837 peccata
2520 2774 2822 2837 contingit,
2859 2782 3007 2835 atque
3024 2780 3138 2825 ideo
3158 2785 3388 2839 queritur

1789 2845 1943 2910 quod
1956 2845 2217 2896 diversas
2230 2844 2612 2895 habitationes
2625 2846 2685 2892 ad
2700 2845 3057 2907 voluptatem
3070 2849 3385 2899 diversorum

1788 2916 1921 2969 anni
1968 2920 2290 2979 temporum
2336 2921 2736 2978 congruentes,
2776 2916 2939 2979 quasi
2987 2918 3231 2971 luxuriae
3277 2922 3387 2973 sibi

1790 2990 2241 3040 construxerunt
2267 2988 2677 3038 instrumenta:
2702 3000 2834 3037 cum
2851 2991 3047 3039 essent
3062 2990 3241 3053 culpis
3258 2996 3386 3040 mul-

1795 3061 1830 3111 ti
1842 3059 2080 3124 plicibus
2093 3057 2352 3121 involuti,
2376 3057 2516 3108 nihil
2541 3058 2611 3109 de
2628 3058 3084 3122 compunctione,
3102 3067 3201 3113 aut
3216 3078 3388 3112 emen-

1793 3130 2019 3183 datione
2044 3129 2273 3193 penitus
2290 3130 2687 3192 cogitaverint,
2710 3128 2812 3181 sed
2829 3132 3208 3184 consectanda
3220 3137 3384 3183 solum

1792 3201 2125 3253 amoenitate
2160 3199 2452 3262 sollicitos,
2490 3200 2631 3251 alias
2666 3206 2807 3252 astes
2841 3201 3100 3266 testibus,
3126 3204 3266 3254 alias
3293 3217 3387 3268 pa-

1724 3279 1774 3355 ε
1795 3285 1953 3355 rasse
1982 3272 2316 3355 frigoribus,
2351 3270 2573 3335 hasque
2606 3271 2875 3355 vindictaa
2903 3276 3155 3355 tempore
3181 3277 3394 3339 pariter

1798 3352 2156 3417 auferendae,
2200 3351 2505 3416 variasque
2541 3352 2868 3414 molitiones
2904 3351 3099 3405 hostili
3126 3355 3393 3408 incendio

1797 3423 2243 3477 concremandas
2255 3461 2269 3474 .

2417 3522 2647 3572 CAPUT
2680 3521 2775 3572 IV.

1861 3637 2024 3687 Vers.
2072 3635 2207 3689 1.-3.
2248 3663 2307 3671 —
2344 3636 2543 3684 Audite
2574 3634 2794 3683 verbum
2818 3635 2935 3699 hoc,
2964 3650 3126 3684 vaccae
3143 3652 3392 3703 pingues,

1800 3723 1916 3772 qum
1939 3708 2057 3756 estis
2084 3708 2141 3756 in
2168 3711 2344 3756 monte
2387 3706 2654 3756 Samaria:
2676 3722 2686 3754 :
2716 3720 2832 3770 qua:
2854 3706 3192 3756 calumniam
3215 3709 3395 3771 facitis

1799 3780 1992 3844 egenis,
2015 3784 2059 3828 et
2084 3778 2432 3842 confringi/is
2464 3792 2729 3843 pauperes
2754 3792 2766 3828 :
2800 3792 2917 3841 quae
2951 3777 3128 3827 dicitis
3158 3780 3396 3829 dominis

1800 3851 2002 3913 vestris,
2036 3849 2233 3914 A/ferte
2264 3855 2308 3897 et
2352 3848 2603 3898 bibemus.
2631 3849 2853 3898 Juravit
2880 3850 3149 3899 Dominus
3173 3851 3313 3900 Deus
3336 3852 3391 3899 in

1799 3928 1981 3970 sancto
2001 3937 2117 3984 suo,
2143 3920 2277 3984 quia
2298 3935 2404 3969 ecce
2420 3921 2530 3969 dies
2546 3921 2755 3969 venient
2770 3935 2932 3984 super
2954 3936 3061 3979 vos,
3077 3927 3122 3969 et
3152 3921 3396 3971 levabant

1800 4007 1887 4041 vos
1918 3993 1979 4040 in
2007 3992 2193 4054 contis,
2233 3997 2277 4039 et
2302 3991 2562 4054 reliquias
2604 3996 2800 4039 vestras
2824 3992 2883 4039 in
2909 3991 3030 4040 ollis
3053 3992 3394 4054 ferventibus.

1798 4064 1865 4112 Et
1887 4078 1980 4127 per
1996 4068 2288 4126 aperturas
2323 4061 2539 4109 eat-ibitis
2556 4061 2726 4109 altera
2743 4067 2932 4109 contra
2944 4062 3191 4127 alteram,
3210 4070 3257 4112 et
3269 4080 3398 4127 pro-

1788 4134 2063 4198 jiciemini
2080 4133 2139 4180 in
2153 4132 2362 4181 Armon
2382 4133 2512 4180 dicit
2525 4132 2655 4180 Dom
2665 4134 2793 4179 inus
2810 4135 3173 4195 Quamquam
3185 4144 3311 4183 esset
3325 4142 3393 4182 to-

1804 4207 1917 4256 tius
1933 4203 2123 4269 gentis
2134 4203 2446 4267 prol‘anitas
2460 4202 2771 4266 arguenda,
2792 4206 2982 4253 tamen
2999 4203 3131 4266 quia
3148 4208 3201 4251 in
3220 4206 3396 4253 divites

1796 4283 1970 4340 atque
1995 4274 2298 4339 opulentos
2312 4274 2405 4337 obj
2417 4274 2771 4337 urgationem
2791 4274 3074 4337 praecipue
3095 4274 3394 4340 dirigebat,

1799 4350 1897 4413 qui
1921 4360 2037 4398 non
2063 4346 2192 4397 unis
2209 4345 2450 4409 sedibus,
2465 4346 2564 4396 sed
2582 4358 2682 4409 pro
2700 4350 2955 4409 tempore
2978 4345 3393 4397 variandiscm.

1795 4419 2017 4471 naculis
2042 4418 2357 4479 uterentur,
2384 4428 2564 4480 eaque
2589 4416 2776 4467 eboris
2802 4419 2986 4468 nitore
3013 4415 3391 4479 percolerent:

1796 4492 2002 4542 merito
2019 4490 2101 4541 eis
2122 4500 2449 4550 vaccarum,
2463 4499 2687 4550 quoque
2702 4486 3001 4551 pinguium
3016 4499 3228 4539 nomen
3243 4491 3393 4537 ascri-

1794 4564 1894 4623 bit,
1928 4564 2064 4625 quia
2085 4573 2203 4613 vox
2229 4571 2426 4611 earum
2457 4563 2579 4610 erat
2610 4559 2928 4623 mugitibus
2952 4558 3309 4622 destinanda,
3336 4566 3395 4611 et

1793 4639 1994 4685 venter
2009 4645 2205 4686 eorum
2219 4632 2392 4691 Deus,
2416 4636 2473 4682 et
2488 4630 2665 4692 gloria
2688 4630 2744 4680 in
2772 4630 3128 4693 turpitudine
3145 4633 3389 4691 ipsorum.

104 4715 209 4754 non
234 4705 420 4756 solum
453 4696 760 4757 evaderent
796 4696 1087 4768 Israelitai,
1115 4704 1490 4757 verumetiam
1519 4701 1685 4765 quasi
1702 4696 1760 4768 D
1793 4707 1987 4758 Potest
2008 4703 2337 4756 etiamillud
2365 4702 2634 4754 decenter
2654 4701 2911 4765 adjungi,
2937 4704 3002 4753 ut
3016 4705 3307 4753 nonsolum
3330 4706 3391 4753 de

108 4776 368 4841 triumphi
412 4776 602 4841 opima
635 4777 817 4842 spolia
858 4778 1214 4842 perciperent
1258 4778 1327 4839 (4.
1383 4776 1501 4838 Reg.
1550 4772 1602 4827 6.
1641 4778 1686 4821 et

103 4848 269 4911 δοίη).
296 4850 416 4899 Hoc
445 4852 639 4899 autem
664 4860 870 4911 genere
895 4850 1217 4912 frequenter
1240 4848 1322 4897 eis
1347 4847 1595 4898 salutem
1629 4848 1689 4895 et

106 4918 304 4980 gaudia
321 4918 568 4983 legimus
586 4919 913 4983 contigisse.
930 4922 1139 4971 Parens
1157 4920 1347 4982 itaque
1360 4916 1685 4968 vindicandi

106 4992 158 5039 et
180 4991 487 5041 miserendi
513 4990 675 5042 dives
717 4993 872 5042 Deus
918 4997 1134 5053 noster,
1182 4990 1512 5051 annunciat,
1552 4989 1687 5051 quia

103 5063 353 5123 quamvis
370 5075 585 5113 munus
591 5063 610 5125 j
622 5062 903 5114 udicantis
919 5063 1276 5125 assumserit,
1293 5062 1504 5122 pastoris
1524 5068 1683 5109 tamen

104 5132 341 5184 officium
356 5147 471 5185 non
501 5134 805 5198 reliquerit.
833 5137 1116 5187 Caeterum
1140 5142 1197 5187 et
1212 5137 1452 5197 grabato
1476 5134 1686 5182 Dama-

104 5203 197 5267 sci,
218 5208 382 5269 cujus
396 5208 557 5269 quasi
586 5207 819 5257 funibus
847 5207 1212 5270 febribusque
1239 5208 1598 5266 tenebantur,
1631 5206 1686 5252 et

104 5285 194 5335 per
218 5279 397 5341 ipsam
420 5278 684 5328 viciniam
704 5280 963 5329 morbum
988 5278 1393 5341 longissimum
1419 5276 1685 5339 praefere-

104 5344 250 5407 bant,
275 5348 541 5412 reliquias
560 5362 755 5399 eorum
771 5349 1101 5413 dignaretur
1116 5362 1314 5400 eruere
1338 5364 1351 5398 :
1374 5360 1439 5399 ac
1466 5348 1685 5399 sicutde

104 5415 354 5471 faucibus
377 5421 625 5484 leonum,
652 5421 707 5471 id
732 5424 836 5483 est,
855 5434 1057 5484 regum
1071 5424 1329 5472 membra
1351 5418 1560 5485 populi,
1586 5419 1685 5482 qui

103 5486 273 5541 fuerat
292 5491 577 5552 laniatus,‘
590 5505 619 5543 e
629 5492 905 5544 xtrahere.

160 5562 319 5615 Vers.
366 5563 446 5617 13.
489 5563 573 5617 14.
614 5591 673 5599 -
706 5563 918 5624 Audite,
957 5569 1003 5612 et
1031 5564 1406 5614 contestamini
1442 5565 1503 5612 in
1528 5565 1683 5613 domo

100 5630 252 5681 Jacob
269 5635 398 5684 dicit
414 5635 830 5685 DominusDeus
860 5635 1209 5687 exercituum.
1238 5636 1379 5694 Quia
1406 5635 1685 5700 indiequa

159 5784 175 5803 ·
196 5776 492 5843 Perperam
527 5777 692 5827 edicto
729 5776 1007 5842 scriptum
1039 5784 1161 5832 erat
1190 5791 1291 5845 pro
1324 5777 1481 5843 edito,
1518 5788 1685 5830 mon-

100 5844 236 5900 tium
271 5848 502 5902 scilicet.

158 5918 176 5947 ’³
201 5922 412 5976 Iterum
432 5920 634 5974 vitiose
666 5921 943 5985 scriptum
965 5925 1091 5977 erat
1123 5924 1172 5974 si
1195 5931 1499 5985 eruantur;
1531 5924 1685 5986 quod

1790 4777 1944 4828 vitiis
1968 4789 2214 4836 morum,
2235 4775 2334 4826 sed
2350 4774 2418 4826 de
2431 4786 2637 4839 genere
2659 4772 2969 4837 impietatis
2987 4772 3171 4836 ipsius
3195 4774 3385 4838 appel-

1785 4849 1885 4900 lati
1910 4861 2039 4900 esse
2063 4848 2432 4899 dicanturzut
2462 4846 2561 4909 qui
2585 4844 2855 4895 colendos
2878 4849 3208 4908 receperant
3234 4845 3385 4897 vitu-

1785 4921 1890 4982 los,
1921 4933 2226 4971 vaccarum
2249 4918 2481 4969 nomine
2504 4917 2891 4981 signarentur.
2921 4916 3170 4980 Pingues
3193 4923 3388 4970 autem

1786 4991 2403 5055 notantur,secundum
2420 4989 2556 5040 illud
2574 4989 2725 5052 quod
2744 4990 2946 5040 beatus
2959 4989 3143 5039 David
3159 5000 3379 5042 accusat:

1791 5064 2167 5127 l’rodiitquasi
2182 5077 2249 5111 ea:
2273 5062 2431 5126 adipe
2455 5061 2721 5125 iniquitas
2744 5075 2950 5120 eorum,
2967 5060 3302 5109 transierunt
3326 5064 3387 5111 in

1784 5135 2031 5199 affectum
2064 5136 2267 5184 cordis:
2304 5133 2671 5198 cogitaverunt
2703 5139 2747 5181 et
2788 5132 3022 5197 loquuiti
3042 5137 3169 5182 sunt
3188 5136 3384 5198 nequi-

1786 5210 1943 5265 tiam,
1980 5207 2329 5270 iniquitatem
2356 5207 2413 5253 in
2452 5204 2650 5255 excelso
2675 5203 3044 5269 loquuitisunt
3066 5204 3228 5267 (Psal.
3254 5204 3383 5270 72.).

1786 5281 1932 5341 Ergo
1944 5279 2211 5343 inmonte
2229 5276 2519 5333 Samaria,
2535 5278 2583 5325 id
2597 5283 2686 5335 est,
2707 5279 2760 5324 in
2774 5278 2910 5336 regia
2920 5278 3017 5324 civi
3028 5282 3120 5323 tate
3132 5278 3382 5342 sistentes,

1785 5355 1841 5401 et
1860 5350 2047 5401 aulica
2066 5348 2446 5399 familiaritate
2474 5352 2791 5411 turgentes,
2820 5348 3153 5399 atterebatis
3169 5360 3382 5413 paupe-

1784 5435 1894 5482 res,
1921 5425 1985 5471 ut
2015 5420 2084 5470 de
2107 5432 2303 5472 eorum
2330 5417 2527 5483 spoliis
2546 5419 3187 5471 instrumentaluxurise
3203 5429 3380 5473 vestrae

1786 5491 2141 5556 quaereretis.
2166 5490 2329 5551 Quod
2354 5495 2544 5542 autem
2566 5491 2671 5541 ait:
2688 5506 2803 5553 quae
2828 5492 3005 5541 dicitis
3021 5491 3260 5541 dominis
3276 5510 3383 5545 ves-

1786 5564 1905 5612 tris:
1936 5561 2120 5626 a/I‘erte
2148 5568 2194 5611 et
2217 5561 2469 5626 bibemus,
2492 5563 2575 5613 sic
2594 5562 3107 5626 accipiendumest,
3126 5567 3270 5613 utvel
3288 5569 3381 5615 do-

1786 5636 1971 5686 minos
2002 5646 2139 5685 suos
2162 5634 2288 5697 ipsa
2307 5632 2459 5685 idola
2472 5634 2854 5699 nominarent,
2873 5647 2907 5685 a
2922 5636 3135 5698 quibus
3147 5639 3381 5687 videlicet.

1783 5779 2012 5904 glebrtei
2028 5779 2225 5831 textus
2235 5775 2592 5842 aliorumque
2604 5776 2894 5842 suffragiis
2911 5778 3170 5829 codicum
3183 5791 3379 5832 emen-

1823 5863 2010 5904 amns.

1823 5863 2010 5905 amus.
