3866 6206
530 370 665 424 1071

1614 369 1880 420 RUFINO
1916 370 2373 422 PRESBYTERO
2408 372 2581 422 ASCR
2592 373 2795 425 IPTUS
3776 370 3855 424 1οἳ

529 481 675 559 serio
702 484 1065 559 precarentur
1089 480 1309 559 copiam
1340 492 1553 559 rerum,
1580 479 1796 559 quippe
1818 480 2131 542 quiomnom
2160 487 2212 559 Α
2233 486 2351 559 tem
2370 482 2617 559 valeret,
2642 483 2735 535 vel
2768 495 2868 534 eas
2901 483 3216 559 nimirum_
3238 479 3739 559 observationes.
3768 493 3853 542 Qa“:

526 551 939 603 beatitudinem
953 563 1115 602 suam
1129 552 1189 601 in
1201 550 1627 614 intempestivis
1644 553 1891 611 lautisque
1906 555 2136 600 convivis

527 622 939 674 collocassent:
958 622 1047 673 vel
1062 626 1216 673 certe
1235 624 1483 673 minores
1498 622 1715 685 quique
1738 622 1883 685 [Ληι.
1900 623 2135 686 quippe],

526 700 582 747 et
604 694 932 758 proceribus
958 694 1262 745 criminum
1299 707 1535 745 suorum
1560 706 1733 757 opera
1762 706 1822 742 se
1858 693 2133 755 locantes,

524 766 677 817 hanc
701 765 1023 816 mercedem
1047 766 1119 815 ab
1134 767 1223 815 his
1238 770 1512 829 peterent,
1528 766 1586 814 in
1600 777 1845 826 quorum
1863 770 2137 827 questum

527 850 685 900 sape
708 837 1043 899 peccabant,
1071 841 1130 886 ut
1157 839 1239 887 eis
1268 838 1480 898 potatio
1501 849 1616 886 non
1630 836 2024 890 deesset.Quid
2044 853 2137 884 au-

530 913 645 959 tem
660 920 761 971 pro
775 908 881 958 hac
894 906 1209 970 petulantia
1227 913 1658 970 consequuntur
1676 907 2132 968 ?Juravit,iuquit,

523 980 795 1029 Dominus
808 980 865 1026 in
880 984 1062 1027 sancto
1079 980 1256 1043 suo,id
1269 979 1845 1039 est,dccrevit,smtum
1862 981 2131 1037 suijudicii

523 1051 725 1103 violari
740 1051 935 1101 nescia
952 1051 1315 1113 sanctitate,q
1325 1052 1417 1101 uia
1430 1050 1948 1112 Veniet,immojam
1960 1065 2136 1110 appro.

522 1123 643 1186 piat
667 1127 899 1185 tempus
926 1135 1040 1185 quo
1067 1135 1272 1172 carnes
1290 1126 1501 1172 vestrae
1520 1122 1858 1172 leventurin
1878 1122 2136 1174 contiset

522 1192 781 1256 reliquias
796 1193 995 1244 inollis
1014 1193 1389 1244 ferventibus.
1406 1192 1727 1244 Transtulit
1743 1198 1935 1242 autem
1949 1195 2135 1241 simili-

524 1264 789 1315 tudinem
800 1277 836 1315 a
850 1263 1058 1325 vaccis,
1077 1277 1211 1327 quae
1231 1265 1678 1316 convivantibus
1691 1270 1776 1311 aut
1792 1266 2034 1325 barbaris,
2050 1280 2133 1320 aut

519 1335 799 1386 militibus
824 1339 1213 1398 apponuntur.
1235 1338 1302 1386 Et
1326 1335 1601 1399 quoniam
1625 1347 1826 1386 earum
1851 1334 2131 1385 vocabulo

518 1410 747 1457 notarat
772 1404 920 1472 521
954 1406 1220 1470 profanos
1252 1407 1533 1470 ipsorum,
1560 1416 1576 1434 ·
1603 1407 1794 1457 denuo
1819 1405 1989 1457 exilio
2004 1408 2133 1456 sub-

510 1476 794 1540 jiciendos
820 1491 920 1527 eos
946 1490 1076 1528 esse
1095 1478 1430 1528 denunciat.
1452 1479 1664 1529 Contos
1682 1489 1816 1540 ergo
1828 1476 1919 1527 hic
1941 1478 2133 1539 posuit

517 1561 617 1611 pro
645 1550 915 1611 verubus,
942 1548 1119 1611 idest,
1146 1548 1399 1612 subulis,
1422 1550 1634 1612 quibus
1648 1548 2135 1611 insertaeplerum-

515 1630 628 1682 que
654 1631 959 1670 vaccarum
983 1632 1185 1670 carnes
1220 1634 1547 1682 prunarum
1574 1632 1784 1683 vapore
1809 1624 2090 1671 torrentur
2116 1633 2128 1669 :

511 1690 784 1753 reliquias
810 1702 966 1752 vero,
982 1692 1071 1743 vel
1096 1692 1390 1763 intestina,
1405 1692 1497 1743 vel
1518 1704 1616 1741 eas
1636 1691 1830 1763 accipe
1852 1695 2128 1763 portiones,

511 1773 642 1823 qua)
667 1762 1139 1813 comminutiores
1156 1763 1215 1813 in
1227 1762 1355 1813 ollis
1379 1764 1588 1826 magis,
1619 1774 1796 1825 quam
1814 1762 1873 1812 in
1896 1763 2119 1812 subulis

510 1832 928 1895 decoquuntur.
952 1836 1020 1883 Et
1033 1834 1303 1895 quoniam
1320 1834 1544 1885 dixerat
1560 1834 1713 1896 quod
1733 1833 1913 1884 totius
1932 1837 2119 1882 hones—

512 1904 664 1965 tatis,
687 1908 741 1954 et
761 1904 979 1954 timoris
1002 1904 1367 1963 obliti,etiam
1395 1906 1571 1968 pretia
1597 1904 1905 1955 criminum
1929 1907 2123 1952 ventris

508 1976 850 2024 metirentur
876 1974 1154 2038 ingluvie,
1182 1977 1383 2026 merito
1410 1976 1683 2034 subdidit,
1711 1979 1859 2038 quod
1888 1976 2012 2039 ipse
2038 1977 2124 2027 in-

508 2045 709 2096 cendio
735 2047 1084 2108 captivitatis
1097 2047 1305 2107 invasi,
1323 2048 1754 2098 luxuriantibus
1771 2050 2005 2109 etquasi
2022 2061 2123 2099 vo-

508 2120 718 2167 raturis
744 2117 1012 2167 hostibus
1038 2121 1423 2181 exponantur.
1455 2119 1518 2167 Et
1532 2134 1626 2180 per
1651 2125 1944 2181 aperturas
1962 2118 2127 2166 mibi-

508 2187 573 2235 tis
598 2189 742 2250 [Αηί.
770 2188 1061 2252 exhibitis]
1085 2190 1253 2237 altera
1275 2197 1459 2238 contra.
1479 2190 1704 2237 alterum
1730 2190 2124 2253 etprojiciemi-

506 2258 568 2305 ni
594 2259 893 2317 inArmon,
908 2260 1036 2308 dicit
1050 2261 1333 2309 Dominus.
1352 2261 1760 2324 Superioribus
1778 2264 2009 2309 versibus
2024 2277 2100 2309 me

508 2330 1154 2394 taphoramimpleverat
1178 2346 1211 2381 a
1239 2333 1447 2388 vaccis,
1476 2332 1863 2394 convivioque
1881 2346 2118 2395 suscep-

508 2405 625 2451 tam
645 2416 657 2450 :
674 2401 733 2452 in
751 2400 952 2452 ultimo
964 2406 1161 2452 autem
1176 2402 1250 2453 ad
1268 2403 1514 2466 simplex
1529 2404 2117 2462 revertiturjudieium:

510 2472 763 2534 dicitque
788 2485 887 2523 eos
913 2473 1156 2535 diruptis
1180 2474 1494 2536 parietibus
1521 2475 1928 2538 extraliendos,
1962 2474 2117 2536 quod

506 2546 867 2594 eversionem
913 2544 1130 2594 indicat
1173 2545 1451 2595 civitatis.
1481 2546 1735 2595 Alteram
1763 2558 1895 2596 vero
1922 2550 2120 2596 contra

504 2614 761 2673 alteram,
790 2615 1112 2666 secundum
1137 2616 1355 2668 idioma
1381 2617 1729 2667 Hebraicum
1743 2616 1991 2667 invicem
2008 2617 2118 2667 sibi

506 2689 874 2737 occurrentes
910 2688 1190 2751 captivos,
1230 2692 1333 2738 aut
1363 2702 1423 2739 se
1449 2693 1649 2739 mutuo
1674 2694 2116 2750 consequentes,

505 2758 645 2818 quid
668 2758 743 2808 ad
768 2760 1057 2810 Armeniae
1082 2764 1334 2821 montes,
1361 2762 1604 2823 Assyrio
1629 2760 1915 2821 vincente,
1931 2765 2116 2811 trans-

504 2826 775 2886 ferantur,
805 2831 1071 2881 ostendit.
1102 2830 1211 2881 Sed
1242 2831 1552 2881 videamus
1580 2837 1635 2882 et
1660 2831 1898 2893 reliqua.

574 2901 732 2952 Vers.
769 2900 905 2953 4.-6.
948 2926 1009 2935 -
1052 2903 1226 2949 Venite
1264 2902 1338 2949 ad
1361 2902 1558 2961 Bethet,
1584 2908 1629 2949 et
1671 2903 1835 2965 impie
1860 2902 2017 2965 agite,
2044 2903 2116 2951 ad

507 2972 753 3035 Gatgata,
800 2978 844 3019 et
884 2970 1239 3035 multiplicate
1279 2974 1816 3035 pravaricationem;
1846 2979 1893 3020 et
1926 2973 2116 3035 afferte

509 3059 668 3092 mane
684 3043 807 3091 victi
818 3057 934 3091 mas
958 3050 1171 3102 vestras,
1190 3044 1359 3091 (ribus
1371 3044 1553 3091 diebus
1566 3044 1799 3091 decimas
1816 3050 2034 3093 vestras.
2048 3046 2116 3093 Et

504 3116 801 3177 sacriﬁcate
820 3114 883 3161 de
904 3114 1223 3175 fermentata
1242 3114 1481 3175 tandem,
1506 3121 1550 3161 et
1576 3121 1752 3163 vocale
1782 3115 2120 3163 voluntarias

505 3186 812 3244 obtationes,
840 3191 883 3233 et
908 3187 1271 3244 annuntiate;
1296 3186 1368 3233 sic
1391 3187 1539 3233 enim
1556 3186 1815 3249 voluistis,
1843 3186 1948 3249 ﬁlii
1962 3185 2123 3234 Israel

506 3256 638 3306 dicit
670 3256 936 3305 Dominus
966 3258 1123 3307 Deus.
1162 3256 1312 3307 Unde
1341 3262 1384 3305 et
1409 3272 1501 3319 ego
1529 3258 1650 3305 dedi
1676 3257 1819 3305 vobis
1842 3264 2117 3321 stuporem

504 3328 749 3376 dentium
774 3328 835 3374 in
865 3330 1069 3376 cunctis
1096 3328 1319 3375 urbibus
1344 3329 1543 3385 vestris,
1569 3334 1612 3375 et
1630 3329 1987 3391 indigentiam
2012 3344 2113 3391 pa-

507 3414 646 3447 num
670 3400 731 3446 in
754 3399 1011 3447 omnibus
1036 3399 1167 3447 locis
1192 3402 1402 3459 vestris;
1420 3404 1587 3447 etnon
1603 3400 1721 3447 estis
1746 3402 1942 3447 reversi
1955 3401 2025 3448 ad
2044 3416 2123 3450 mc

503 3470 634 3517 dicit
656 3470 943 3517 Dominus.
974 3471 1138 3519 Hanc
1164 3471 1346 3520 fuisse
1372 3471 1741 3533 praecipuam,
1761 3471 1876 3522 imo
1888 3474 2117 3524 unicam

502 3551 773 3591 caussam
788 3539 1181 3590 denunciaudi
1202 3554 1300 3603 per
1317 3541 1788 3603 prophetas,quaa
1806 3546 2115 3594 calamitates

503 3610 881 3673 peccantibus
905 3610 1296 3667 imminerent,
1326 3613 1389 3659 ut
1405 3611 1463 3659 in
1482 3611 1564 3660 eis
1582 3614 1989 3664 correctionem
2008 3615 2121 3667 for-

502 3679 659 3729 mido
670 3684 986 3740 generaret,
1008 3683 1164 3729 totus
1181 3681 1304 3741 ipse
1322 3682 1411 3743 obj
1425 3682 1742 3743 urgationis
1771 3692 1932 3732 textus
1949 3694 2122 3735 osten-

503 3749 616 3800 dit:
657 3750 754 3811 qui
780 3750 1052 3810 quoniam
1079 3751 1318 3800 consilio
1353 3751 1568 3813 judicis
1593 3753 1665 3802 ad
1694 3754 2119 3816 indulgentiam

503 3821 867 3893 promptioris
882 3833 978 3882 per
992 3820 1359 3883 delinquendi
1374 3824 1488 3885 imp
1501 3824 1793 3874 udentiam
1808 3831 2117 3893 resistebant,

503 3891 792 3955 quoddam
840 3891 986 3941 inter
1031 3894 1213 3943 Deum
1240 3898 1296 3943 et
1321 3894 1587 3945 homines
1617 3895 1928 3949 videbatur
1948 3891 2118 3951 certa;

502 3977 638 4015 men
660 3963 925 4014 existere.
947 3963 1057 4014 Sed
1083 3965 1358 4026 quoniam
1383 3979 1499 4016 non
1527 3970 1644 4017 erat
1668 3980 1838 4031 aequa
1861 3970 2117 4033 luctatio,

505 4034 616 4086 hoc
647 4033 919 4086 videlicet
936 4035 1299 4099 decernente,
1324 4036 1433 4086 illis
1448 4050 1583 4088 vero
1601 4050 1732 4100 quae
1750 4046 1911 4091 erant
1942 4049 2117 4092 acerba

515 4106 921 4167 subeuntibus,
950 4105 970 4133 ⁵
1003 4106 1151 4157 illico
1189 4107 1477 4159 interdum
1516 4122 1613 4159 eos
1664 4112 1774 4161 sub
1832 4112 2117 4167 derisione

504 4176 837 4242 compellat,
858 4178 1047 4241 ipsum
1069 4178 1152 4229 eis
1178 4179 1333 4241 quod
1350 4180 1924 4243 elegerintcertamen
1937 4200 2117 4247 expro-

504 4250 697 4301 brans.
734 4249 1245 4312 Venite,inquit,ad
1272 4252 1468 4311 Bethet,
1489 4257 1534 4299 et
1554 4253 1888 4316 impieagite.
1914 4258 1979 4306 In
2004 4260 2111 4306 im-

503 4321 762 4385 perativo
780 4319 967 4382 modo,
995 4320 1097 4371 sed
1124 4335 1223 4383 per
1250 4322 1490 4373 ironiam
1515 4327 1571 4373 et
1593 4324 2032 4377 insultationem
2049 4340 2115 4379 ea

505 4392 718 4455 quibus
743 4391 1079 4454 oil‘endatur,
1102 4394 1390 4455 enunciat,
1412 4406 1544 4456 quae
1569 4394 2112 4459 ﬁguracelebraturin

502 4461 830 4514 liberalibus
875 4475 1107 4525 quoque
1154 4463 1353 4514 literis.
1402 4466 1547 4529 Ergo
1595 4466 1891 4529 profanato
1918 4465 2116 4521 Israeli

504 4534 849 4585 insultanter
864 4536 1135 4598 objectat,
1149 4538 1212 4606 ut
1238 4536 1447 4587 studiis
1472 4550 1604 4599 quae
1623 4536 1813 4601 elegit,
1835 4541 2115 4606 immineat,

504 4611 562 4656 et
585 4606 783 4656 Bethel
807 4608 981 4666 atque
1007 4605 1221 4669 Galgal,
1256 4621 1399 4669 quas
1428 4607 1690 4659 civitates
1716 4609 1882 4661 idolis
1907 4605 2111 4672 scatere,

2236 553 2345 603 sibi
2369 554 2523 604 Deus
2544 554 2798 617 jusserat
2821 554 3112 617 exhiberi,
3133 551 3445 615 adimpia
3456 550 3709 601 delubra

2235 623 2398 686 ferre,
2425 624 2517 676 vel
2540 630 2690 676 certe
2717 626 2883 688 quasi
2901 625 3059 676 fastu
3085 631 3149 676 et
3176 624 3410 674 animo
3443 622 3778 685 corrigean

2235 695 2376 757 quid
2400 708 2473 747 ex
2504 698 2763 759 his,quae
2782 698 3015 747 fuerant
3038 698 3347 747 instituta
3378 700 3641 744 mutire.
3662 696 3853 757 Densis.

2233 765 2343 816 hoc
2389 768 2604 818 crimen
2642 770 2910 831 superba:
2950 769 3181 818 mentis
3222 778 3653 828 exaggerans,
3681 768 3751 815 ait
3775 784 3783 813 :
3808 782 3843 815 ηδ.

2234 838 2378 886 enim
2398 839 2781 902 notuistis,ﬁlii
2806 841 2991 899 Israel,
3010 842 3149 888 dicit
3178 838 3499 887 Dominus
3519 838 3676 885 Deus.
3695 842 3815 885 [δεῖς.

2235 919 2389 972 ergo,
2417 910 2622 972 inquit:
2652 911 2862 960 studiis
2891 924 3027 973 qua:
3053 911 3372 973 elegistis,
3394 913 3470 958 ut
3499 909 3847 971 stipendiari:

2234 981 2780 1044 dignacomitentur,
2810 994 3064 1044 quorum
3092 986 3375 1045 gustum
3406 992 3493 1029 ex
3525 982 3786 1043 maxime
3808 996 3831 1027 2:

2236 1060 2394 1116 parte
2427 1052 2680 1115 cepistis.
2708 1053 2854 1101 Nam
2894 1054 3018 1101 dedi
3044 1053 3203 1101 vobis
3231 1057 3553 1115 stuporem
3577 1054 3796 1098 tentias.
3820 1082 3845 1097 ,η

2233 1125 2435 1173 cunctis
2456 1123 2671 1171 urbibus
2687 1127 2888 1187 vestris,
2914 1131 2959 1171 et
2985 1124 3408 1186 indigentium
3423 1140 3647 1185 panum
3677 1126 3723 1167 έιί

2232 1195 2327 1243 bus
2353 1196 2475 1243 locis
2500 1196 2709 1254 vestris;
2733 1201 2775 1243 et
2802 1211 2911 1243 non
2941 1197 3061 1242 estis
3088 1195 3313 1242 reversi
3342 1195 3431 1241 ad
3462 1208 3570 1252 me,
3588 1194 3775 1241 dicit;
3804 1200 3849 1238 ,-

2233 1281 2354 1317 nus.
2372 1266 2504 1317 Ideo
2528 1270 2721 1316 autem
2746 1266 3137 1329 indigentiam
3167 1277 3423 1329 panum
3454 1270 3597 1331 post
3616 1270 3845 1328 stupor»;

2231 1337 2489 1388 dentium
2521 1338 2745 1399 locavit,
2775 1342 2840 1388 ut
2865 1343 3024 1388 esset
3051 1349 3294 1388 sensus
3323 1338 3675 1399 ejusmodi:
3704 1350 3845 1398 qua:

2230 1409 2578 1462 oblivionem
2605 1409 2791 1473 operis
2818 1409 2911 1459 sui
2936 1409 3300 1460 viderentur
3326 1412 3561 1458 dentes
3585 1408 3843 1461 adductis

2231 1480 2634 1532 desuevissent
2658 1481 2928 1543 incidere,
2955 1486 3059 1532 aut
3084 1480 3372 1532 emolere
3402 1481 3598 1541 cibos,
3622 1480 3842 1543 longam

2229 1553 2529 1604 intervallo
2550 1554 2821 1617 temporis
2837 1553 3161 1616 quemdam
3183 1557 3568 1617 paterentur
3588 1559 3841 1617 stuporem.

2233 1624 2443 1674 Verum
2468 1634 2601 1674 cum
2640 1630 2757 1675 tam
2781 1625 2989 1675 acerba
3014 1637 3125 1675 vos
3154 1624 3507 1686 castigatio
3534 1626 3840 1686 peremisse.

2229 1710 2341 1744 non
2365 1697 2484 1744 estis
2508 1697 2702 1744 reversi
2726 1695 2800 1743 ad
2818 1710 2920 1759 me,
2938 1696 3073 1743 dicit
3099 1696 3433 1745 Dominus.
3456 1698 3587 1757 Quo
3605 1696 3838 1745 versatis.

2218 1768 2430 1830 pariter
2452 1766 2749 1827 indicavit,
2769 1767 3071 1818 etillorum
3100 1767 3489 1817 vidr-licetin
3504 1766 3833 1829 delinquat;

2154 1863 2206 1937 Β
2228 1839 2617 1937 pertinaciam,
2645 1845 2904 1937 etfuani‘
2911 1840 2971 1888 in
2995 1837 3397 1937 consulendo
3428 1839 3838 1937 benignitatem;

2229 1911 2329 1973 qui
2354 1909 2448 1961 illa
2469 1911 2739 1961 nimirum
2767 1911 3023 1969 verbera,
3052 1923 3178 1960 non
3208 1918 3283 1960 ut
3296 1911 3569 1973 puniret,
3587 1913 3837 1961 sedatus-

2223 1981 2453 2045 rigeret,
2466 1978 2775 2033 intulisset.
2796 1983 2945 2032 liuic
2968 1987 3174 2033 autem
3188 1983 3461 2031 consilio
3480 1982 3769 2033 infeliciter
3782 1997 3841 2031 Ie-

2227 2055 2523 2115 sistentes,
2552 2053 2846 2116 quoddam
2875 2054 3027 2103 sicut
3053 2066 3245 2116 supra
3262 2053 3575 2111 diximus,
3603 2060 3835 2104 certam:

2222 2126 2469 2187 ingressi
2496 2129 2650 2187 sunt,
2676 2129 2735 2176 et
2762 2125 2892 2176 ideo
2919 2124 3061 2187 quid
3089 2125 3375 2187 adjiciat,
3400 2126 3729 2175 audiamus.

2287 2198 2449 2247 Vers.
2468 2196 2518 2249 8.
2538 2223 2594 2233 -
2613 2197 2958 2260 Ego’quoque
2977 2196 3261 2259 prohibui
3277 2212 3313 2244 α
3331 2197 3493 2244 vobis
3518 2198 3735 2244 imbrem
3752 2213 3835 2242 res.

2221 2269 2401 2317 adhuc
2427 2274 2526 2316 tres
2552 2283 2751 2316 menses
2765 2274 3121 2331 superessent,
3144 2283 3252 2331 usq
3266 2284 3335 2315 ue
3348 2268 3432 2316 ad
3448 2284 3663 2317 messem
3681 2276 3743 2317 με(
3756 2270 3835 2331 ita

2218 2355 2381 2404 super
2411 2341 2681 2389 civitatem
2704 2356 2896 2401 unam,
2919 2347 2965 2387 et
2990 2355 3161 2403 super
3188 2343 3491 2389 Civitatem
3519 2342 3739 2389 atteram

2215 2412 2339 2475 ptui
2364 2427 2376 2462 :
2413 2428 2545 2476 pars
2570 2428 2683 2461 una
2706 2413 2980 2474 comptum
3006 2419 3099 2467 est,
3128 2418 3177 2459 et
3210 2428 3358 2475 pars
3380 2428 3557 2475 super
3588 2429 3743 2476 quam
3764 2432 3831 2459 'u‘li

2219 2484 2360 2544 ptui,
2378 2485 2548 2531 aruit.
2581 2484 2649 2531 Et
2674 2489 2937 2533 venerunt
2963 2483 3085 2531 duae
3110 2489 3159 2531 et
3187 2491 3298 2531 tres
3325 2486 3587 2533 civitates
3607 2490 3673 2533 ad
3696 2488 3835 2533 eniti-

2221 2558 2321 2602 tem
2348 2563 2363 2583 °
2388 2555 2578 2614 aliam,
2616 2560 2673 2602 ut
2709 2554 2941 2603 biberent
2965 2571 3209 2618 aquam,
3231 2563 3282 2603 et
3310 2572 3433 2604 non
3461 2565 3595 2604 sunt
3618 2560 3833 2605 satiatae

2220 2641 2329 2672 non
2366 2627 2577 2673 redistis
2602 2625 2674 2674 ad
2700 2640 2801 2688 me,
2827 2625 2960 2673 dicit
2986 2626 3298 2675 Dominus.
3320 2628 3669 2677 Ostendens
3686 2641 3832 2691 supra.

2218 2697 2411 2747 subita
2423 2696 2517 2747 lue
2536 2697 2765 2759 frugum
2777 2696 3002 2761 copiam
3020 2697 3055 2747 d
3066 2699 3076 2746 i
3087 2699 3444 2761 sperisse,et
3458 2702 3584 2759 quia
3598 2704 3831 2747 emensi.

2215 2766 2374 2818 nulla
2391 2769 2749 2829 successerit,
2767 2769 3008 2819 clariora
3021 2782 3083 2818 se
3096 2770 3282 2819 etiam
3298 2770 3725 2833 indignationis
3738 2783 3833 2818 Issu-

2215 2840 2409 2889 monia
2419 2840 2755 2902 prmbuis‘se,
2770 2844 2948 2902 atque
2962 2840 3151 2902 prima
3168 2843 3576 2903 pullulatione
3591 2847 3831 2890 herbam.

2215 2920 2429 2974 negata
2466 2910 2787 2974 pluviarum
2814 2913 3078 2974 germina
3103 2913 3470 2974 suifocasse,
3507 2926 3835 2976 consequen-

2218 2988 2302 3033 ter
2327 2982 2608 3045 adjunxit,
2639 2983 2773 3044 quia
2790 2983 3064 3033 imbrium
3080 2982 3835 3047 solatianequaquamoms

2218 3054 2326 3103 bus
2344 3054 2404 3103 in
2421 3066 2725 3103 commune
2743 3053 3107 3113 subduxerit,
3124 3068 3202 3104 ne
3216 3057 3467 3105 eventui
3489 3059 3701 3119 potius,
3714 3072 3829 3117 qua:

2220 3124 2620 3187 indignationi,
2670 3124 2823 3185 quod
2860 3124 3173 3186 acciderat,
3211 3128 3610 3189 applicarent.
3663 3128 3761 3178 Sed
3787 3136 3832 3175 ut

2222 3196 2526 3255 sentiretis,
2553 3196 2739 3257 inquit
2752 3195 2971 3258 judicio
2998 3196 3121 3247 ﬁeri
3142 3196 3507 3260 siccitatem,
3535 3212 3709 3262 super
3723 3212 3832 3248 rin-

2144 3282 2190 3351 C
2225 3270 2403 3351 tatem
2431 3280 2635 3351 lunam!
2666 3266 2801 3329 plui,
2838 3271 2903 3351 et,
2932 3280 3110 3330 super
3133 3268 3449 3351 civitatem
3478 3270 3722 3349 alteram
3746 3282 3832 3319 nec

2224 3338 2361 3400 plui,
2388 3342 2450 3388 ut
2466 3337 2658 3395 simul,
2684 3350 2717 3388 o
2733 3336 2962 3401 populo,
2982 3344 3200 3401 negato
3223 3342 3324 3389 tibi
3342 3341 3583 3401 solatio,
3601 3355 3675 3392 ex
3700 3345 3830 3388 viris.

2223 3409 2564 3459 mordereris
2590 3409 2869 3471 exemplo.
2904 3410 3096 3460 Tanta
3121 3411 3304 3460 etiam
3334 3412 3449 3461 fuit
3475 3413 3684 3463 imbris
3702 3414 3833 3463 exili-

2224 3485 2329 3543 tas,
2358 3484 2420 3530 ut
2444 3494 2548 3530 nec
2579 3481 2834 3543 ipsorum
2861 3480 3021 3531 sitim
3052 3480 3341 3539 locorum,
3369 3497 3511 3545 quae
3542 3488 3831 3549 aspersissc

2222 3553 2543 3612 videbatur,
2590 3552 2859 3615 expleret.
2907 3554 3194 3603 Attamen
3233 3566 3361 3613 vos,
3402 3568 3508 3617 qui
3535 3559 3613 3605 ad
3649 3558 3833 3619 opime-

2222 3637 2356 3674 nem
2379 3624 2693 3687 pluviaa,ut
2717 3623 2970 3684 pecu-les
2997 3624 3437 3687 currebatis,ad
3470 3639 3565 3677 me
3592 3630 3829 3677 HOLlliSilS

2220 3709 2319 3758 per
2350 3696 2659 3746 voluntatis
2684 3694 3158 3745 emendationem
3184 3695 3596 3759 redire:eoque
3624 3699 3827 3751 factum.

2221 3771 2283 3816 ut
2308 3770 2363 3816 et
2390 3766 2550 3816 vobis
2578 3766 2711 3816 lixa:
2736 3766 3111 3827 calamitates,
3129 3772 3189 3816 et
3214 3767 3359 3817 mihi
3383 3768 3826 3833 dispensationis

2221 3850 2363 3889 mese
2387 3837 2924 3888 infructuosissimae
2949 3837 3356 3889 redderentur.

2281 3911 2441 3959 Vers.
2489 3909 2540 3961 9.
2587 3937 2647 3947 —
2695 3909 2937 3957 Percussi
2970 3923 3060 3956 vos
3085 3910 3151 3957 in
3174 3916 3332 3959 vento
3362 3919 3572 3972 urente,
3600 3922 3647 3963 et
3670 3917 3723 3963 in
3752 3934 3826 3965 αἰ-

2216 3982 2430 4043 rugine,
2458 3980 2859 4029 multitudinem
2873 3981 3163 4030 hortorum
3182 3989 3486 4032 vestrorum
3502 3994 3545 4033 et
3564 3988 3822 4035 vinem-ns.

2218 4059 2533 4111 vestrarum,
2559 4052 2742 4100 oliveta
2770 4058 2942 4099 vestra
2966 4058 3011 4100 et
3027 4054 3182 4111 licem
3216 4062 3384 4103 vestra
3412 4060 3821 4109 CUI)!Cdi!r:“-f:‘izl

2215 4130 2260 4171 et
2289 4139 2401 4171 non
2420 4124 2630 4171 redistis
2655 4124 2727 4170 ad
2762 4138 2859 4182 me,
2883 4124 3329 4175 dicitDominus.
3346 4129 3722 4191 lniquitalum
3738 4146 3820 4181 ve-

2216 4199 2462 4245 strarum
2488 4194 2595 4244 iste
2620 4196 2888 4244 cumulus
2916 4195 3022 4245 rite
3049 4198 3410 4261 censebitur,
3442 4201 3582 4262 quia
3609 4215 3732 4252 cum
3753 4209 3817 4253 to-

2218 4267 2365 4316 tiens
2403 4278 2631 4328 operam
2678 4266 3000 4315 severitatis
3035 4272 3455 4334 assumserim,
3479 4271 3625 4323 nihil
3648 4278 3819 4324 tamen

2213 4336 2285 4387 ad
2319 4343 2570 4387 vestram
2609 4337 3024 4387 correctionem
3055 4341 3351 4401 promovi.
3391 4344 3499 4392 Pro
3546 4345 3818 4395 beneﬁciis

2214 4419 2346 4471 ergo
2380 4407 2653 4469 quicquid
2690 4419 3091 4458 aerumnarum
3122 4409 3431 4469 hausistis,
3461 4426 3750 4476 enumera,
3772 4426 3817 4467 et

2213 4479 2489 4530 conﬁteor
2509 4491 2602 4529 me
2626 4479 2790 4541 quasi
2814 4480 3062 4530 oblitum
3088 4480 3274 4532 fuisse
3302 4484 3817 4549 benignitatismeae

2216 4549 2354 4599 dum
2373 4550 2749 4612 perniciosam
2776 4550 2942 4602 vobis
2971 4550 3359 4615 delinquendi
3384 4557 3813 4610 obstinationem

2216 4634 2482 4696 superare
2506 4620 3037 4696 conten‘do._p523
3086 4624 3228 4675 Ideo
3276 4629 3579 4689 geminare
3603 4630 3813 4696 plagas.

504 4677 682 4769 εδξξίξιιξ
694 4676 2105 4769 pfgeffgggtf8:993:39nggrzrnoplgetae.frequea-
2127 4697 2185 4769 D
2210 4676 2385 4769 imino
2410 4695 2582 4743 θῐὶιιω
2606 4676 3126 4756 ωυιιίριίᾶίᾶςῖιοη
3160 4676 3387 4764 (nstin,
3415 4676 3813 4753 ρῖᾙὸηἱὶἶιῗιῖτῌέ

505 4751 626 4839 tare
639 4748 2105 4839 inhonntif‘sina‘nt,‘pravaricationilbusaugmenta
2127 4748 2183 4789 u-
2209 4764 2438 4827 frugum
2462 4748 2807 4816 adminiculo
2830 4766 3150 4823 destitutis.
3175 4748 3812 4839 pomcﬁuinﬁﬂﬁié;

504 4821 897 4881 comportent:
937 4823 993 4868 et
1017 4819 1257 4871 otl‘erant
1283 4821 1549 4872 victimas
1564 4824 1897 4875 matutinas.
1918 4828 2103 4875 etvic-

504 4890 772 4939 timaram
785 4888 1055 4939 oblationi
1074 4890 1423 4957 deserviant,
1442 4893 1929 4958 fermentatosque
1946 4912 2102 4957 panes

500 4960 682 5024 altari,
710 4960 807 5023 qui
831 4964 917 5022 (ut
940 4961 1017 5011 ita
1041 4961 1317 5026 dicamus)
1344 4965 1661 5027 laudatorii,
1696 4968 1786 5017 vel
1802 4972 2101 5017 voluntarias

498 5033 803 5085 oblationis
828 5034 1281 5096 appellabantur,
1309 5037 1623 5099 imponant.
1640 5039 1800 5098 Quod
1818 5043 2001 5090 totum
2020 5041 2099 5091 ita

497 5103 933 5168 intelligendum
959 5107 1063 5169 est,
1089 5106 1356 5167 quoniam
1384 5110 1833 5160 ceremoniarum
1868 5112 2098 5163 ordines

497 5175 778 5239 ritusque,
824 5187 970 5238 quos
1014 5188 1087 5225 ex
1128 5188 1288 5225 sacra
1334 5175 1456 5238 lege
1505 5186 1898 5244 susceperant,
1927 5183 2094 5234 idolis

496 5250 684 5298 manci
692 5252 945 5311 passent,
965 5247 1174 5309 quippe
1190 5260 1320 5308 quas
1337 5261 1435 5309 pro
1448 5250 1564 5298 Deo
1580 5253 1907 5303 veneranda
1924 5256 2097 5303 decre—

498 5318 826 5382 verant,sed
837 5318 1070 5368 easdem
1084 5320 1516 5370 observationes
1532 5321 1861 5387 sicutimpie
1872 5326 1944 5375 ad
1964 5329 2094 5375 idola

499 5390 943 5449 transtulissent,
957 5388 1221 5439 itaetiam
1234 5388 1467 5440 licenter
1479 5391 1813 5457 plerumque
1825 5401 2093 5449 variarent.

496 5462 616 5512 Hoc
662 5460 899 5525 proinde
943 5463 1255 5533 utrumque
1286 5463 1499 5525 pariter
1523 5467 1832 5527 exprobrat
1887 5470 1943 5519 id
1984 5476 2093 5533 est,

494 5533 648 5596 quod
676 5534 764 5584 vel
789 5532 1416 5597 institutioneslegales
1442 5535 1612 5586 idolis
1637 5538 1708 5588 ad
1728 5552 1859 5601 quas
1885 5532 2097 5594 defece-

494 5607 642 5668 rant,
697 5602 871 5670 522
901 5604 1341 5668 mancipassent,
1369 5606 1458 5657 vel
1484 5620 1582 5658 eas
1606 5622 1707 5672 pro
1733 5624 1839 5662 suo
1863 5615 2095 5666 arbitrio

494 5677 904 5739 corrupissent:
921 5687 1172 5737 quorum
1183 5680 1497 5742 utrumque
1508 5679 1582 5730 ad
1593 5682 1855 5734 eamdem
1873 5687 2096 5746 impieta-

557 5850 574 5868 ·
598 5842 838 5891 Videtur
853 5842 1059 5894 deesse
1082 5846 1244 5909 ritus,
1273 5853 1373 5899 aut
1388 5849 1526 5910 quid
1544 5853 1747 5904 simile.

556 5911 577 5938 δ
600 5913 750 5972 Lege
763 5911 957 5963 malim
973 5913 1169 5963 idcirco
1182 5931 1197 5963 :
1211 5929 1346 5968 mox
1358 5919 1533 5981 ipsum
1547 5934 1647 5985 pro
1662 5924 1840 5987 ipsam
1852 5928 2089 5989 legimus.

2204 4835 2342 4886 latia
2363 4836 2779 4900 hortorumque
2808 4837 3065 4888 subduxi
3093 4855 3105 4888 :
3129 4846 3193 4891 ut
3220 4844 3377 4894 sicut
3402 4835 3575 4906 longa
3590 4835 3805 4898 siccitas

2204 4918 2366 4981 spem
2409 4908 2641 4981 messis,
2670 4909 2749 4958 ita
2773 4909 2945 4981 etiam
2979 4912 3273 4977 autumni,
3303 4921 3366 4966 et
3388 4918 3616 4981 hyemis
3655 4921 3805 4969 bona.

2202 4979 2294 5028 vel
2317 4992 2458 5031 aura
2482 4979 2771 5042 pestilens,
2800 4981 2889 5030 vel
2906 4980 3186 5045 frequens
3207 4997 3386 5038 eruca
3412 4979 3774 5042 consumeret
3797 5008 3807 5038 :

2201 5056 2246 5098 et
2272 5064 2379 5099 non
2411 5053 2623 5101 redislis
2647 5052 2719 5101 ad
2742 5067 2839 5114 me,
2866 5053 2995 5101 dicit
3026 5054 3326 5109 Dominus.

2263 5123 2418 5199 Vers.
2452 5124 2535 5199 ili.
2553 5154 2615 5199 j—
2637 5127 2762 5174 Misi
2785 5127 2858 5174 ad
2882 5143 2969 5175 vos
2993 5136 3227 5178 mortem
3253 5132 3315 5179 in
3342 5134 3427 5181 via
3447 5133 3805 5199 .i‘gyptﬁper—

2197 5196 2334 5241 cussi
2373 5195 2432 5241 in
2461 5197 2643 5257 gladio
2667 5198 2885 5260 juvenes
2921 5205 3135 5262 vestros,
3162 5218 3339 5265 usque
3360 5206 3436 5253 ad
3459 5195 3801 5269 capiundos;

2197 5278 2461 5326 equorum
2486 5275 2781 5316 vestrorum
2808 5286 2818 5318 :
2845 5275 2888 5317 et
2913 5272 3199 5320 ascendere
3223 5274 3332 5335 feci
3354 5278 3693 5339 putredmcm
3712 5295 3809 5326 ws-

2197 5340 2407 5384 trorum
2438 5346 2731 5388 vestrorum
2756 5341 2816 5389 in
2840 5357 3001 5389 nares
3030 5350 3236 5393 vestras
3266 5363 3276 5393 :
3306 5352 3353 5395 et
3380 5364 3493 5397 non
3517 5351 3721 5397 redisti:
3746 5352 3806 5396 oi

2193 5422 2276 5480 ine
2297 5408 2424 5457 dicit
2456 5411 2738 5462 Dominus.
2757 5412 2915 5473 Quod
2945 5415 3181 5480 .Egypti
3198 5424 3801 5472 commemorationem

2193 5478 2406 5555 intulit,
2434 5480 2736 5546 dupliciter
2761 5483 3000 5547 intelligi
3030 5478 3245 5549 potest.
3279 5491 3429 5541 Nam
3459 5506 3593 5543 cum
3618 5493 3703 5543 ille
3722 5504 3805 5555 po-

2193 5551 2383 5614 pulus,
2411 5555 2510 5614 qui
2538 5560 2939 5606 sexcentorum
2966 5556 3215 5609 millium
3247 5560 3434 5615 fuisse
3454 5551 3798 5615 narrxlurfab

2193 5622 2361 5693 annis
2385 5623 2592 5686 viginti
2615 5631 2672 5676 et
2688 5639 2876 5689 supra,
2905 5633 3072 5678 extra
3096 5632 3383 5693 Josue,et
3399 5638 3568 5687 Caleb
3596 5637 3652 5686 in
3681 5634 3796 5684 sole

2193 5691 2393 5744 tudine
2421 5693 2660 5748 docetur
2683 5698 2991 5760 extinctus,
3010 5702 3222 5753 merito
3248 5704 3348 5757 hic
3363 5708 3522 5759 Deus
3542 5706 3791 5771 iﬁgyptizr

2255 5864 2273 5882 ⁶
2302 5855 2454 5907 Libri
2493 5858 2605 5934 alii,
2639 5860 2711 5909 ad
2731 5860 2997 5910 civitatem
3025 5878 3228 5917 unam.
3260 5870 3556 5925 Hebmus
3586 5879 3779 5934 quodut:

2192 5937 2332 5989 nm:
2373 5916 2624 5992 vir-5s.
