3866 6206
474 370 610 427 1075
1544 376 1631 427 RU
1639 376 1806 427 FINO
1838 373 2084 427 PRESBY

2205 372 2299 425 ΒΟ
2334 372 2713 425 ASCRIPTUS
3118 378 3127 384 ‘
3692 366 3810 421 1076

477 484 794 560 paenitendi
840 486 901 536 in
946 487 1151 560 vestris
1184 488 1475 560 mentibus
1505 487 1771 560 excitato,
1810 485 1902 537 vel
1940 496 2067 536 sera
2091 484 2432 560 Astudium
2477 482 2813 560 pmnitentis
2861 486 3260 560 assumtouet
3319 480 3402 560 de
3453 479 3810 560 correctione

471 555 795 607 emendetio
824 569 949 607 reos
976 559 1277 610 subtrahat
1296 559 1516 611 ultioni.
1539 558 1698 620 Quod
1726 570 1862 609 sane
1884 569 2067 608 reme-
2091 548 2153 560 ’⁸
2173 561 2428 619 actuum,
2444 548 2491 606 si
2519 556 2606 606 vis
2631 555 3126 620 vivere,cogitato.
3162 548 3440 616 Require
3466 563 3569 602 me
3588 551 3809 612 proinde.

474 626 633 677 dium
660 626 928 689 quoniam
942 630 1228 680 obstinata
1242 632 1516 694 pravitate
1540 633 1880 692 corrumpitis,
1896 644 2067 677 vocem
2169 639 2345 689 quem
2380 626 2705 690 profanitati
2744 626 3003 677 serviens
3048 625 3356 689 reliquisti
3392 638 3407 672 :
3447 622 3699 684 require
3736 635 3808 671 me

473 703 688 749 nostrae
711 698 1135 752 lamentationis
1150 704 1594 767 accipite,cu1us
1612 715 1836 765 semper
1851 701 2071 751 monita
2167 697 2421 760 inquam,
2447 696 2687 748 inveniri
2726 698 3011 760 paratum,
3035 702 3096 748 et
3120 696 3222 748 ubi
3247 695 3532 767 primum
3559 704 3808 767 (ἶυξεῖθτε

474 771 742 831 repuistis
764 785 776 820 :
798 784 1016 835 vocem,
1048 764 1302 837 inquam,
1331 764 1440 837 qua
1463 788 1729 837 suprema
1750 764 1943 823 vestra
1956 788 2073 832 pro-
2169 770 2429 831 coeperis,
2454 769 2785 819 obviantem
2810 770 3144 820 inveniens:
3165 768 3313 830 quia
3339 765 3553 837 omnis
3572 764 3677 825 qui
3691 768 3809 823 past:
3864 764 3866 803 ἕ

475 842 785 902 sequimur.
816 842 1012 891 Cecidit
1056 836 1257 905 cecidit,
1294 836 1406 894 non
1452 846 1669 907 adjiciet
1713 850 1769 891 ut
1794 848 2061 903 resurgat.
2168 842 2438 904 accipiet:
2467 841 2566 905 qui
2590 842 2799 904 quairit
2824 837 2996 907 527
3030 836 3812 911 inveniet,pulsantia_psrir;.
3848 900 3853 911 Ι

484 912 641 975 Virgo
674 912 839 961 [smel
860 914 1093 976 projecta
1130 924 1199 964 est
1228 918 1289 965 in
1313 923 1513 965 terram
1536 930 1712 972 suam,
1739 930 1851 962 non
1879 921 1949 963 est
1974 914 2070 977 qui
2171 917 2261 962 tur
2307 914 2512 973 (Matth.
2550 912 2640 974 7.).
2688 912 2815 963 Noli
2862 911 3176 976 sacrilegiis
3215 910 3346 961 tuis
3383 907 3809 977 dissimulatio-

472 984 679 1031 suscitet
708 998 847 1035 eam.
874 985 938 1034 Id
964 991 1052 1035 est
1078 987 1171 1037 illa
1197 1001 1339 1051 gens
1366 988 1435 1038 de
1465 988 1615 1039 clara
1640 985 1866 1038 Israelis
1894 976 2070 1048 stirpe
2135 1041 2138 1044 ,
2166 994 2302 1034 nem
2335 988 2551 1035 nostra:
2575 983 2915 1047 quaestionis
2936 983 3281 1046 adjungere,
3310 993 3391 1031 ne
3410 978 3715 1030 horridior
3736 976 3811 1025 de-

475 1052 851 1117 descendens,
872 1061 927 1107 et
956 1070 1086 1120 quae
1112 1060 1270 1121 virgo
1293 1060 1561 1123 appellari
1584 1058 1671 1111 vel
1688 1060 1819 1108 ante
1845 1069 2069 1107 merue-
2169 1053 2380 1117 tegaris
2410 1055 2599 1106 oblata
2617 1055 2870 1106 remedia
2891 1054 3266 1119 negligendo,
3283 1064 3506 1123 quam,
3535 1061 3679 1123 quae
3704 1061 3807 1112 pro-

476 1124 567 1186 rit,
614 1124 704 1175 vel
747 1127 996 1178 sueverit
1029 1129 1253 1193 (quippe
1278 1121 1453 1194 cujus
1488 1130 1841 1194 pudicitiam,
1879 1127 2071 1191 quain
2169 1126 2425 1187 mulgata
2455 1125 2699 1187 fuerant,
2734 1130 3019 1190 prascepta
3046 1124 3430 1177 temerando.
3465 1121 3711 1194 Quaerite
3725 1135 3807 1175 mc.

475 1196 823 1247 consortium
842 1197 1026 1250 fuerat
1052 1201 1257 1264 proprii
1286 1193 1521 1253 reCtoris
1545 1201 1741 1264 ascita,
1761 1199 2070 1263 profanitas
2170 1203 2215 1247 et
2238 1198 2437 1260 vinetis,
2478 1198 2662 1250 Nolite
2686 1211 2945 1261 quaerere
2968 1197 3169 1249 Bethel
3194 1202 3252 1247 et
3281 1193 3549 1259 Galgala
3563 1196 3628 1244 et
3655 1196 3808 1241 Bersa.

477 1267 632 1318 nulla
658 1268 960 1319 violasset:
988 1272 1077 1322 vel
1103 1272 1274 1335 cujus
1290 1273 1615 1326 felicitatem
1641 1270 2073 1323 continuainte—
2171 1270 2295 1321 bee:
2336 1268 2431 1321 hm
2454 1273 2654 1321 autem
2674 1270 2849 1320 urbes
2874 1268 3026 1320 sicut
3058 1271 3291 1331 Regum
3314 1265 3533 1330 prodit
3560 1265 3806 1315 historia.

477 1338 683 1399 gritate
716 1340 1041 1403 pollentem,
1068 1344 1367 1406 captivitas
1400 1344 1558 1396 nulla
1585 1342 1979 1407 corripuisset)
2007 1354 2074 1393 ea
2173 1344 2231 1392 et
2252 1340 2468 1403 vitulis,
2493 1353 2642 1405 quos
2664 1341 2967 1393 Jeroboam
2995 1340 3223 1399 fecerat,
3266 1343 3331 1389 et
3372 1337 3641 1400 reliquis
3663 1340 3808 1387 erant

477 1419 631 1458 nunc
656 1411 2075 1480 proculcatuivincentisexposita,probrasimulet
2170 1411 2338 1463 idolis
2402 1413 2745 1476 mancipata:
2798 1412 2867 1477 (3.
2926 1413 3048 1475 Reg.
3092 1409 3226 1473 12.).
3277 1408 3643 1461 Denunciat
3688 1418 3805 1480 ergo

1544 376 1806 428 RUFINO
1838 372 2299 427 PRESBYTERO
2334 372 2713 425 ASCRIPTUS

481 1485 764 1531 tormenta
786 1484 1117 1548 perpetitur.
1148 1488 1261 1538 Nec
1285 1492 1526 1550 usurpat
1548 1486 1780 1549 aliquod
1811 1486 1881 1536 de
1914 1497 2073 1536 amo-

479 1551 661 1602 venda
704 1553 1028 1607 calamitate
1062 1557 1357 1619 solzttium;
1398 1564 1674 1611 caeterum
1711 1559 1771 1610 in
1796 1562 1943 1610 terra
1970 1570 2075 1609 sua.

479 1623 638 1674 velut
653 1624 857 1677 mulier
878 1627 1291 1691 pollutionibus
1308 1632 1569 1695 subjecta
1589 1634 1844 1693 decubuit,
1863 1636 1909 1679 et
1926 1632 2072 1679 mise-

478 1695 576 1775 riis
610 1694 1065 1775 deprimentibus
1097 1702 1170 1754 ad
1217 1694 1482 1767 sepulcra
1517 1703 1796 1768 pervenit,
1838 1714 1947 1753 nec
1986 1705 2074 1752 est

478 1768 758 1829 quiopem
784 1768 926 1822 ferre
946 1772 1152 1836 valeat,
1169 1778 1227 1825 et
1251 1774 1547 1827 sublevare
1570 1775 1876 1839 dejectam,
1904 1785 2077 1837 quam

2173 1482 2483 1535 consulens
2510 1484 2808 1547 Dominus,
2827 1482 2999 1534 utilla
3015 1494 3150 1545 quas
3174 1478 3805 1542 abominabiliaprefa-

2171 1555 2321 1607 nitas
2345 1554 2709 1617 reddidisset,
2729 1554 2959 1618 frequen
2970 1559 3088 1605 tare
3112 1553 3577 1609 desinerent,ne
3595 1562 3729 1601 cum
3752 1554 3808 1596 eis

2170 1626 2381 1692 pariter
2402 1629 2613 1689 quippe
2633 1626 2803 1690 [Forte
2834 1624 3072 1689 quique]
3095 1623 3425 1674 destinatis
3439 1622 3634 1674 exitio
3659 1623 3808 1681 dispe-

2173 1698 2366 1749 rirent.
2394 1698 2644 1759 Quwrite
2667 1710 2803 1761 ergo
2830 1698 3164 1759 Dominum,
3193 1695 3340 1758 quia
3354 1707 3486 1745 non
3512 1695 3655 1745 vult
3674 1705 3806 1744 mor-

2176 1773 2295 1821 tem
2319 1769 2646 1827 morientis;
2675 1775 2733 1821 et
2752 1773 3083 1832 quaerentes
3105 1766 3487 1818 revertimini
3502 1765 3584 1816 ad
3598 1777 3749 1823 eum,
3771 1779 3805 1811 ετ.

480 1849 725 1927 ερέῗέτρ.
764 1842 1174 1927 omnipotentis
1217 1846 1451 1898 attrivit.
1490 1848 1577 1899 Ab
1618 1836 1713 1898 illo
1750 1860 1883 1909 ergo
1909 1836 2080 1897 versu
2103 1841 2413 1927 B'vivetis,
2439 1853 2512 1892 ne
2534 1840 3106 1927 incipiatisnimmisso
3132 1838 3717 1927 tectispro‘fanorum
3737 1836 3809 1886 in-

683 1910 740 1961 in
766 1925 880 1975 quo
914 1916 1010 1977 ait,
1040 1917 1303 1966 Formans
1318 1924 1537 1977 montes,
1563 1924 1607 1967 et
1632 1906 2077 1974 creanti—ventum,

484 1982 738 2054 usquein
756 1990 1101 2047 prmsentem
1119 1988 1327 2052 locum,
1354 2003 1427 2041 ex
1452 2003 1696 2054 persona
1722 1989 1938 2040 dictum
1965 2000 2089 2053 pr0'

480 2051 671 2125 phetaa
698 2055 875 2119 accipi
903 2062 1091 2120 potest
1116 2059 1186 2108 de
1210 2061 1311 2111 Dei
1330 2051 1591 2112 videlicet
1613 2061 1871 2125 potentia
1893 2051 2085 2110 disse-

484 2124 683 2174 rentis.
705 2126 865 2186 Quod
879 2133 1068 2179 autem
1084 2129 1219 2181 dicit
1236 2131 1318 2182 ita
1340 2131 1398 2182 in
1425 2124 1631 2183 terrain
1654 2144 1821 2182 suam
1845 2132 2083 2180 cecidisse

486 2195 772 2266 Israelem,
813 2203 879 2248 ut
910 2201 1138 2262 penitus
1173 2214 1286 2251 non
1316 2208 1607 2266 resurgat:
1636 2216 1769 2253 cum
1793 2208 1850 2253 et
1877 2214 2082 2265 prince-

489 2265 692 2316 dentes
717 2272 772 2318 et
788 2276 1093 2331 sequentes
1108 2274 1411 2325 sententia:
1427 2275 1829 2325 solvendarum
1854 2275 2086 2333 quando~

484 2349 595 2399 que
640 2338 997 2391 miseriarum
1030 2343 1230 2393 solatia
1260 2344 1676 2407 repromittant,
1712 2349 1767 2395 et
1804 2345 1860 2394 in
1884 2343 2085 2406 ipsius,

482 2407 994 2461 animadversionis
1010 2416 1118 2463 tem
1129 2416 1733 2476 poreimminutionem
1744 2418 1901 2474 magis
1914 2416 2086 2475 populi

486 2492 659 2541 quam
677 2480 1120 2534 internecionem
1134 2486 1440 2549 minentur,
1457 2489 1539 2537 Ita
1551 2487 1829 2537 debemus
1843 2488 2083 2548 accipere,

487 2550 640 2611 quod
656 2550 1005 2615 vellugentis
1022 2555 1228 2607 affectu
1245 2559 1597 2609 cumulatius
1614 2558 1928 2609 mstimavit
1948 2559 2085 2603 illata

487 2621 1056 2687 discriminazsicque
1084 2626 1343 2678 funditus
1367 2629 1682 2692 appellasse
1697 2630 1932 2687 deletos,
1959 2642 2085 2687 QUOS

487 2705 557 2743 ex
582 2695 797 2754 majore
822 2695 1040 2747 videret
1064 2703 1222 2761 parte
1238 2700 1511 2751 contritos
1532 2719 1544 2758 ς
1563 2701 1647 2750 vel
1666 2706 1816 2750 certe
1831 2700 1887 2749 in
1914 2714 2084 2747 eorum

486 2766 766 2827 personis,
803 2778 947 2828 quos
976 2769 1273 2832 captivitas
1296 2772 1654 2833 absumebat,
1694 2771 1773 2821 ire
1806 2782 2041 2834 pessum
2072 2784 2083 2819 :

490 2847 678 2897 neque
713 2848 748 2886 a
791 2840 1060 2902 quopiam
1094 2846 1327 2904 gentem
1366 2842 1589 2893 Israelis
1627 2842 1891 2892 suscitari
1915 2852 2085 2904 posse

492 2906 825 2969 signaverit.

552 2978 711 3028 Vers.
749 2978 799 3032 3.
834 3008 893 3016 —
917 2982 1058 3039 Quia
1092 2982 1197 3031 haec
1222 2983 1351 3032 dicit
1371 2985 1638 3034 Dominus
1668 2985 1825 3045 Deus,
1855 2982 1984 3032 Urbs
2027 2982 2087 3033 de

492 3062 600 3111 qua
642 3051 1049 3112 egrediebantur
1070 3054 1231 3113 mille,
1254 3055 1631 3120 relinquentur
1664 3057 1725 3103 in
1749 3072 1810 3104 ea
1835 3062 2045 3104 centum
2074 3070 2083 3101 :

490 3125 534 3168 et
559 3120 620 3168 dc
643 3135 754 3182 qua
777 3124 1185 3185 egrediebantur
1208 3128 1895 3191 centum.relinquenturin
1913 3142 1975 3176 ea
1998 3127 2088 3175 de-

489 3206 597 3240 cem
610 3193 669 3240 in
684 3194 840 3243 domo
852 3196 1211 3248 Israelis.N0n
1225 3201 1415 3250 subito
1428 3201 1576 3263 capti
1586 3201 1774 3251 vitatis
1786 3202 2013 3248 miserias
2026 3202 2089 3247 ir-

2185 1912 2388 1964 cendio
2411 1912 2778 1965 concremari.
2806 1912 2913 1963 Sed
2940 1911 3252 1964 videamus
3278 1915 3337 1962 et
3361 1910 3625 1972 reliqua.

2246 1986 2408 2035 Vers.
2441 1983 2492 2037 7.
2530 1982 2581 2037 8.
2629 2012 2687 2020 —
2713 1984 2817 2042 Qui
2841 1984 3148 2033 convcrtitis
3176 1983 3241 2031 in
3269 1979 3807 2042 absynthiumjudi-

2184 2055 2347 2115 cium,
2386 2061 2431 2103 et
2459 2055 2735 2118 jus/ilium
2779 2056 2838 2103 in
2867 2060 3013 2103 terra
3032 2054 3378 2118 relinquitis.
3399 2051 3808 2102 Ράεἰεηλεπιιιβ

2184 2133 2398 2176 cturum
2414 2133 2458 2176 et
2483 2127 2752 2184 Orionem,
2776 2131 2821 2175 et
2845 2130 3242 2175 convertentem
3274 2126 3337 2173 in
3368 2140 3543 2173 mane
3566 2122 3806 2175 tenebrvn.

2184 2204 2228 2247 et
2253 2199 2393 2247 diem
2420 2199 2479 2247 in
2504 2204 2709 2247 noctem
2734 2203 3035 2247 mutantem
3053 2211 3066 2247 :
3082 2199 3183 2261 qui
3206 2202 3365 2246 vocat
3390 2210 3579 2259 aqua:
3590 2198 3805 2241 mansa

2185 2268 2417 2333 effundit
2441 2284 2527 2318 eas
2550 2284 2708 2334 super
2726 2269 2923 2331 faciem
2947 2275 3120 2332 terrae,
3151 2269 3438 2317 Dominus
3462 2282 3667 2317 nomen
3691 2268 3792 2328 ejus

2187 2342 2399 2392 Eodem
2425 2354 2539 2404 quo
2562 2353 2751 2405 supra,
2778 2339 2995 2404 ordine,
3021 2345 3091 2391 ut
3120 2340 3459 2403 potentiam
3481 2338 3705 2402 iudicis
3724 2349 3807 2386 e1-

2185 2413 2437 2477 plicaret,
2464 2412 2619 2474 quod
2644 2411 2795 2463 idem
2812 2414 2967 2463 esset
2990 2416 3242 2475 creator,
3268 2411 3805 2473 admonuit,propo-

2188 2488 2480 2546 situmque
2501 2485 2645 2545 ejus,
2674 2482 2772 2545 qui
2797 2486 3084 2546 quantum
3109 2486 3174 2533 in
3204 2496 3269 2534 se
3294 2487 3407 2542 est,
3435 2482 3673 2533 cunctis
3697 2492 3805 2530 con-

2188 2555 2404 2604 sultum
2437 2552 2623 2611 vellet,
2652 2552 2965 2604 ostendens
2999 2553 3241 2616 (quippe
3270 2554 3491 2614 quibus
3528 2550 3804 2603 existemii

2185 2637 2451 2675 caussam
2478 2623 2653 2675 solam
2673 2624 2799 2687 ejus
2824 2623 3051 2674 bonitas
3079 2625 3487 2688 praestitisset)
3505 2623 3655 2673 dicit
3672 2638 3686 2672 :
3702 2626 3801 2681 quis

2180 2696 2464 2760 judicium
2512 2696 2657 2759 ejus.
2703 2695 2857 2758 quod
2889 2694 3058 2746 dulce
3083 2702 3252 2747 esset
3276 2695 3559 2755 innoxiis,
3586 2695 3687 2744 isti
3712 2694 3801 2741 sui

2183 2768 2365 2818 instar
2386 2766 2678 2830 absyntbii
2713 2767 3151 2818 amarissimum
3199 2766 3626 2817 reddidissent.
3675 2767 3802 2828 Ergo

2185 2840 2336 2901 quod
2361 2838 2458 2894 ait,
2484 2838 2588 2896 Qui
2610 2838 2913 2886 convertitis
2938 2838 2999 2885 in
3029 2838 3401 2901 absynthium
3414 2838 3719 2901 judicium,
3736 2851 3797 2882 ve.

2182 2910 2262 2961 ita
2289 2908 2567 2959 debemus
2590 2909 2863 2971 accipere,
2909 2913 2975 2959 ut
3016 2908 3287 2960 divinum
3311 2909 3633 2973 judicium,
3668 2906 3801 2970 quod

2185 2980 2293 3030 sibi
2318 2980 2534 3031 meritis
2560 2979 2679 3030 suis
2704 2980 2822 3029 fieri
2847 2979 3145 3031 exitiabile
3170 2980 3804 3043 compuleruntcnuvez.

2186 3052 2326 3102 tisse
2363 3063 2462 3102 eos
2492 3050 2549 3101 in
2580 3050 3043 3114 amaritudinem,
3070 3055 3519 3113 conqueratur:
3544 3049 3645 3100 vel
3668 3056 3804 3100 certe

2187 3123 2377 3187 ipsum
2392 3123 2661 3173 humanm
2678 3122 2916 3173 rationis
2928 3134 3183 3173 examen
3198 3123 3259 3173 in
3276 3121 3737 3173 amaritudinem
3750 3122 3809 3167 di—

2187 3198 2280 3245 cat
2302 3194 2479 3245 fuisse
2504 3198 2833 3257 corruptum
2864 3207 2876 3243 :
2916 3194 3212 3245 culturam
3238 3193 3521 3245 videlicet
3548 3194 3807 3242 idolorum.

492 3264 696 3340 ruisse,
717 3266 817 3340 sed
832 3268 1025 3319 multis
1041 3270 1395 3333 temporibus
1410 3262 1539 3321 cum
1551 3272 2084 3330 expectaturemendu—
2119 3265 2168 3340 ί]
2194 3266 2370 3340 sacris
2408 3277 2554 3340 quos
2573 3277 2676 3340 per
2700 3266 3203 3340 Moysem_accepe_:
3218 3271 3349 3340 ant,
3373 3264 3596 3316 ritibus
3620 3262 3809 3340 praete

492 3334 590 3397 tio,
631 3337 974 3401 castigatum
1019 3340 1198 3392 fuisse
1243 3341 1541 3405 populum,
1585 3344 1806 3405 Regum
1835 3342 2087 3392 declarat

490 3406 747 3471 historia,
778 3413 950 3472 atque
973 3410 1099 3463 ideo
1128 3424 1227 3475 per
1250 3414 1556 3476 prophetas
1590 3415 1748 3464 varia
1779 3426 1910 3464 eum
1934 3415 2089 3465 Deus

494 3480 688 3529 noster
712 3492 853 3531 voce
877 3484 1197 3546 compellat,
1218 3487 1341 3534 tum
1359 3484 1760 3535 denunciando
1778 3485 2089 3549 perniciem

492 3560 738 3611 eamque
759 3550 936 3601 fixam
961 3566 1087 3603 esse
1111 3554 1373 3617 dicendo,
1402 3560 1521 3605 tum
1546 3558 1898 3619 prospera,si
1916 3571 2091 3604 emen-

492 3619 733 3681 daverit,
780 3620 1116 3683 pollicendo.
1167 3625 1334 3675 Haud
1382 3626 1575 3687 itaque
1608 3628 1773 3688 quasi
1816 3628 1874 3677 in
1908 3639 2091 3678 unum

498 3694 723 3752 tempus
750 3698 1065 3755 coarctans,
1092 3693 1341 3757 aliquam
1368 3696 1427 3745 in
1451 3695 1620 3747 dictis
1644 3710 1773 3748 esse
1797 3700 2091 3758 discrepan-

494 3760 629 3811 tiam
668 3761 978 3824 suspiceris
1016 3777 1029 3813 :
1063 3764 1164 3814 sed
1191 3764 1439 3827 prolatas
1464 3769 1777 3820 sententias
1798 3769 2091 3833 perlonga

494 3834 768 3894 tempora,
789 3844 971 3895 caque
995 3840 1316 3899 opportuna
1339 3836 1707 3899 distribuens,
1733 3853 2090 3902 consequen-

494 3902 634 3952 tiam
660 3914 825 3953 suam
838 3906 1106 3958 omnibus
1130 3911 1394 3961 constare
1418 3911 1662 3975 reperies
1689 3925 1701 3961 :
1728 3923 1795 3963 ac
1813 3913 2091 3974 paulatim

494 3975 887 4047 crescentibus
920 3977 1104 4037 malis,
1130 3991 1376 4043 regnum
1400 3983 1617 4046 profani
1638 3984 1830 4047 populi
1855 3984 2089 4035 commi-

492 4046 718 4119 nutum,
735 4046 915 4119 donec
931 4048 1003 4099 ad
1022 4049 1239 4103 ultima:
1264 4054 1611 4116 captivitatis
1628 4046 1865 4106 exitium
1886 4069 2088 4119 perve-

491 4117 659 4191 niret.
686 4120 747 4169 In
770 4118 883 4170 illis
913 4121 1146 4184 proinde
1172 4125 1593 4189 urbibusalque
1606 4117 1957 4191 regionibus,
1974 4143 2089 4188 quae

490 4188 679 4240 adhuc
706 4192 872 4253 quasi
900 4197 1088 4245 stante
1113 4198 1429 4260 metrOpoli,
1448 4188 1634 4258 idest,
1664 4188 2088 4262 Samariaﬂras-

497 4262 784 4334 tabantur,
803 4264 993 4326 gentis
1019 4265 1456 4321 decimationem
1482 4270 1686 4322 factam
1702 4270 2087 4334 intelligamus

493 4336 557 4383 ut
600 4333 889 4386 nobilibus
910 4336 1330 4391 intereuntibus
1371 4342 1648 4405 partibus,
1676 4354 1809 4405 quae
1833 4333 1954 4394 erat
1986 4355 2088 4393 ex-

496 4408 677 4455 trema
699 4414 1074 4469 permaneret.
1103 4412 1243 4472 Quae
1266 4414 1538 4475 quoniam
1566 4414 1638 4464 ad
1662 4414 1771 4466 hoc
1795 4415 1951 4465 illata
1974 4415 2092 4466 fue-

490 4480 578 4549 rat
613 4476 935 4537 decimatio.
974 4484 1036 4532 ut
1061 4481 1211 4533 sicut
1234 4482 1375 4535 alios
1399 4484 1557 4549 justo
1587 4486 1759 4536 dabat
1788 4486 1981 4543 exitio,
2006 4485 2087 4536 ita

487 4547 636 4621 alios
679 4551 1034 4613 pereuntium
1081 4547 1413 4607 emendaret
1436 4558 1697 4621 exemplo
1725 4576 1737 4608 :
1762 4557 2084 4610 exhortatio

489 4619 757 4672 continuo
781 4623 961 4686 ipsius
985 4624 1299 4688 judicantis
1333 4630 1606 4680 insonuit.

548 4693 710 4766 Vers.
734 4693 867 4748 4.-6.
898 4723 958 4732 -
990 4697 1129 4755 Quia
1155 4699 1259 4749 hac
1271 4701 1396 4750 dicit
1412 4702 1675 4751 Dominus
1687 4702 1874 4765 domui
1892 4701 2078 4766 Israel,

489 4763 713 4838 Quaerite
756 4779 855 4838 me,
894 4771 941 4816 et
970 4770 1167 4820 vivetis.
1186 4771 1254 4822 Et
1282 4772 1444 4822 nolite
1469 4789 1699 4838 quaerere
1721 4763 1916 4832 Bel/iet,
1952 4778 1997 4821 et
2021 4763 2079 4821 in

491 4833 719 4915 Galgata
746 4837 908 4915 nolite
936 4839 1159 4901 intrare,
1193 4849 1239 4891 et
1272 4844 1332 4892 in
1356 4833 1605 4894 Bersabee
1631 4861 1735 4894 non
1764 4845 2080 4905 transibitis,

488 4906 624 4981 quia
664 4906 900 4981 _Galgata
933 4912 1147 4976 captiva
1179 4914 1420 4977 ducetur,
1454 4922 1500 4965 et
1525 4918 1703 4966 Betltel
1727 4920 1827 4966 erit
1848 4918 2081 4981 inutilis,

494 4975 720 5053 Quaerite
748 4975 1065 5053 Dominum,
1103 4990 1150 5034 et
1184 4987 1358 5043 vivite.
1385 4975 1449 5036 ne
1471 4990 1626 5052 [Ant.
1655 4989 1765 5053 nch
1792 4991 1927 5052 forte
1948 4975 2084 5038 com;-

485 5048 760 5125 burantur
776 5060 793 5081 ⁸
817 5052 936 5116 igni
961 5055 1155 5105 domus
1177 5057 1394 5121 Joseph,
1410 5065 1456 5108 et
1472 5048 1765 5125 devorabit,
1791 5048 1837 5110 et
1857 5076 1969 5109 non
1982 5062 2082 5111 erit

485 5122 581 5195 qui
601 5122 909 5187 exstinguat
932 5126 1128 5179 Bethel.
1156 5130 1298 5189 Quia
1319 5128 1396 5193 id,
1422 5130 1625 5195 inquit,
1643 5122 1792 5194 quod
1822 5144 1856 5183 a
1878 5132 2003 5194 lege
2026 5138 2083 5185 et

486 5194 693 5257 pietate
713 5196 995 5249 debueras
1019 5198 1255 5261 discere,
1280 5212 1313 5249 ο
1344 5205 1405 5251 tu
1428 5194 1620 5260 Israel,
1645 5207 1708 5254 ut
1729 5204 1826 5253 uni
1851 5207 2083 5253 videlicet

488 5264 681 5317 factori
720 5271 820 5318 tuo
864 5269 1151 5320 continua
1187 5270 1506 5322 devotionis
1529 5273 1853 5325 adhaereres
1878 5275 2081 5337 ofﬁcio,

487 5337 587 5413 qui
611 5343 667 5413 te
680 5341 737 5390 et
748 5338 1027 5413 propitius
1045 5340 1292 5413 beatum,
1307 5344 1362 5413 et
1376 5342 1556 5395 iratus
1573 5344 1959 5396 miserrimum
1978 5349 2088 5395 red-

485 5408 660 5469 deret,
707 5422 865 5462 saava
895 5408 1131 5463 demum
1153 5411 1402 5477 pericula
1423 5414 1742 5468 docuerunt
1768 5431 1781 5468 :
1819 5417 1907 5468 vel
1930 5430 2085 5468 nunc

491 5551 844 5663 ῐαλίξῖθξὲβὲιέη
865 5552 995 5605 libri
1037 5556 1210 5619 atque
1255 5556 1571 5610 Hebraicus
1614 5558 1738 5623 ipse
1783 5563 1981 5611 textus
2026 5566 2085 5610 ut

481 5624 501 5666 i
538 5636 573 5669 η
590 5624 625 5669 's
825 5627 865 5675 π.

503 5624 835 5745 ρδῑνίᾶζεζῗιῗν
855 5697 961 5747 abs
982 5696 1330 5763 Hieronymo
1355 5702 1660 5763 accepisse,
1680 5702 1776 5754 ubi
1800 5701 1898 5762 ait,
1924 5701 2083 5764 Sym-

482 5763 728 5826 machus,
753 5764 989 5839 absolute
1017 5768 1231 5831 stellas,
1278 5770 1560 5821 Theodotio
1599 5763 1979 5839 interpretatus
2012 5778 2085 5823 est

499 5841 801 5910 vcsperum
827 5836 1383 5910 ειζςὸςξευεῄαιιιετη,
1426 5844 1522 5905 qui
1568 5858 1663 5895 nos
1698 5836 1759 5894 in
1792 5844 2088 5910 Scripturis

492 5900 698 5949 sanctis
714 5904 963 5966 erudivit,
989 5904 1198 5973 Chazil,
1212 5900 1559 5975 interpretari
1578 5920 1734 5979 putat
1754 5900 2090 5983 splendorem,

2193 3337 2388 3389 rendo.
2416 3336 2682 3399 Sequitur
2704 3340 2913 3400 autem,
2932 3336 2998 3385 Et
3000 3336 3286 3400 justitiam
3304 3336 3365 3384 in
3391 3342 3545 3385 ter-ra
3561 3336 3811 3400 relinqui-

2189 3408 2255 3457 tis
2276 3423 2288 3459 :
2316 3408 2472 3471 quod
2487 3407 2562 3459 ad
2584 3407 2768 3469 ipsius
2789 3407 3094 3459 electionis
3104 3408 3342 3473 culpam
3354 3420 3639 3460 revocare
3656 3421 3811 3468 pm

2187 3492 2339 3543 mus,
2366 3491 2498 3542 quas
2523 3478 2817 3543 judicandi
2840 3491 3131 3541 normam,
3148 3480 3324 3543 quasi
3347 3479 3581 3542 aliquid
3608 3476 3811 3542 procul-

2189 3551 2369 3603 cabile
2393 3551 2736 3615 reliquisset,
2764 3550 2875 3602 nisi
2892 3552 3177 3614 subjectis
3196 3552 3477 3603 versibus
3490 3550 3811 3614 quidjusti-

2188 3625 2327 3675 tiam
2354 3626 2641 3685 vocasset,
2673 3622 3017 3673 ostenderet.
3042 3624 3140 3675 Ait
3166 3623 3345 3685 enim,
3370 3623 3695 3673 Facientem
3721 3624 3812 3671 Ar-

2187 3701 2403 3743 cturum
2449 3699 2494 3742 et
2542 3693 2813 3757 Orionem,
2844 3699 3236 3743 convertentem
3274 3695 3335 3742 in
3364 3709 3534 3742 mane
3560 3692 3807 3743 tenebras.

2187 3766 2483 3818 Justitiam
2505 3776 2641 3829 ergo
2666 3763 2967 3828 appellavit
2990 3765 3187 3825 ipsum
3209 3767 3401 3817 Deum
3428 3765 3809 3827 nostrumqui

2188 3839 2413 3901 merito,
2437 3841 2496 3888 et
2515 3836 2701 3888 virtus
2724 3841 2781 3888 et
2819 3836 3103 3900 sapientia
3134 3837 3479 3888 nominatur
3511 3837 3593 3897 (1.
3624 3837 3746 3888 Cor.
3770 3836 3807 3888 i.

2188 3910 2294 3971 24.)
2323 3925 2334 3959 :
2362 3920 2611 3971 eumque
2640 3919 2675 3958 a
2699 3906 2948 3971 profanis
2970 3920 3101 3959 esse
3119 3908 3417 3966 relictum,
3444 3908 3502 3958 id
3520 3912 3649 3969 est,
3671 3919 3811 3973 spre»

2189 3986 2330 4043 tum,
2371 3983 2745 4043 conquestus,
2791 3991 2966 4042 opera
2996 3979 3148 4042 ejus,
3175 3979 3398 4042 quibus
3422 3979 3699 4030 mundus
3718 3992 3810 4043 gu-

2187 4054 2479 4113 bernatur,
2528 4055 2826 4103 enumerat
2856 4066 2869 4101 :
2904 4052 2970 4102 ut
2993 4051 3228 4102 illorum
3264 4051 3547 4103 nimirum
3581 4050 3807 4103 crimina

2186 4123 2460 4188 cumulet,
2487 4124 2586 4186 qui
2616 4127 2794 4174 tanta:
2816 4123 3138 4185 majestatis
3151 4124 3343 4175 Deum
3366 4136 3489 4174 non
3514 4123 3807 4175 timuerint

2183 4209 2467 4261 asperare.
2494 4194 2655 4255 Quod
2683 4198 2878 4245 autem
2891 4198 3184 4246 astrorum
3203 4207 3273 4247 ea
3289 4194 3587 4247 vocabula
3600 4195 3798 4255 intulit,

2187 4281 2320 4331 qua:
2344 4280 2378 4318 a
2392 4265 2711 4319 Gentilibus
2735 4264 3004 4317 videntur
3027 4266 3308 4329 imposita
3323 4267 3710 4331 (quamquam
3724 4266 3805 4317 alii

2184 4342 2531 4402 Interpretes
2555 4338 2745 4389 solum
2771 4336 2989 4388 sidera”
3014 4336 3291 4400 dixerint)
3312 4350 3637 4401 possemus
3652 4353 3807 4387 conse-

2185 4414 2426 4474 quenter
2448 4410 2719 4471 accipere,
2746 4407 2881 4470 quia
2897 4407 3081 4459 obviis
3102 4409 3406 4461 vocabulis
3425 4409 3498 4459 ad
3519 4411 3809 4458 distinctio-

2185 4495 2317 4534 nem
2332 4486 2413 4532 asl
2427 4493 2634 4542 rarum,
2653 4491 2769 4530 non
2784 4479 2854 4529 ad
2874 4480 3379 4532 confirmationem
3400 4480 3741 4533 fabularum
3753 4486 3808 4529 sit

2185 4566 2332 4606 usus
2357 4552 2631 4616 propheta
2655 4566 2667 4600 :
2697 4550 3019 4602 secundum
3049 4550 3197 4603 illud
3222 4551 3377 4616 quod
3408 4554 3469 4604 et
3490 4553 3807 4616 Apostolus

2105 4632 2161 4705 D
2186 4628 2488 4705 poetarum.
2508 4621 2824 4705 sententias
2833 4634 3217 4705 nequaquam
3233 4623 3708 4705 est‘dedignatus
3729 4636 3811 4676 as-

2189 4709 2413 4749 sumere
2436 4696 2569 4757 (Act.
2594 4693 2715 4751 17.).
2743 4693 3075 4745 Notandum
3098 4696 3278 4747 etiam
3308 4694 3469 4757 illud,
3488 4696 3661 4758 quod
3686 4708 3805 4747 cum

2183 4768 2627 4831 descriptionem
2642 4766 2909 4817 eetherese
2918 4766 3352 4819 informationis
3367 4768 3543 4818 vellet
3555 4771 3806 4829 ampla-Li.

2182 4845 2473 4891 astrorum
2496 4836 2794 4889 vocabulis
2818 4841 3070 4900 quatuor
3100 4837 3321 4901 plagas,
3337 4850 3476 4900 quae
3498 4839 3694 4891 etiam
3712 4841 3807 4891 Gii-

2185 4915 2340 4962 mata
2366 4914 2663 4967 vocantur,
2691 4908 3043 4971 expresserit
3067 4924 3080 4959 :
3109 4908 3167 4959 id
3185 4915 3296 4971 est,
3317 4912 3572 4962 Arcturo
3586 4915 3809 4972 Septem-

2186 4981 2448 5042 trionem,
2475 4980 2683 5032 Orione
2705 4991 2839 5031 vero
2865 4979 3214 5042 Australem,
3241 4992 3375 5043 qum
3399 4983 3490 5031 est
3515 4994 3551 5031 e
3585 4986 3809 5043 regione.

2184 5052 2544 5103 constituens
2578 5068 2588 5098 :
2624 5050 2733 5101 diei
2753 5054 2945 5102 autem
2972 5055 3031 5102 et
3054 5052 3249 5103 noctis
3274 5051 3811 5111 vicissitudine,or-

2184 5129 2307 5175 tum
2331 5122 2496 5186 Solis,
2514 5120 2690 5188 528
2716 5133 3107 5185 occasumque
3124 5122 3807 5187 signando.Ubipulchre

2184 5193 2500 5258 potentiam
2522 5194 2740 5257 opificis
2765 5192 3102 5256 admiratus,
3119 5195 3393 5245 tenebras
3411 5195 3579 5258 ipsas
3598 5196 3681 5246 ait
3696 5208 3802 5243 eum

2185 5266 2240 5316 in
2276 5278 2445 5317 mane
2469 5270 2800 5317 convertere
2824 5280 2838 5313 :
2866 5264 2946 5314 ita
2965 5264 3124 5315 enim
3152 5265 3299 5316 Solis
3321 5264 3536 5329 globus
3565 5278 3705 5318 cum
3720 5278 3806 5316 er-

2184 5336 2479 5400 plicaverit
2500 5347 2689 5399 gyros,
2705 5335 2998 5399 repentino
3027 5340 3215 5388 terras
3239 5336 3549 5401 splendore
3572 5338 3803 5400 profuno

2184 5407 2285 5467 dit,
2311 5410 2379 5458 ut
2406 5406 2673 5460 inventas
2702 5406 2964 5458 tenebras
2979 5419 3100 5458 non
3114 5408 3428 5472 pepulisse,
3442 5413 3735 5460 caterum
3748 5409 3799 5458 in

2184 5565 2229 5608 et
2251 5558 2561 5623 signiﬁcare
2579 5558 2897 5623 generaliter
2911 5562 3070 5611 astra
3086 5559 3392 5624 fulgentia.
3418 5563 3489 5612 Et
3500 5560 3680 5624 paulo
3690 5569 3793 5626 μυεῖ

2186 5629 2401 5680 Hebraea
2424 5632 2669 5694 nomina,
2698 5645 2815 5693 quae
2836 5630 2987 5694 apud
3014 5645 3100 5680 eos
3128 5632 3291 5681 aliter
3313 5632 3689 5697 appellantur,
3713 5645 3793 5679 τεο-

2182 5702 2384 5752 cabulis
2407 5701 2720 5766 fabularum
2744 5701 3039 5752 Gentilium
3063 5703 3130 5753 in
3153 5703 3411 5767 linguam
3431 5709 3681 5754 nostram
3700 5717 3790 5751 esst

2184 5773 2470 5838 translata,
2506 5774 2602 5839 qui
2625 5788 2739 5823 non
2762 5787 3054 5839 possumus
3076 5774 3386 5839 intelligere
3410 5777 3562 5841 quod
3584 5777 3785 5826 dicitur.

2187 5846 2298 5895 nisi
2346 5860 2443 5911 per
2484 5861 2547 5895 ea
2593 5845 2866 5908 vocabula,
2896 5860 3017 5911 qua
3056 5861 3163 5897 usu
3202 5848 3522 5910 didicimus,
3563 5856 3611 5899 et
3631 5862 3788 5899 om"

2184 5915 2468 5968 combibim
2476 5932 2553 5972 ue.
