3866 6206
44 297 221 352 1077

1310 292 1386 343 IN
1418 289 1616 343 AMOS
1643 289 2227 344 COMMENTARIUS.

3275 289 3417 347 1078

43 410 288 461 lucem
328 415 603 462 mutasse
624 409 905 461 videatur.
943 407 1045 467 Qui
1084 408 1234 478 vocat,
1251 417 1426 468 aquas
1460 402 1651 478 maris,
1678 407 1724 451 et
1744 404 1800 478 Α
1818 407 2019 454 essent
2041 402 2295 478 pestiferi
2324 404 2493 478 sociis
2514 407 2569 457 et
2591 406 2833 470 civibus,
2860 403 3414 478 quamipsipomino

43 482 340 544 effundit
366 496 460 530 eas
481 496 643 545 super
663 480 855 542 faciem
886 486 1052 540 terrae,
1079 476 1343 527 Dominus
1366 489 1562 524 nomen
1585 474 1714 537 ejus.

44 552 557 615 Elegantissime
582 558 637 602 et
668 550 1050 604 scientissime
1066 560 1196 600 cum
1217 548 1287 598 de
1305 545 1716 598 elementorum

44 624 450 688 loqueretur
473 622 781 684 ofticiis,ad
806 622 1074 673 creatoris
1097 619 1511 670 institutionem
1536 622 1594 669 et
1608 631 1717 681 gu-

52 695 511 746 bernationem
539 694 975 758 pertinentibus,
989 704 1121 743 eum
1138 689 1370 752 quidem
1385 688 1532 740 dixit
1545 691 1717 737 omnia

52 768 304 825 facere,
336 767 516 829 cujus
545 767 813 817 nimirum
839 764 1093 827 polentia
1117 767 1172 813 et
1198 761 1466 813 formavit
1481 761 1716 810 eosdem

54 839 345 889 ordines
380 842 671 901 ettuetur:
694 838 862 900 cujus
882 839 1073 886 tamen
1091 834 1376 898 praecipue
1390 831 1594 883 sideris
1619 834 1717 879 mi-

60 911 352 960 nisterio
379 909 454 960 ad
479 910 756 960 creandas
782 908 971 969 fruges
996 912 1271 961 uteretur,
1305 905 1560 957 ostendit
1585 921 1595 952 :
1628 904 1715 954 ni-

60 982 327 1031 mirum
352 981 522 1041 Solis,
546 981 643 1043 qui
665 980 927 1030 discessu
944 978 1175 1041 quidem
1200 976 1718 1036 noctem,nobisre—

58 1065 316 1114 gressu
345 1054 502 1103 diem
526 1058 765 1116 pararet.
808 1054 952 1113 Ergo
977 1049 1249 1113 quoniam
1274 1048 1715 1112 descriptionem

54 1125 467 1175 naturalium
485 1137 672 1175 sermo
699 1124 1033 1186 contigerat,
1060 1120 1315 1173 subdidit
1339 1121 1530 1182 etiam,
1561 1120 1716 1181 quod

55 1196 174 1246 vel
197 1194 529 1247 exhalatus
550 1195 621 1245 de
640 1197 801 1245 terris
818 1195 1044 1253 humor,
1068 1192 1159 1243 vel
1182 1193 1446 1242 assumta
1469 1190 1540 1241 de
1561 1193 1716 1239 mari-

55 1268 175 1317 nis
206 1267 448 1317 ﬂuenta
466 1266 805 1330 gurgitibus,
818 1265 890 1316 ad
909 1276 1158 1328 superna
1179 1262 1382 1314 eodem
1399 1274 1607 1325 vapore
1624 1274 1716 1313 ra-

62 1342 407 1401 perentur,
420 1351 482 1388 ac
501 1338 692 1389 denuo
718 1348 1004 1401 suspensa
1028 1336 1099 1386 de
1116 1334 1386 1396 nubibus,
1404 1345 1537 1396 quae
1552 1333 1632 1383 ire
1643 1332 1714 1382 ad

66 1422 343 1461 summa
371 1410 498 1461 cmli
532 1411 656 1474 ipso
666 1411 785 1471 jam
802 1409 1053 1473 pondere
1071 1419 1186 1458 non
1199 1406 1469 1467 valerent,
1494 1420 1713 1453 amaram

70 1481 466 1533 salsedinem
494 1480 880 1531 transfusione
904 1480 1272 1542 deponerent,
1297 1480 1355 1529 et
1376 1476 1457 1527 ita
1480 1475 1716 1526 demum

73 1554 268 1603 terris
297 1553 635 1604 sitientibus
662 1552 1036 1603 redderentur
1064 1566 1075 1601 :
1100 1550 1297 1612 sicque
1321 1547 1716 1608 alendisfrugi-

74 1626 209 1675 bus
265 1625 566 1689 permixta
611 1624 1045 1686 contrariorum,
1066 1621 1323 1673 humoris
1349 1619 1626 1682 videlicet,
1659 1623 1717 1670 et

74 1697 368 1761 vaporis,
394 1697 628 1748 ubertas
652 1695 992 1747 admiranda
1015 1694 1398 1756 contingeret:
1426 1691 1579 1754 quod
1606 1690 1718 1742 uti-

77 1780 214 1832 que
266 1771 456 1819 tantse
506 1767 922 1832 magnitudinis
947 1765 1242 1830 negotium
1286 1764 1568 1827 explicem
1599 1775 1719 1812 non

74 1844 324 1903 posset,
362 1840 473 1890 nisi
526 1839 618 1890 ille
664 1842 763 1903 qui
811 1840 971 1890 solus
1010 1837 1414 1888 universorum
1440 1833 1719 1885 Dominus

75 1913 223 1974 jure
250 1911 566 1962 creationis
582 1910 929 1962 ostenditur.
950 1908 1057 1960 Sed
1087 1907 1385 1958 videamus
1408 1910 1466 1958 et
1482 1905 1714 1968 reliqua.

158 1983 336 2032 Vers.
366 1980 418 2036 9.
443 2009 506 2018 —
534 1984 638 2041 Qui
660 1982 895 2031 subridet
921 1982 1215 2031 vastitatem
1238 1994 1399 2043 super
1418 1976 1715 2030 robustum,

80 2060 132 2101 et
162 2054 651 2118 depopulationem
676 2070 836 2119 super
862 2058 1131 2119 potentem
1154 2052 1333 2115 affert.
1362 2051 1461 2102 Cui
1484 2050 1714 2114 negotio

81 2129 406 2188 pararetur
457 2126 730 2187 potentiae
773 2124 1077 2189 praemissa
1127 2122 1461 2186 descriptio,
1516 2134 1714 2172 conse-

82 2199 356 2257 quenter
374 2196 617 2259 aperuit,
642 2196 700 2247 id
727 2200 836 2259 est,
861 2194 1237 2247 utmetumin
1252 2192 1614 2244 audientium
1627 2206 1715 2257 pe-

82 2267 362 2319 ctoribus
376 2268 673 2332 excitaret,
689 2274 748 2319 et
762 2268 1142 2332 intelligerent
1153 2279 1306 2330 quan
1315 2270 1405 2317 tus
1419 2266 1619 2317 calami
1630 2270 1713 2317 ta-

87 2344 227 2388 tum
241 2350 422 2402 agger
444 2339 803 2403 impenderet
820 2340 930 2401 his,
947 2340 1158 2402 quibus
1176 2341 1353 2389 tantae
1368 2340 1622 2398 potestatis
1634 2341 1713 2398 ju-

85 2410 212 2461 dex
236 2415 397 2463 esset
419 2410 703 2462 infensus.
727 2411 849 2473 Ille,
866 2411 1075 2473 inquit,
1093 2411 1186 2473 qui
1205 2414 1295 2461 est
1310 2408 1710 2460 universorum

87 2486 350 2545 creator,
380 2483 588 2535 merita
622 2494 871 2547 quasque
902 2482 1085 2545 pergit
1110 2492 1468 2545 expungere:
1494 2484 1551 2530 et
1580 2480 1711 2531 licet

88 2554 330 2604 viribus
364 2555 490 2617 ejus
514 2568 685 2606 nemo
715 2555 897 2617 possit
927 2554 1221 2615 obsistere,
1251 2554 1440 2602 tamen
1463 2564 1707 2603 reorum.

89 2624 203 2686 qui
230 2623 344 2674 sibi
366 2624 715 2676 videbantur
729 2638 855 2676 esse
872 2630 1153 2690 potentes,
1167 2627 1455 2674 tormenta
1465 2624 1709 2679 subridet,

90 2707 255 2758 quos
281 2707 350 2745 ea
363 2696 629 2748 videlicet
651 2696 915 2749 facilitate
937 2695 1711 2759 comminuet,utindignatio—

92 2778 241 2817 nem
269 2778 439 2816 suam
470 2768 791 2818 subrisione
814 2768 1007 2831 potius
1031 2766 1449 2829 indicet,quam
1473 2767 1707 2814 clamore.

97 2837 341 2898 Quidni,
366 2851 497 2889 cum
518 2841 641 2901 ejus
664 2842 831 2891 nutui
855 2840 1129 2891 universa
1154 2837 1518 2899 famulentur,
1536 2842 1594 2888 et
1608 2850 1709 2901 pro

95 2908 445 2961 diversitate
463 2911 799 2963 meritorum
817 2911 967 2962 dicto
980 2910 1465 2969 obaudientia,tam
1479 2912 1705 2970 adversa,

99 2992 291 3046 quam
306 2994 573 3047 prospera
588 2986 1048 3047 consequantur?
1072 2983 1338 3035 Subridet
1353 2995 1487 3046 ergo
1501 2985 1707 3031 vastita-

102 3057 231 3104 tem
257 3066 428 3117 super
450 3066 568 3117 eos,
594 3056 692 3118 qui
718 3055 824 3106 sibi
852 3056 1191 3106 videbantur
1212 3057 1495 3118 potentes,
1524 3067 1589 3105 ac
1624 3054 1712 3105 di-

98 3137 240 3175 cere
278 3124 539 3176 solebant
565 3141 576 3176 :
609 3127 881 3189 Linguam
910 3133 1155 3176 nostram
1192 3125 1665 3189 magniﬁcabimus
1691 3139 1707 3176 :

100 3196 257 3244 labia
284 3202 465 3245 nostra
493 3213 527 3246 a
561 3198 712 3247 nobis
742 3204 867 3247 sunt
896 3218 909 3247 :
937 3199 1058 3262 quis
1083 3204 1260 3247 noster
1282 3200 1421 3247 Deus
1446 3203 1515 3246 est
1543 3197 1704 3261 (Psal.

98 3266 256 3327 1-1.)?
282 3268 606 3320 Adversum
625 3270 931 3333 ejusmodi,
949 3270 1156 3332 inquit,
1181 3270 1579 3329 profanissime
1598 3268 1707 3319 sibi

99 3338 180 3389 de
228 3341 510 3403 prosperis
554 3341 774 3393 viribus
804 3349 1160 3405 arrogantes,
1185 3341 1295 3402 ille,
1320 3341 1526 3405 inquit,
1556 3341 1708 3391 ultor

106 3416 366 3462 aeternus
389 3412 707 3464 aﬂlictionis
735 3416 1017 3465 tormenta
1050 3413 1325 3475 subridet,
1363 3418 1536 3477 atque
1559 3412 1708 3463 indi-

102 3482 439 3545 gnationem
464 3498 629 3536 suam
654 3485 940 3549 ejusmodi
963 3484 1138 3535 rictus
1166 3485 1333 3546 [Forte
1345 3484 1533 3547 risus],
1554 3485 1652 3546 qui
1675 3496 1708 3535 a

107 3560 368 3618 tempore
400 3556 703 3621 discrepet,
730 3558 1100 3621 usurpatione
1125 3556 1392 3607 declarat.
1419 3557 1708 3607 Robustos

111 3625 352 3689 proinde
381 3632 436 3679 et
477 3634 753 3692 potentes,
788 3628 879 3680 vel
913 3641 1015 3693 pro
1039 3628 1251 3678 invidia
1276 3628 1581 3691 superbiae,
1614 3627 1710 3679 vel

114 3708 225 3760 pro
256 3700 526 3749 memoria
564 3700 847 3751 felicitatis
881 3699 1156 3762 antiquae,
1192 3699 1475 3750 Israelitas
1504 3702 1706 3750 vocat:

116 3780 271 3831 quos
297 3770 415 3830 jam
439 3771 828 3833 denunciavit,
857 3775 913 3822 et
936 3784 1007 3822 ex
1032 3770 1232 3833 majori
1254 3775 1411 3833 parte
1437 3782 1709 3822 consum-

116 3845 232 3896 tos,
254 3844 308 3890 et
328 3843 655 3904 captivitate
684 3843 946 3907 proxima
975 3842 1413 3893 transferendos.

184 3910 340 3962 Vers.
387 3913 473 3968 10.
519 3914 604 3968 11.
630 3942 693 3951 -
719 3915 849 3964 Odia
897 3913 1201 3963 habuerunt
1248 3913 1309 3961 in
1350 3916 1510 3977 porta
1537 3913 1710 3962 corri-

114 3983 243 4046 pien
254 3986 365 4045 tem,
391 3990 434 4032 et
460 3984 755 4048 loquentem
778 3985 997 4050 perfecte
1016 3984 1317 4033 abominati
1341 3991 1482 4034 sunt.
1506 3985 1707 4033 Idcirco

114 4068 223 4118 pro
246 4067 298 4102 eo
321 4057 462 4117 quod
485 4057 823 4121 diripiebalis
844 4070 1155 4121 pauperem,
1173 4060 1218 4104 et
1238 4056 1478 4120 praedam
1496 4056 1708 4105 electam

122 4122 375 4174 tottebalis
399 4126 465 4174 ab
498 4143 554 4176 eo
572 4144 589 4188 ;
625 4129 808 4177 domos
833 4128 1044 4191 quadra
1070 4126 1248 4190 lapide
1286 4125 1632 4187 zediﬁcabitis,
1663 4132 1709 4176 et

123 4210 235 4245 non
259 4197 558 4247 habitabilis
581 4200 638 4247 in
656 4200 729 4248 eis
754 4213 766 4249 :
800 4200 990 4250 Vincas
1013 4197 1419 4247 amantissimas
1433 4198 1711 4262 plantabi-

122 4269 210 4328 tis,
426 4274 471 4317 et
502 4285 612 4319 non
639 4271 817 4319 bibetis
840 4272 1029 4320 vinum
1053 4284 1260 4318 earum.
1288 4272 1589 4329 Propheticm
1602 4286 1709 4318 ora-

123 4340 289 4391 tionis
304 4341 584 4393 institutio
596 4343 1003 4397 custoditur.ut
1015 4344 1321 4405 postquam
1336 4340 1598 4393 videlicet
1609 4344 1712 4390 fue-

123 4412 240 4462 rint
261 4412 597 4464 denunciata
621 4414 915 4478 supplicia,
949 4414 1139 4465 statim
1179 4413 1501 4464 severitatis
1525 4413 1709 4476 ipsius

126 4494 328 4533 caussa
348 4484 644 4547 subdatur,
670 4498 742 4537 ne
770 4484 1037 4537 videlicet
1062 4488 1238 4535 tanta:
1262 4484 1488 4548 pietatis
1520 4484 1712 4536 Domi-

1735 3145 1783 3222 C

1820 484 1993 537 quem
2017 476 2451 539 aversabantur,
2478 476 2702 539 ingrati.
2724 476 2890 540 Quod
2907 479 3103 528 autem
3125 474 3280 537 dicit,
3293 478 3415 536 quia

1815 544 1871 595 in
1901 546 2081 608 portis
2106 546 2475 610 corripientes
2501 548 2627 600 odio
2652 549 2862 600 fuerint
2882 547 3147 611 insecuti,
3165 555 3414 599 'rmorem

1816 617 2072 668 Judaicae
2093 618 2471 669 institutionis
2488 620 2754 679 ostendit,
2768 621 2867 684 qui
2884 620 2964 671 ita
2989 619 3173 670 fuerat
3184 619 3414 671 ordina-

1818 692 1929 749 tus,
1956 693 2020 739 ut
2043 690 2401 751 negotiorum
2424 690 2621 742 arbitri
2643 692 2702 742 in
2727 692 2904 757 portis
2922 691 3150 741 urbium
3166 706 3412 753 quarum-

1817 771 1928 821 que
1968 760 2281 813 residerent
2306 774 2319 811 :
2354 775 2427 812 ne
2451 762 2549 825 qui
2570 774 2714 826 opus
2736 776 2930 815 eorum
2955 762 3255 816 habuisset
3277 776 3414 815 exa-

1816 832 1989 895 mine,
2021 835 2342 895 quiestione
2385 833 2577 897 aliqua
2614 834 2913 898 laboraret,
2940 834 3040 885 sed
3081 835 3137 886 in
3162 836 3286 898 ipso
3320 836 3412 888 in-

1815 916 2036 965 gressu,
2062 906 2214 967 apud
2239 919 2384 968 quos
2420 904 2789 969 experiretur,
2814 906 3137 958 otl‘enderet.
3159 909 3282 959 Non
3305 920 3414 959 au-

1817 980 1934 1026 tem
1960 975 1980 1003 ¹³
2004 977 2308 1039 Israelitas,
2337 977 2588 1029 maxime
2607 978 2729 1041 jam
2747 980 2853 1028 sub
2880 990 3078 1040 regum
3092 982 3411 1039 profanorum

1816 1051 2097 1109 potestate
2134 1049 2426 1112 degentes,
2472 1049 2625 1099 hunc
2674 1061 2889 1100 morem
2924 1051 3023 1112 qui
3061 1064 3159 1115 per
3182 1052 3413 1104 beatum

1817 1118 2075 1181 Moysem
2108 1120 2167 1170 in
2191 1121 2528 1172 sacerdotali
2550 1121 2840 1183 republica
2860 1120 3043 1173 fuerat
3065 1123 3415 1175 constitutus

1815 1190 2097 1242 mansisse
2120 1192 2463 1243 arbitremur
2488 1208 2499 1243 :
2527 1192 2628 1243 sed
2652 1192 2805 1256 quod
2836 1194 3262 1259 ostendat,illos
3285 1207 3417 1245 cum

1815 1260 2021 1312 ritibus
2045 1264 2217 1314 etiam
2241 1264 2429 1315 civilia
2445 1264 2578 1326 jura
2600 1264 2864 1325 violasse,
2884 1266 3233 1318 etvirtutum
3245 1269 3417 1315 odium

1816 1344 1947 1382 cum
1983 1332 2240 1396 ipsarum
2287 1336 2761 1399 praedicatoribus
2796 1336 3085 1398 induisse;
3115 1349 3181 1389 ac
3220 1338 3268 1389 si
3290 1338 3418 1401 quis

1814 1403 2105 1457 adhortari
2127 1407 2199 1457 ad
2225 1408 2639 1459 correctionem
2662 1407 3139 1473 sanctitatemque
3156 1411 3416 1472 voluisset,

1814 1486 1946 1525 eum
1973 1477 2251 1542 protinus,
2286 1478 2434 1529 odiis
2480 1477 2961 1542 conspirantibus,
3000 1479 3282 1531 interisse.
3310 1480 3420 1531 Cur

1814 1549 2008 1597 autem
2055 1559 2359 1599 censorum
2402 1549 2637 1600 monitis
2661 1549 3111 1601 adversarentur
3144 1550 3414 1603 ostendit.

1815 1616 2181 1682 Diripiebatis,
2199 1620 2402 1684 inquit,
2428 1626 2799 1683 pauperem,et
2820 1621 3064 1684 praedam
3088 1620 3417 1672 electamlol-

1819 1687 2000 1737 lebatis
2030 1689 2095 1738 ab
2119 1705 2196 1741 eo.
2224 1692 2403 1755 Igitur
2420 1695 2478 1742 ut
2494 1692 2616 1742 sine
2633 1691 3043 1754 impedimento
3059 1692 3252 1756 aliquo
3269 1696 3347 1741 vel
3362 1695 3417 1740 ti-

1742 1776 1797 1849 B
1816 1761 2012 1849 moris,
2033 1762 2266 1823 scilicet,
2293 1763 2384 1814 vel
2402 1763 2656 1849 pudoris,
2682 1775 2783 1827 per
2806 1763 3018 1849 damna
3041 1768 3099 1849 et
3114 1767 3417 1849 contume-

1818 1831 1923 1882 lias
1967 1845 2284 1897 pauperum
2329 1835 2633 1899 vaderetis,
2667 1835 2980 1886 monitores
3015 1835 3239 1886 sobrios
3274 1835 3414 1886 estis

1820 1904 2021 1965 perosi.
2050 1906 2378 1957 Notandum
2397 1919 2532 1959 vero
2557 1906 2709 1969 quod
2725 1906 2824 1969 ait,
2843 1906 2979 1969 quia
3001 1905 3241 1958 electam
3267 1917 3415 1970 pree-

1816 1973 1949 2025 dam
1972 1977 2044 2027 ab
2074 1976 2340 2041 inopibus
2353 1977 2659 2040 auferrent,
2676 1989 2807 2028 cum
2828 1977 3028 2041 utique
3049 1989 3416 2042 consequen-

1817 2047 1930 2097 tius
1973 2050 2292 2101 aestimetur
2337 2050 2580 2101 alterum
2614 2061 2645 2100 e
2678 2049 2904 2103 duobus
2932 2064 2944 2100 :
2970 2053 3037 2100 ut
3058 2046 3175 2101 non
3197 2048 3415 2101 habue-

1812 2126 1926 2177 rint
1957 2140 2167 2191 magna
2189 2140 2322 2191 quae
2335 2128 2658 2192 perderent,
2673 2140 2820 2190 quos
2830 2140 3115 2192 pauperes
3127 2133 3409 2191 conﬁtetur,

1811 2203 1914 2249 aut
1931 2197 2251 2263 locupletes
2282 2200 2484 2251 merito
2507 2202 2895 2261 nominentur,
2927 2200 2975 2252 si
3002 2201 3075 2252 ab
3092 2201 3182 2252 his
3199 2205 3413 2262 pretiosa

1811 2281 2062 2334 quaeque
2080 2272 2369 2335 praedator
2388 2270 2652 2322 auferret.
2673 2271 3115 2332 Intelligendum
3128 2275 3416 2336 ergo,quia

1811 2341 1901 2394 vel
1937 2342 2312 2406 appellaverit
2345 2354 2647 2407 pauperes,
2678 2355 2824 2405 quos
2850 2341 2929 2393 illi
2952 2342 3169 2407 rapinis
3197 2343 3319 2394 suis
3342 2356 3414 2393 ex

1809 2411 2192 2477 locupletibus
2219 2414 2421 2477 inopes
2444 2412 2848 2477 reddidissent,
2870 2414 2959 2466 vel
2984 2418 3135 2466 certe
3151 2413 3225 2465 ad
3247 2414 3414 2466 atl‘ec-

1811 2490 1934 2536 tum
1960 2485 2149 2548 magis
2173 2484 2615 2548 possidentium,
2634 2496 2809 2547 quam
2833 2484 2904 2535 ad
2928 2485 3272 2537 damnorum
3288 2497 3415 2538 mo-

1809 2561 2004 2607 menta
2028 2556 2360 2618 respiciens,
2377 2560 2434 2607 et
2452 2556 2500 2605 si
2516 2567 2722 2618 parvas
2736 2560 3050 2619 res,tamen
3070 2555 3416 2619 pauperibus

1807 2626 1933 2692 ipsa
1980 2628 2296 2691 exiguitate
2332 2626 2633 2690 pretiosas,
2669 2627 2848 2677 atroci
2873 2626 3083 2678 dixerit
3106 2626 3416 2690 cupiditate

1808 2697 2091 2749 sublatas.
2127 2696 2215 2747 Ad
2239 2697 2408 2760 cujus
2432 2696 2512 2747 rei
2540 2697 2956 2760 testimonium,
2984 2697 3074 2748 vel
3096 2697 3271 2748 unius
3296 2697 3411 2749 sal-

1809 2774 1923 2822 tem
1941 2768 2310 2821 recordemur
2322 2768 2570 2829 exempli
2584 2767 2870 2819 Nabuthae
2888 2767 3183 2819 sanctiviri
3196 2769 3410 2828 vineam,

1808 2842 2039 2892 brevem
2075 2839 2233 2891 illam
2259 2839 2443 2904 spatio
2464 2839 2715 2902 quidem,
2752 2839 2852 2889 sed
2884 2838 3118 2891 domino
3154 2851 3259 2891 suo
3284 2850 3414 2903 gra-

1807 2912 2123 2974 tissimam,
2162 2923 2229 2962 ac
2278 2913 2405 2974 ipsa
2444 2909 2808 2972 jucunditate
2859 2907 3032 2976 530
3083 2910 3410 2975 pretiosam,

1806 2984 2006 3035 Achab
2030 2996 2130 3035 rex
2156 2982 2567 3034 stolidissimus
2585 2980 2917 3045 concupivit
2943 2997 2955 3031 :
2981 2986 3039 3032 et
3056 2993 3188 3031 cum
3206 2982 3411 3030 domino

1811 3055 1883 3107 de
1902 3056 2227 3107 venditione
2243 3054 2594 3115 mandasset,
2610 3052 2906 3116 respondit
2923 3052 3209 3113 Nabutha,
3225 3065 3285 3103 se
3297 3052 3412 3105 haz-

1811 3127 2109 3179 reditatem
2133 3131 2429 3191 paternam
2444 3138 2562 3177 non
2590 3137 2758 3187 posse
2782 3127 3290 3180 contemnere,nec
3314 3136 3409 3175 ea-

1811 3199 1960 3260 dem,
1983 3199 2030 3249 si
2052 3198 2234 3259 lireat,
2260 3197 2405 3249 velle
2429 3196 2658 3261 privari.
2676 3196 2839 3246 Tunc
2861 3207 2963 3246 rex
2986 3194 3410 3258 profanissimm

1805 3272 2067 3335 conjugis
2102 3269 2432 3321 stimulatus
2464 3269 2715 3327 hortatu,
2746 3265 3003 3318 avaritias
3037 3277 3161 3317 suae
3184 3264 3409 3316 facinus

1805 3341 2157 3393 crudelitatis
2174 3341 2264 3403 ad]
2276 3340 2461 3403 unxit,
2484 3343 2541 3390 et
2566 3337 2865 3389 interfecto
2876 3336 3163 3399 Nabutha,
3179 3336 3407 3388 vineam

1805 3426 1981 3477 quam
2008 3413 2395 3477 concupierat,
2421 3408 2727 3473 occupavit
2746 3408 2811 3473 (3.
2838 3410 2960 3472 Reg.
2988 3406 3117 3469 21.).
3157 3408 3246 3459 Sic
3270 3420 3407 3472 ergo

1806 3485 2016 3536 electas
2041 3484 2287 3548 praedas,
2304 3483 2519 3547 quibus
2534 3480 2752 3533 domini
2775 3480 3044 3532 videlicet
3066 3478 3207 3530 nihil
3225 3481 3409 3539 pretio-

1808 3556 1930 3607 sius
1963 3558 2336 3615 eestimarent,
2371 3553 2625 3606 cruentis
2666 3552 2907 3604 ausibus
2930 3551 3284 3613 auferebant,
3309 3562 3409 3614 pro

1808 3631 2021 3695 quibus
2056 3630 2222 3681 factis
2256 3629 2393 3694 quid
2425 3629 2509 3681 eis
2533 3626 2860 3690 denunciet,
2895 3625 3219 3677 audiamus.

1870 3705 1976 3754 Pro
1999 3716 2066 3754 eo
2088 3702 2242 3766 quod
2259 3699 2667 3766 despoliabatis
2682 3710 2979 3763 pauperes,
3003 3697 3186 3747 domos
3198 3695 3410 3760 quadra

1808 3774 1987 3838 lapide
2032 3773 2381 3834 .‘ediﬁeabitis,
2423 3778 2467 3822 et
2502 3786 2613 3821 non
2654 3770 2963 3820 habitabilis
2997 3769 3059 3817 in
3085 3769 3175 3819 eis.
3217 3768 3412 3818 Vincas

1806 3846 2214 3896 amantissimas
2237 3844 2570 3909 ptanlabitis,
2596 3848 2642 3893 et
2666 3857 2776 3891 non
2799 3840 2977 3890 bibetis
3003 3841 3195 3889 vinum
3218 3853 3411 3888 earum

1813 3917 1995 3982 [Vers.
2022 3917 2130 3983 '12.]
2159 3918 2299 3976 Quia
2328 3916 2553 3981 cognovi
2568 3914 2742 3963 multa
2764 3912 2956 3962 scelera
2979 3915 3228 3973 vestra,“
3241 3910 3411 3973 fortia

1806 3994 2020 4052 peccata
2054 3993 2243 4038 vestra.
2279 3989 2401 4038 Hoc
2434 3998 2637 4049 nempe
2669 3983 3160 4043 depraedationum
3184 3987 3410 4034 vestra-

1807 4071 1938 4109 rum
1974 4060 2208 4110 tenebat
2232 4057 2487 4117 audacia,
2525 4060 2588 4106 ut
2618 4056 2992 4117 suppeterent
3024 4053 3412 4104 instrumenta

1807 4129 2071 4188 luxuriae,
2098 4134 2270 4191 atque
2282 4128 2668 4179 habitationes
2686 4127 2909 4176 vestras
2920 4124 3241 4187 grandibus
3257 4121 3404 4174 cole-

1808 4200 1945 4251 retis
1969 4201 2259 4264 expensis,
2288 4199 2450 4263 quasi
2476 4202 2533 4249 et
2555 4195 2915 4247 munimento
2939 4198 2998 4245 et
3024 4193 3301 4257 voluptati
3324 4193 3408 4264 fu-

1809 4277 1982 4324 turas.
2012 4263 2117 4323 Sed
2150 4272 2266 4323 duo
2297 4270 2463 4322 vobis
2488 4268 2697 4333 pariter
2720 4266 3006 4328 evenient,
3031 4263 3408 4316 uttediilcetis

1809 4343 2063 4407 quidem,
2091 4343 2191 4393 sed
2221 4342 2366 4405 Mm.
2393 4341 2470 4405 et]
2493 4341 2553 4391 in
2577 4341 2659 4390 eis
2682 4336 2982 4401 nequeatis
3004 4335 3262 4386 habitare
3299 4340 3410 4407 :et

1810 4406 1928 4465 tam
1959 4414 2250 4465 molitione
2274 4413 2460 4477 cperis
2482 4423 2656 4474 quam
2695 4410 2821 4473 ejus
2850 4407 3165 4477 amissione
3190 4406 3408 4477 crucie-

1809 4485 1968 4548 mini,
2004 4490 2175 4548 atque
2216 4485 2278 4535 in
2318 4476 2390 4535 eo
2437 4481 2698 4533 sentiatis
2744 4478 3101 4530 cumulatum
3131 4476 3405 4537 dolorem,

128 4566 255 4640 nus,
279 4554 662 4640 indignatione
674 4557 866 4640 potius
873 4557 1090 4640 aliquid
1103 4568 1282 4640 quam
1298 4557 1516 4640 ratione
1532 4558 1708 4640 fecisse
1730 4567 1786 4640 D
1812 4556 1966 4640 quod
2004 4569 2119 4607 non
2137 4554 2563 4640 tumultuariis,
2591 4552 2702 4640 sed
2717 4548 3411 4640 elegantibusﬁhabitlati‘o:

130 4624 384 4677 videatur
406 4642 417 4676 :
448 4627 617 4678 simul
642 4629 815 4679 etiam
828 4632 892 4679 ut
915 4627 1200 4679 ostendat.
1216 4631 1431 4689 quanta
1446 4627 1709 4679 consulat

134 4697 466 4758 benignitate
491 4700 859 4761 pauperibus,
886 4711 1016 4750 cum
1041 4710 1239 4749 eorum
1263 4698 1640 4750 contumelias
1657 4703 1712 4751 et

132 4768 347 4831 rapinas
372 4769 604 4820 violatui
636 4770 926 4831 religionis
942 4768 1213 4820 annectit.
1240 4771 1343 4821 Per
1359 4770 1513 4832 quod
1537 4785 1714 4819 conse-

135 4841 309 4902 quens
331 4852 453 4890 esse
467 4841 775 4897 convincit,
790 4841 923 4904 quia
938 4840 1250 4905 profanatis
1266 4842 1560 4892 mentibus
1571 4845 1715 4891 nulla

135 4910 265 4960 insit
286 4910 879 4975 civiliscurajustitiae,
894 4911 1711 4963 nullushumanilatisaﬂ‘ectus:

135 4982 229 5031 sed
247 4980 404 5033 sociis
428 4982 551 5033 suis
571 4984 739 5046 quasi
762 4983 957 5046 perciti
976 4986 1145 5033 vento
1162 4982 1364 5034 furoris
1390 4986 1717 5046 insaniant,el

137 5066 393 5118 pauperes
421 5067 683 5118 quosque
704 5057 957 5119 professa
976 5056 1195 5107 feritate
1216 5056 1541 5107 dilacerent.
1579 5059 1715 5104 Unde

138 5130 191 5177 et
214 5125 266 5176 hi
287 5126 375 5189 qui
396 5127 466 5176 ad
499 5127 716 5178 cultum
753 5127 1035 5178 idolorum
1058 5126 1334 5191 sacrilego
1359 5133 1549 5179 mente
1578 5130 1715 5177 defe-

138 5202 334 5259 cerant,
358 5197 527 5249 nullis
545 5199 775 5263 penitus
790 5198 1097 5249 sceleribus
1108 5199 1475 5261 abstinerent,
1496 5199 1596 5251 sed
1620 5205 1716 5249 tam

196 5354 210 5372 ·
238 5342 659 5405 Elegantissime
676 5343 1083 5406 Hieronymus,
1099 5354 1270 5404 quem
1287 5341 1519 5393 laudare
1532 5345 1715 5391 iterum

144 5415 342 5479 placet:
371 5415 429 5461 In
454 5418 609 5475 porta
642 5420 823 5462 autem
842 5414 1008 5475 jm'ta
1034 5420 1251 5461 veterem
1275 5413 1496 5463 Judaici
1514 5428 1717 5463 morem

142 5484 312 5551 populi
340 5484 498 5546 fuisse
520 5485 757 5547 judicza,
775 5485 819 5533 et
840 5500 970 5549 saepe
1000 5485 1242 5547 legimus,
1271 5490 1318 5533 et
1350 5484 1527 5533 crebro
1554 5485 1717 5533 inter-

142 5555 321 5623 pretati
350 5570 551 5609 sumus.
580 5561 637 5604 ut
655 5570 746 5604 nec
760 5556 999 5619 agricola
1018 5557 1091 5604 ad
1106 5571 1351 5605 caussam
1374 5555 1584 5603 veniens
1601 5555 1717 5617 fre-

149 5627 346 5693 quentia
381 5626 615 5675 civitatis
658 5634 703 5674 et
738 5643 869 5676 novo
897 5633 1179 5676 terreretur
1194 5634 1425 5688 aspectu,
1452 5642 1544 5675 nec
1568 5626 1717 5675 urbis

147 5700 390 5752 habitator
435 5696 586 5759 longe
624 5698 689 5745 ab
740 5699 863 5748 urbe
883 5705 1214 5765 properaret,
1250 5699 1296 5748 et
1334 5697 1716 5748 subvectionem

149 5774 373 5837 quaereret
399 5770 782 5830 iumentorum.

206 5845 223 5871 δ
246 5842 401 5892 Deest
425 5841 595 5904 apud,
622 5845 723 5892 aut
751 5840 891 5904 quid
924 5841 1124 5892 simile.
1142 5843 1436 5904 ,Caaterum
1459 5838 1614 5893 haud
1637 5840 1716 5892 vi-

1811 4618 1982 4679 nibus
2026 4626 2324 4685 excidatis,
2357 4637 2464 4675 nec
2502 4636 2641 4675 sane
2670 4623 2741 4674 de
2776 4621 3099 4673 calamitate
3137 4618 3409 4683 conqueri

1809 4699 2063 4764 possitis.
2094 4702 2196 4750 aut
2220 4697 2481 4749 divinum
2504 4696 2655 4747 inter
2682 4693 2934 4759 gemitus
2962 4704 3193 4764 sperare
3218 4691 3411 4742 subsi-

1809 4762 1988 4835 dium,
2021 4782 2267 4834 quorum
2310 4767 2562 4833 precatui
2608 4766 2841 4818 resistat
2883 4764 3052 4815 turba
3091 4762 3410 4835 culparum.

1811 4842 2019 4904 Quidni
2042 4854 2176 4893 cum
2202 4840 2434 4893 videant
2463 4837 2635 4889 simul
2657 4850 2720 4889 se
2741 4835 3039 4896 atrociora,
3063 4839 3121 4887 et
3150 4835 3210 4885 in
3232 4834 3410 4897 cives,

1812 4920 1867 4965 et
1890 4913 1950 4964 in
1970 4913 2263 4977 proximos
2287 4911 2577 4964 edidisse?
2600 4910 2737 4960 Haec
2749 4911 2944 4958 autem
2969 4905 3178 4968 omnia,
3196 4907 3262 4957 ut
3283 4918 3415 4969 pro-

1813 4984 1897 5035 dit
1934 4976 2186 5046 historia,
2215 4984 2413 5035 decem
2440 4982 2554 5033 illae
2578 4979 2931 5031 Samariticaa
2962 4979 3167 5042 tribus,
3188 4982 3247 5028 et
3268 4989 3302 5028 a
3326 4976 3413 5027 vi-

1812 5055 1978 5107 clinis
1995 5068 2150 5120 saepe
2175 5055 2458 5113 hostibus,
2481 5052 2583 5105 sed
2601 5050 2969 5116 potissimum
2981 5049 3054 5101 ab
3066 5050 3289 5111 Assyriis
3300 5062 3415 5120 per-

1814 5118 2099 5179 tuleruntf
2130 5128 2312 5178 Judas
2359 5138 2513 5188 vero,
2554 5127 2819 5175 vastante
2840 5121 3171 5186 Babylonio,
3195 5118 3415 5171 eisdem

1817 5199 2269 5252 communicavit
2292 5197 2502 5254 exitiis,
2533 5198 2678 5249 Cum
2703 5207 2838 5260 ergo
2868 5193 3136 5245 domibus
3164 5192 3418 5253 amplissi-

1816 5342 1939 5403 deo,
1986 5356 2088 5393 cur
2120 5344 2334 5393 Auctor
2356 5341 2515 5393 illum
2539 5340 2691 5405 apud
2717 5335 3005 5389 Israelitas
3029 5346 3250 5386 morem
3268 5333 3417 5398 juris

1814 5414 2073 5465 discendi
2098 5413 2158 5464 in
2183 5415 2359 5477 portis
2377 5414 2670 5464 civitatum
2691 5409 2976 5462 mansisse
2994 5406 3160 5471 perid
3181 5410 3418 5467 temporis

1815 5489 2004 5546 neget,
2044 5498 2177 5535 cum
2213 5489 2268 5535 et
2305 5485 2404 5535 diu
2429 5486 2574 5547 post,
2610 5487 2665 5535 et
2691 5481 2842 5545 apud
2866 5478 3007 5530 alias
3034 5478 3308 5529 Nationes
3333 5478 3419 5528 vi-

1816 5554 2034 5620 guisse,
2060 5556 2227 5607 certis
2254 5555 2611 5618 argumentis
2641 5557 2999 5615 compertum
3026 5550 3117 5600 sit.
3149 5551 3418 5601 Fortasse

1818 5627 1948 5691 plus
1970 5627 2179 5688 aliquid
2209 5627 2387 5684 deest,
2415 5630 2472 5675 et
2498 5625 2602 5676 lOci
2631 5623 2915 5687 corruptio
2944 5624 3201 5671 mentem
3224 5622 3414 5683 ejusut

1815 5710 2194 5761 assequamur
2217 5708 2335 5746 non
2360 5695 2512 5746 sinit.
2543 5696 2702 5746 Certe
2735 5692 2975 5745 Inferius
3000 5690 3073 5761 ad
3098 5692 3415 5761 vers.XIlI,

1816 5771 1877 5817 In
1915 5760 2092 5832 porta,
2136 5766 2339 5829 inquit,
2376 5765 2624 5826 civitatis,
2657 5765 2719 5813 in
2749 5763 2873 5814 locis
2915 5760 3151 5811 videlicet
3178 5760 3418 5825 judicio—

1820 5854 1947 5889 rum
1970 5842 2235 5903 spectante
2256 5835 2472 5901 populo,
2496 5839 2605 5887 etc.
