3866 6206
385 264 522 318 1079

1442 253 1708 304 RUFINO
1743 251 2203 304 PRESBYTERO
2236 251 2624 305 ASCRIPTUS

3572 246 3725 303 1080

383 376 511 434 mis,
560 379 731 436 atque
785 370 1210 441 ornatissimis,
1240 366 1539 441 vineisque
1594 364 1888 441 fertilibus,
1917 369 1987 441 et
2011 362 2857 441 Aconsistit,debetlegitimus
2872 363 3733 441 magisternequaquamclan-

380 446 605 510 prOprio
630 444 783 506 quod
817 448 905 492 est
927 441 1174 503 amplius
1198 438 1391 510 labore
1430 435 1983 510 plantatis,_fueritis,

383 508 579 569 addita
603 515 777 565 etiam
812 513 1160 575 captivitate,
1192 508 1416 572 privati,
1445 511 1701 571 reputate
1725 508 1832 557 hoc
1864 518 1987 569 pec-

387 588 550 649 catis,
577 600 708 649 qua:
734 585 987 634 maxima
1003 580 1391 631 commisistis.

450 660 610 709 Vers.
657 654 743 709 1‘2.
789 683 846 690 ——
906 656 1083 702 Hostes
1113 652 1268 715 justi,
1312 650 1625 713 accipientes
1676 664 1897 705 munus,
1943 653 1986 696 et

386 744 647 795 pauperes
686 729 741 774 in
780 731 939 790 porta
972 724 1337 787 deprimentes.
1368 722 1484 769 Ideo
1509 721 1745 784 prudens
1770 720 1829 766 in
1858 724 1987 767 tem-

385 790 514 866 pore
554 800 640 848 illo
674 798 874 859 tacebit,
918 798 1053 860 quia
1096 802 1299 866 tempus
1321 794 1528 866 mulum
1551 797 1637 838 est.
1670 792 1773 839 Per
1797 790 1987 866 varias

390 862 629 936 species,
666 874 883 919 statum
908 871 1188 929 corruptae
1212 864 1462 915 civitatis
1486 862 1986 936 exaggeratEtsi-

391 933 489 994 cut
506 954 680 1004 supra
694 941 745 989 di
758 941 858 1001 xit,
873 939 1142 1000 quoniam
1158 938 1452 987 hortantes
1468 933 1834 997 adjustitiam
1854 948 1987 991 spre-

392 1016 630 1073 vissent,
668 1012 783 1061 imo
816 1011 988 1060 etiam
1016 1008 1393 1073 perculissent
1420 1024 1429 1054 :
1459 1006 1535 1056 ita
1566 1008 1987 1066 consequenter

392 1086 625 1137 eosdem
640 1082 775 1146 justi
794 1083 961 1130 hostes
987 1085 1170 1131 vocat.
1198 1078 1359 1140 Quod
1384 1090 1521 1127 sane
1546 1076 1774 1127 duobus
1798 1075 1987 1125 modis

392 1155 629 1209 intelligi
655 1159 857 1217 potest,
884 1159 948 1203 ut
965 1152 1098 1215 justi
1126 1151 1292 1214 quasi
1315 1149 1566 1212 genitivo
1585 1147 1985 1209 singulari,ju—

395 1230 569 1279 stitim
587 1225 1032 1289 pronuncientur
1048 1222 1349 1282 initnici,itl
1375 1220 1733 1282 est,justitite
1756 1231 1873 1268 non
1901 1233 1987 1265 vos

397 1311 412 1328 ·
439 1300 800 1361 negligentes
830 1309 1029 1357 arguo,
1064 1294 1165 1344 sed
1192 1306 1418 1344 osores:
1454 1305 1523 1341 ex
1552 1304 1667 1353 quo
1691 1290 1988 1340 descendit

397 1371 559 1421 atl‘ect
572 1384 604 1419 u
623 1368 945 1418 studiorum
961 1370 1282 1415 vestrorum
1296 1363 1521 1413 funesta
1538 1366 1854 1423 perversitas,
1873 1376 1985 1409 cum

395 1441 680 1503 iniquitati
696 1438 1111 1501 impudentiam
1130 1434 1482 1497 c0pulantes.
1496 1447 1603 1483 nec
1619 1433 1827 1495 Optetis
1842 1433 1990 1479 latere

397 1513 548 1575 quod
575 1512 770 1573 geritis
805 1524 816 1558 :
848 1509 949 1558 sed
980 1508 1037 1557 in
1071 1512 1233 1570 porta
1258 1506 1528 1563 civitatis,
1556 1505 1613 1554 in
1638 1504 1780 1554 locis
1805 1504 1991 1575 videli-

397 1574 486 1634 cet
501 1585 519 1646 j
534 1583 869 1635 udiciorum,
890 1584 1184 1640 spectante
1202 1577 1425 1640 populo,
1444 1587 1813 1646 nequaquam
1828 1574 1991 1623 meri-

400 1656 473 1705 tis
498 1644 755 1713 caussas,
777 1656 1050 1701 cmterum
1078 1650 1268 1712 pretiis
1297 1648 1625 1699 aestimetis:
1648 1644 1797 1713 53|
1823 1648 1991 1698 etini-

2085 433 2341 484 destinas
2355 434 2675 497 aliquorum
2686 436 3036 487 oﬂ‘ensiones
3050 436 3249 485 timere
3267 448 3282 495 ;
3297 439 3607 484 caeterum
3630 448 3733 479 om-

2086 504 2264 555 nibus
2288 505 2385 568 qui
2401 506 2474 556 ad
2489 506 2842 558 audiendum
2870 508 3271 564 convenerint,
3290 503 3564 556 docendi
3578 506 3731 553 assi-

2086 576 2304 627 duitate
2336 578 2632 629 consulere
2666 579 2877 643 quippe
2912 579 3012 643 qui
3054 577 3371 642 pecuniam
3409 575 3539 626 sibi
3563 588 3731 625 com-

2086 648 2326 699 missam
2352 650 3093 701 numulariisaudieritesse
3108 648 3485 700 credendam
3519 667 3531 694 :
3562 650 3727 694 aliut:

2088 723 2281 770 autem
2309 724 2638 781 venturum,
2672 723 2769 784 qui
2790 726 2846 772 et
2880 727 3098 772 sortem
3124 723 3403 784 reposcat
3428 722 3496 769 et
3526 717 3726 768 {tenus

2090 790 2145 841 Si
2185 804 2320 843 vero
2359 792 2529 844 fuerit
2565 797 2725 845 tanta
2760 794 2819 843 in
2857 794 3031 857 pejus
3057 793 3210 844 facta
3234 790 3530 851 mutatio,
3557 794 3627 840 ut
3655 790 3727 839 im

2088 862 2297 924 pietate
2328 862 2512 927 plebis
2546 863 2655 928 ipsi
2693 864 3058 925 discipulatui
3083 863 3228 914 colla
3265 861 3653 921 subducant,
3679 867 3728 910 et

2088 934 2371 995 pruritum
2393 935 2621 986 aurium
2634 937 3010 997 sustinentes,
3027 936 3241 999 ineptis
3260 938 3513 985 tantum
3538 932 3727 981 fabulis

2089 1006 2486 1069 acquiescant:
2516 1012 2637 1059 turn
2663 1006 2827 1071 plane
2834 1009 2959 1071 jam
2973 1007 3386 1058 necessarium
3400 1016 3550 1055 esse
3572 1006 3728 1051 silen-

2092 1078 2235 1128 tium
2262 1077 2595 1130 doctoribus
2620 1093 2749 1130 cum
2762 1080 3039 1143 propheta
3055 1074 3420 1137 dicentibus,
3438 1075 3727 1125 Obmutui.

2089 1156 2135 1198 et
2160 1149 2458 1197 humilatus
2479 1165 2619 1213 sum,
2645 1156 2691 1199 et
2717 1151 2846 1199 silui
2871 1166 2906 1199 a
2931 1150 3104 1212 bonis,
3128 1156 3174 1198 et
3200 1148 3366 1198 dolor
3392 1162 3561 1195 meus
3585 1162 3731 1194 reno-

2090 1227 2244 1270 vatus
2269 1228 2339 1270 est
2361 1223 2523 1283 (Psal.
2563 1220 2694 1282 38.).

2154 1294 2316 1343 Vers.
2360 1293 2444 1357 M,
2493 1292 2577 1347 15.
2626 1321 2685 1331 -
2731 1293 2959 1352 Qum-ite
2985 1292 3207 1351 bonum,
3240 1295 3286 1339 et
3332 1305 3457 1338 non
3490 1289 3724 1337 malum.

2091 1368 2151 1410 ut
2185 1364 2389 1412 iuratis.
2418 1370 2462 1412 et
2486 1365 2587 1412 erit
2608 1364 2877 1413 Dominus
2892 1372 2911 1393 ⁸
2929 1364 3070 1412 Deus
3093 1363 3411 1411 exercitum
3428 1360 3727 1413 vobiscum,

2089 1433 2425 1501 sicut
2477 1436 2709 1485 dixistis.
2747 1435 2900 1485 Odite
2923 1435 3138 1483 malum
3160 1442 3205 1481 et
3242 1434 3470 1497 diligite
3508 1432 3727 1480 bonum.

2090 1510 2133 1551 et
2158 1508 2408 1554 custodite
2435 1509 2497 1555 in
2522 1507 2969 1571 portajudicium
2992 1507 3071 1555 :si
3094 1506 3232 1566 forte
3258 1504 3609 1552 misereatur
3632 1503 3729 1550 Do-

2090 1577 2275 1625 minus
2298 1578 2435 1627 Deus
2459 1580 2792 1626 exercituum
2816 1577 3300 1642 reliquiisJoseph.
3320 1576 3403 1626 Hi
3422 1587 3646 1626 versus
3664 1586 3725 1623 ex

2093 1660 2336 1709 persona
2375 1650 2701 1699 miserantis
2737 1649 3031 1713 propheta:
3056 1648 3395 1710 interpositi
3422 1646 3721 1696 videntur.

396 1726 682 1806 quitatem
718 1722 1160 1806 pecuniosorum
1185 1722 1258 1801 de
1283 1733 1603 1806 pauperum.
1626 1720 1992 1806 facultatibus
2016 1734 2069 1806 B
2100 1720 2384 1770 lsraelitas
2409 1719 2671 1806 videlicet
2698 1721 2868 1771 etiam
2897 1721 3008 1770 sub
3029 1718 3525 1806 ipso‘jamexitio

397 1796 685 1856 adiuvetis
710 1810 721 1843 :
744 1794 829 1844 vel
849 1800 997 1844 certe
1020 1794 1183 1840 hostes
1193 1793 1327 1853 justi
1344 1806 1442 1855 per
1454 1792 1873 1842 nominativum
1886 1793 1994 1851 plu-

400 1868 572 1918 ralem
599 1865 864 1929 appellari
892 1877 1017 1914 esse
1044 1864 1365 1924 credantur,
1396 1868 1456 1912 ut
1483 1864 1833 1914 emuneratis
1849 1862 1997 1913 mul-

398 1940 473 1989 tis
500 1938 841 1998 magnisque
866 1936 1222 1995 criminibus,
1253 1935 1417 1997 quasi
1449 1940 1776 1984 commotus
1802 1933 1999 1984 intule-

400 2011 491 2068 rit,
532 2009 682 2070 quod
716 2007 859 2070 justi
885 2008 1081 2056 hostes
1105 2009 1320 2066 essent,
1348 2004 1405 2055 id
1430 2011 1534 2059 est.
1562 2005 1819 2067 religioni
1856 2018 1917 2055 se
1942 2007 1999 2054 et

401 2082 515 2130 Deo
540 2079 903 2129 adversarios
932 2078 1097 2140 quasi
1111 2076 1397 2137 legitimos
1415 2076 1772 2127 exliiliereut.
1797 2078 1997 2124 Locutio

400 2156 489 2202 est
516 2163 649 2201 vero
679 2150 965 2199 familiaris
990 2149 1237 2201 disertis.
1271 2148 1366 2209 qui
1394 2151 1449 2197 et
1469 2148 1662 2209 justos
1687 2151 1995 2207 exercitus,

404 2228 459 2273 et
480 2223 672 2285 justas
698 2220 1034 2283 provincias,
1067 2218 1125 2267 id
1154 2222 1260 2275 est,
1286 2231 1525 2273 magnas
1550 2218 1835 2281 appellare
1860 2232 1998 2269 con-

402 2296 734 2344 sueverunt.
771 2291 881 2341 Sed
904 2291 1203 2340 videamus
1230 2293 1285 2338 et
1307 2290 1537 2351 reliqua.

466 2365 626 2413 Vers.
658 2361 738 2415 13.
774 2389 833 2398 —
854 2362 970 2408 Ideo
996 2360 1250 2422 prudens,
1278 2361 1443 2419 inquit
1468 2361 1527 2407 in
1552 2366 1781 2413 tempore
1806 2360 1895 2409 illo
1917 2367 1998 2410 ta-

405 2434 551 2483 cebit.
585 2435 719 2497 quia
756 2438 965 2495 tempus
996 2431 1216 2478 malum.
1251 2432 1500 2493 Tempus
1534 2431 1591 2481 in
1618 2430 1999 2483 declinatione

406 2505 654 2555 mutavit
681 2518 692 2553 :
722 2502 1111 2566 velprazterit't
1132 2502 1359 2564 quippe,
1379 2502 1469 2551 vel
1490 2503 1999 2566 prmsentiapopuli

405 2580 565 2639 geste
590 2575 983 2635 dinumerans,
1009 2573 1458 2634 consequentius
1481 2573 1709 2624 diceret.
1745 2574 1998 2636 prudens

402 2649 460 2697 in
486 2652 739 2707 tempore
769 2646 863 2695 illo
884 2647 1121 2705 tacebat,
1148 2657 1247 2707 pro
1273 2657 1387 2706 quo
1404 2644 1696 2694 aittucebit.
1716 2650 1860 2705 Quia
1882 2661 1999 2705 ergo

406 2732 502 2769 eos
542 2719 786 2780 justum,
817 2717 875 2766 id
899 2721 1003 2769 est.
1032 2716 1369 2777 legitimum.
1396 2715 1708 2766 adversum
1734 2718 2004 2767 honesta-

410 2795 525 2840 tem
571 2794 628 2840 et
672 2789 1021 2850 religionem,
1076 2787 1287 2837 bellum
1315 2788 1791 2850 pronunciaverat
1815 2801 2006 2839 susce-

409 2862 565 2925 pisse
589 2876 601 2912 :
622 2859 1061 2921 merito,inquit,
1095 2859 1163 2907 ad
1186 2858 1469 2920 justitiam
1496 2859 1891 2910 revocantium
1916 2876 2003 2908 ora

410 2931 708 2992 siluerunt,
740 2935 796 2980 et
822 2929 1076 2993 prudens
1095 2929 1339 2992 quisque
1364 2942 1495 2979 cum
1518 2931 1737 2993 gemitu
1753 2944 1819 2981 ac
1834 2933 2003 2979 dolore

408 3004 699 3059 conticuit.
732 3002 1105 3051 considerans
1138 3000 1409 3051 nimirum
1444 3002 1584 3051 nihil
1618 3001 1724 3052 loci
1774 3003 2011 3053 salutari

409 3087 711 3137 superesse
746 3074 1042 3133 doctrinte,
1076 3076 1132 3122 et
1168 3072 1296 3123 ideo
1330 3073 1437 3122 sibi
1465 3075 1766 3123 consulere
1811 3074 2015 3124 debere

410 3147 718 3205 reticendo,
743 3158 878 3195 cum
898 3143 1038 3195 nihil
1051 3145 1167 3207 jam
1184 3148 1519 3207 promoveat
1535 3144 1900 3208 disputando.
1916 3147 2016 3205 Ipsi

413 3220 552 3268 sunt
576 3222 771 3267 autem
804 3216 1112 3278 prudentes
1136 3216 1197 3266 in
1220 3215 1513 3267 silentium
1539 3217 1768 3280 publico
1790 3216 2024 3267 horrore

414 3289 714 3352 compulsi,
741 3289 812 3339 de
838 3289 1050 3351 quibus
1079 3300 1254 3351 supra
1277 3288 1525 3338 dixerat:
1554 3288 1688 3336 Odia
1715 3288 2022 3339 habuerunt

412 3362 467 3408 in
492 3367 646 3423 porta
672 3361 1067 3421 corripientem,
1086 3365 1130 3407 et
1144 3359 1447 3422 loquentem
1472 3360 1693 3423 perfecte
1719 3360 2022 3409 abominati

411 3438 555 3481 sunt.
582 3434 724 3481 Cum
756 3444 891 3492 ergo
916 3431 995 3481 ita
1022 3432 1389 3493 profanarum
1411 3430 1660 3494 plebium
1680 3433 2022 3496 conspirarit

411 3502 672 3563 audacia,
697 3505 763 3552 ut
786 3502 1087 3551 veritatem
1118 3502 1500 3564 pietatemque
1524 3501 1823 3566 doctrinae,
1850 3504 2019 3566 quasi

412 3572 757 3621 (lunitnciato
771 3572 1088 3621 certamine
1108 3577 1509 3635 persequatur,
1527 3573 1781 3635 prudens
1800 3579 2017 3635 quisque

413 3645 613 3693 doctor
638 3642 795 3690 tlcbit
823 3642 1075 3703 quidem,
1105 3642 1207 3692 sed
1234 3642 1479 3692 tacebit:
1510 3642 1713 3693 videns
1745 3646 2017 3707 quoniam

417 3712 808 3775 sicutaspides
826 3712 1021 3762 surdae
1038 3713 1431 3763 obturaverint
1447 3726 1614 3764 aures
1630 3727 1786 3777 suas,
1803 3729 1874 3767 ne
1891 3720 2014 3777 quid

414 3784 488 3834 ad
514 3795 611 3833 eos
636 3782 707 3833 de
727 3781 1078 3832 salutaribus
1095 3783 1277 3846 possit
1302 3789 1595 3846 penetrare
1612 3789 1935 3838 carminibus.
1961 3792 2013 3837 Id

418 3866 557 3904 sane
581 3853 769 3916 ipsum
798 3855 1139 3915 qumstionis
1163 3855 1376 3917 aliquid
1403 3856 1629 3907 videtur
1650 3857 1861 3922 allerre,
1879 3862 2014 3920 quod

418 3925 576 3976 brevi
588 3930 678 3975 est
694 3926 1055 3988 expositione
1070 3928 2012 3991 purgandum.Laudatursiquidcm

417 3996 717 4059 prudentia
760 3997 1008 4048 doctoris
1032 3998 1179 4049 inter
1205 3998 1411 4049 silentii
1438 4012 1501 4051 se
1535 4005 1655 4052 tuta
1678 4001 2011 4067 redigentis,

418 4068 467 4117 si
491 4080 526 4117 a
549 4074 707 4131 parte
730 4069 1057 4121 auditorum
1085 4070 1298 4121 reﬂarit
1325 4070 1664 4122 adversitas.
1692 4074 2015 4136 Atquihma-

418 4140 599 4201 gister
622 4143 891 4193 Gentium
912 4141 1187 4205 praecipit,
1217 4142 1490 4206 increpat,
1518 4145 1781 4195 obsecrat
1805 4158 2013 4208 oppor-

421 4216 558 4264 tune
612 4213 683 4275 (2.
736 4214 867 4261 Tim.
922 4213 1014 4277 4.),
1037 4226 1281 4277 eamque
1317 4216 1801 4277 perseverantiam
1826 4217 2013 4267 omnis

422 4284 532 4335 fere
578 4297 739 4337 sacra
772 4285 1061 4348 Scriptura
1096 4286 1475 4336 commendat.
1498 4289 1566 4337 Et
1588 4287 1825 4349 proinde
1850 4287 2015 4338 adhi-

423 4358 607 4408 benda
636 4358 948 4419 distinctio,
968 4369 1099 4420 quae
1124 4357 1485 4408 concordiam
1512 4358 1695 4421 possit
1719 4358 2022 4410 vendicare

420 4429 727 4480 mandatis.
754 4429 1021 4490 Quandiu
1048 4430 1315 4492 p0pulus,
1347 4430 1457 4480 etsi
1493 4442 1591 4492 per
1613 4428 2019 4492 negligentiam

418 4501 602 4551 multa
641 4500 1001 4563 delinquens,
1035 4505 1231 4551 tamen
1268 4501 1374 4551 sub
1412 4500 1635 4551 dicendi
1660 4502 2020 4565 professione

2099 1792 2518 1843 commonentis
2548 1792 2606 1855 [A
2620 1798 2694 1841 nt.
2721 1791 3195 1855 commoventis],
3224 1791 3367 1841 utin
3394 1791 3721 1837 correctionis

2102 1864 2235 1912 vota
2253 1862 2558 1925 studiaque
2574 1863 2922 1926 conspirent,
2942 1862 2964 1890 ⁴
2983 1862 3031 1912 si
3058 1862 3201 1913 forte
3228 1867 3368 1909 Deus
3387 1863 3718 1916 exercituum.

2102 1934 2269 1995 cujus
2302 1936 2457 1984 tanta
2482 1936 2570 1985 est
2594 1933 2914 1995 clementia,
2933 1932 3716 1997 quantapotenti1,ejusmodi

2102 2005 2604 2056 emendationibus
2627 2005 2937 2068 mitigetur,
2965 2009 3023 2053 et
3058 2003 3323 2053 delendis
3354 2005 3577 2053 saltem
3604 2000 3716 2051 reli-

2103 2076 2252 2138 quiis
2275 2077 2486 2128 attrita
2510 2076 2701 2140 gentis
2723 2077 3034 2127 abstineat.
3072 2075 3321 2137 Subjicit
3338 2078 3557 2125 autem
3579 2071 3712 2135 quod

2103 2147 2311 2197 habeat
2335 2148 2407 2198 ad
2425 2148 2719 2209 superiora
2733 2150 3089 2198 contextum.

2168 2220 2327 2269 Vers.
2356 2219 2436 2272 16.
2474 2218 2553 2271 17.
2581 2247 2639 2254 -
2665 2219 2951 2282 Pmpterea
2970 2219 3079 2267 haec
3102 2217 3237 2266 dicit
3258 2217 3549 2265 Dominus
3565 2225 3582 2244 ε
3601 2216 3717 2264 Deus

2104 2290 2435 2338 exercituum
2462 2290 2793 2347 dominator,
2822 2292 2885 2338 In
2909 2289 3167 2338 omnibus
3192 2288 3393 2349 plateis
3418 2288 3524 2336 erit
3547 2287 3716 2351 planc-

2108 2367 2207 2424 tus,
2246 2366 2291 2409 et
2331 2362 2393 2409 in
2434 2362 2636 2409 cunctis
2670 2377 2787 2424 quae
2822 2361 2961 2423 foris
2988 2365 3116 2408 sunt
3152 2361 3390 2422 dicetur,
3422 2360 3530 2419 νε,
3557 2364 3717 2407 vent

2108 2432 2365 2481 vocabunt
2414 2432 2713 2493 agricolum
2753 2432 2825 2480 ad
2873 2432 3099 2491 luctum,
3134 2436 3181 2479 et
3211 2432 3290 2478 ad
3326 2431 3622 2495 planctum
3648 2445 3713 2477 eos

2108 2505 2203 2566 qui
2221 2504 2397 2552 sciunt
2420 2503 2689 2568 plangere.
2719 2504 2784 2551 Et
2802 2504 2861 2550 in
2875 2502 3130 2551 omnibus
3146 2502 3327 2550 vineis
3339 2503 3452 2551 erit
3467 2501 3711 2565 planctus,

2107 2575 2239 2635 quia
2261 2574 2565 2638 petransibo
2599 2575 2657 2622 in
2684 2574 2858 2622 medio
2885 2574 2986 2633 tui,
3011 2574 3143 2623 dicit
3169 2574 3476 2621 Dominus.
3498 2574 3715 2633 Sepositis

2106 2646 2215 2695 illis
2262 2647 2545 2701 versibus,
2579 2658 2723 2707 quos
2761 2657 2834 2695 ex
2858 2657 3104 2704 persona
3135 2644 3411 2694 diximus
3439 2644 3712 2707 propheta.I

2106 2717 2436 2769 miserantis
2456 2716 2664 2780 illatos,
2683 2716 3030 2767 invectionis
3047 2715 3191 2766 ordo
3204 2716 3471 2766 decurrit
3491 2732 3503 2765 :
3522 2720 3587 2765 ut
3600 2718 3709 2778 post

2107 2788 2243 2840 illud
2290 2788 2445 2851 quod
2490 2790 2587 2851 ait,
2622 2789 2789 2837 hostes
2829 2787 2987 2850 justi,
3029 2788 3357 2849 accipientes
3400 2802 3647 2845 munem,
3676 2792 3709 2832 cl

2106 2874 2367 2923 pauperes
2385 2861 2444 2908 in
2460 2866 2616 2923 porta
2632 2860 3131 2923 deprimentesi/eo
3147 2859 3403 2923 prudens
3420 2859 3483 2906 in
3505 2864 3717 2921 tempore

2108 2930 2202 2979 illo
2219 2932 2418 2991 tace/.it,
2431 2932 2566 2995 quia
2588 2937 2792 2996 tempus
2808 2930 3021 2979 malum
3036 2937 3129 2985 est,
3153 2943 3435 2981 connexa
3475 2928 3713 2979 videatur

2111 3003 2335 3055 illatum
2367 3022 2375 3051 :
2409 3004 2697 3065 Propterea
2741 3002 2847 3051 haec
2883 3002 3014 3050 dicit
3040 3002 3321 3050 Dominus
3351 3001 3517 3063 Deus,
3542 3006 3597 3051 et
3616 2998 3713 3049 reli-

2118 3090 2246 3140 qua,
2301 3086 2430 3138 quas
2477 3077 2837 3136 sequuntur:
2884 3073 3346 3125 lamentationes
3385 3072 3648 3123 videlicet
3667 3071 3714 3119 in

2124 3148 2390 3199 omnibus
2416 3144 2618 3209 plateis
2635 3144 3055 3196 audiendas.Et
3071 3145 3132 3193 in
3157 3145 3397 3203 cunctis,
3416 3147 3597 3205 inquit,
3621 3158 3715 3205 qua

2122 3221 2257 3281 foris
2280 3223 2405 3267 sunt
2430 3217 2651 3279 dicetur,
2691 3218 2786 3276 Ve,
2824 3232 2897 3266 υε
2921 3232 2936 3265 :
2967 3217 3102 3279 quia
3132 3216 3416 3280 planctus
3442 3215 3560 3266 fore
3582 3214 3717 3264 dixe-

2124 3296 2211 3342 rat
2233 3290 2288 3339 in
2324 3289 2540 3353 plateis,
2568 3287 2803 3348 addidit,
2823 3290 2879 3339 et
2911 3300 3045 3351 quae
3067 3287 3213 3338 foris
3236 3292 3381 3339 sunt
3406 3285 3584 3337 simili
3606 3297 3715 3334 cum

2123 3362 2432 3425 ploratione
2460 3359 2629 3424 [Forte
2658 3359 3123 3423 comploratione]
3153 3358 3492 3420 miscenda,
3528 3362 3587 3408 ut
3621 3369 3717 3407 non

2121 3434 2320 3496 utique
2346 3431 2483 3483 solis
2519 3431 2803 3481 videretur
2834 3430 3081 3481 urbibus
3109 3430 3489 3481 comminari.
3528 3430 3716 3480 Dicitur

2120 3506 2309 3568 itaque
2356 3506 2474 3554 tota
2522 3502 2754 3565 regione
2806 3502 2907 3562 Vae,
2954 3515 3064 3550 vae:
3095 3505 3155 3552 et
3180 3504 3307 3551 tam
3334 3502 3546 3561 vineae,
3571 3512 3717 3564 quam

2120 3576 2307 3638 campi
2335 3580 2509 3637 atque
2534 3577 2761 3624 montes
2784 3572 3226 3624 miserabilibus
3251 3571 3719 3636 personabuntla

2118 3648 2345 3699 mentis.
2376 3646 2515 3704 Quia
2540 3644 2872 3709 pm'transibo
2896 3645 2957 3691 in
2983 3644 3162 3692 medio
3181 3644 3286 3703 tui,
3308 3644 3444 3692 dicit
3460 3644 3717 3693 Dominus.

2119 3720 2230 3770 Diu
2276 3730 2387 3780 me,
2424 3717 2612 3781 inquit
2647 3716 2813 3779 quasi
2836 3716 3167 3778 absentem,
3208 3718 3270 3766 et
3303 3728 3444 3779 quas
3468 3714 3717 3779 gereretis

2116 3791 2348 3856 penitus
2370 3802 2487 3840 non
2512 3788 2821 3845 videntem,
2856 3800 2927 3837 ne
2958 3786 3282 3850 quidquam
3306 3786 3455 3837 estis
3479 3786 3681 3849 experti
3705 3801 3715 3834 :

2114 3862 2257 3914 nihil
2282 3861 2437 3913 enim
2468 3860 2539 3912 de
2564 3858 2965 3910 emendatione
2993 3871 3098 3923 per
3121 3862 3246 3909 tam
3274 3858 3490 3923 longas
3514 3859 3717 3905 inducias

2115 3932 2429 3997 cogitastis.
2474 3933 2638 3983 Nunc
2667 3932 2789 3993 jam
2820 3932 2878 3980 in
2894 3932 3196 3993 regionem
3226 3934 3397 3981 tuam
3428 3927 3712 3987 sacrilegiis

2110 4004 2475 4069 inquinatam
2501 4004 2552 4055 is
2575 4003 3005 4055 animadversor
3035 4002 3353 4063 ingrediar,
3376 4002 3473 4053 cui
3501 4000 3713 4052 ulterius

2112 4090 2227 4129 non
2278 4074 2514 4140 possitis
2554 4074 2810 4126 illudere.
2842 4074 3201 4125 Pertransire
3228 4085 3292 4124 se
3320 4086 3466 4124 vero
3493 4073 3635 4123 dicit.
3664 4074 3712 4120 ut

2114 4145 2269 4199 illius
2288 4147 2630 4199 memoriam
2652 4146 2923 4209 temporis
2940 4144 3296 4204 introducat,
3318 4144 3481 4206 quod
3495 4144 3582 4195 vel
3598 4146 3708 4201 .Bgy-

2114 4226 2297 4283 ptum,
2327 4221 2414 4272 vel
2436 4220 2741 4271 Sodomam
2764 4218 2975 4280 legitur
2997 4217 3312 4279 interiisse,
3336 4218 3605 4282 Egyptia
3624 4219 3708 4276 pri-

2114 4292 2432 4355 mogenita,
2451 4292 2542 4343 vel
2570 4290 2912 4342 Sodomitica
2938 4293 3093 4340 tecta
3117 4291 3587 4340 consumens.ln
3601 4292 3706 4335 hunr

2121 4377 2259 4425 ergo
2310 4363 2548 4414 modum
2597 4362 2974 4427 pertransibo,
3025 4366 3092 4411 ut
3126 4360 3299 4412 edam
3327 4374 3511 4424 quam
3541 4361 3708 4412 merita

2120 4435 2381 4498 exigunt,
2410 4434 2706 4485 ultionem.
2734 4432 2894 4484 Unde
2910 4436 2968 4484 et
2989 4432 3148 4498 apud
3176 4433 3421 4484 beatum
3442 4433 3600 4495 Osee,
3615 4447 3708 4481 cum

2120 4506 2191 4557 de
2242 4506 2510 4570 mitigatu
2556 4504 2859 4557 sententiae
2901 4503 3249 4568 disputaret,
3285 4504 3400 4556 ait:
3433 4504 3709 4563 QuiaDeu:

494 4678 511 4697 ·
538 4669 674 4720 Heio
698 4670 1016 4733 negligentes
1040 4682 1142 4734 pro
1167 4669 1507 4734 negligenter,
1532 4682 1690 4734 mox,
1718 4669 1843 4721 sive
1880 4669 2023 4722 alte-
2052 4643 2459 4739 Dlinguarum
2494 4673 2758 4738 peritum,
2783 4670 3058 4722 diximus.

425 4753 485 4791 r0
511 4742 583 4791 ab
612 4742 716 4791 hoc
742 4755 913 4791 versu
938 4742 1336 4804 impudentiam
1364 4754 1464 4805 pro
1488 4741 1913 4804 impendentium
1928 4755 2017 4794 re-

420 4811 787 4874 scripsimus.
810 4814 1229 4877 Ceeterumipse
1246 4813 1430 4875 magis
1446 4812 1748 4876 imperitiae
1772 4816 2020 4862 notandus

427 4884 644 4933 Auctor
688 4887 793 4945 est,
841 4884 939 4945 qui
990 4886 1156 4933 hostes
1179 4886 1314 4947 justi
1339 4884 1544 4933 duobus
1576 4884 1746 4932 modis
1792 4885 2020 4949 intelligi

420 4969 585 5019 posse,
620 4957 918 5004 autumat:
946 4967 1012 5005 ac
1043 4956 1310 5019 primum,
1352 4957 1410 5004 ut
1430 4957 1566 5019 justi
1595 4957 1755 5019 quasi
1788 4958 2018 5019 genitivo

418 5026 719 5087 singulari,
737 5026 976 5089 justitiam
1015 5026 1180 5074 hostes
1204 5029 1648 5089 pronuntiantur,
1675 5028 1829 5089 quod
1856 5028 2020 5079 unice

424 5110 625 5149 verum
645 5104 734 5148 est
766 5116 775 5145 :
816 5101 1008 5148 tumut
1038 5098 1354 5161 hostcsjusti
1368 5115 1463 5162 per
1483 5100 1889 5147 nominativum
1903 5099 2023 5162 plu-

421 5169 593 5217 ralem
632 5169 890 5233 appellati
922 5183 1024 5216 csse
1068 5169 1376 5231 credantur,
1423 5170 1576 5231 quod
1623 5183 1751 5221 cum
1793 5171 2023 5222 Hebraei

419 5242 734 5303 archetypi,
782 5241 1146 5303 aliorumque
1186 5240 1599 5303 exemplarium
1645 5253 1819 5291 sensu
1866 5246 2017 5294 stare

420 5311 580 5363 nullo
610 5311 781 5363 modo
814 5316 1021 5376 potest.
1041 5311 1188 5373 Quin
1210 5312 1380 5362 etiam
1404 5324 1642 5375 arguere
1665 5324 1737 5363 ex
1763 5312 1870 5363 hoc
1894 5312 2019 5364 loco

422 5383 573 5443 licet,
599 5385 815 5435 nedum
842 5385 1137 5435 IIebraicee
1159 5382 1339 5445 illum,
1368 5384 1468 5435 sed
1493 5389 1551 5436 et
1573 5384 2019 5450 Grieceelinguee

425 5454 603 5504 fuisse
645 5456 872 5517 penitus
899 5456 1145 5506 insvium
1168 5469 1178 5514 ;
1206 5470 1392 5520 neque
1416 5456 1589 5519 enim,
1626 5457 1773 5508 utin
1798 5459 2015 5517 Latino,

426 5524 611 5575 locum
637 5528 907 5607 emptiguo
923 5529 1119 5578 sensui
1143 5528 1281 5579 dant
1304 5531 1438 5579 ista:
1462 5530 1626 5607 pt't?
1655 5531 2025 5592 πἾἿῖιτ,θικατα·

423 5604 684 5652 πατοῦντος
731 5598 918 5647 δίκαιον
960 5600 1079 5649 Hoc
1113 5614 1267 5662 vero,
1296 5596 1567 5664 quod'res
1592 5596 1699 5657 est,
1739 5602 1785 5651 si
1830 5602 2023 5652 novis-

427 5669 657 5742 set,‘par
674 5679 794 5742 non
822 5671 909 5716 est
935 5669 1179 5732 credere,
1206 5672 1459 5723 voluisse
1484 5672 1745 5735 ineptum
1761 5686 1831 5723 ex
1848 5677 2021 5723 Latina

435 5734 808 5814 ambiguitate
821 5750 1058 5814 sensum
1074 5745 1406 5794 consectari.
1427 5746 1495 5795 Et
1508 5734 1693 5797 videri
1708 5758 1841 5796 eum
1860 5750 1953 5793 tam
1961 5761 2023 5794 en

448 5812 524 5850 ex
546 5801 882 5858 Prsefatione
925 5810 1331 5865 Commentarii
1353 5815 1416 5867 in
1438 5816 1643 5870 Oscam
1667 5818 1807 5871 satis
1828 5829 2028 5871 earum

2184 4748 2205 4775 ³³
2232 4746 2558 4809 Legebatur
2585 4749 2745 4808 atque
2779 4755 2877 4805 pro
2894 4743 3080 4805 atqui:
3110 4754 3254 4793 mox
3275 4742 3709 4794 etiamadverbio

2121 4823 2441 4883 opportune,
2456 4817 2701 4868 alterum
2726 4814 3135 4865 sufilciendum
3157 4814 3395 4865 videtur
3411 4815 3709 4878 importune,

2185 4901 2203 4920 ο
2235 4890 2576 4942 Suﬂ‘ecimus
2599 4888 2729 4949 heic
2755 4899 2968 4938 nomen
2994 4886 3153 4947 Deus,
3185 4886 3343 4950 quod
3374 4885 3706 4937 deerat:tum

2122 4963 2340 5011 dixistis
2360 4975 2460 5024 pro
2484 4961 2646 5019 dixit,
2676 4959 2943 5019 legimus,
2971 4958 3322 5021 cogentibus
3344 4960 3591 5021 utroque
3606 4958 3707 5007 loco

2122 5046 2254 5085 cum
2280 5032 2516 5097 reliquis
2539 5032 2699 5082 libris
2717 5030 3007 5091 omnibus,
3035 5032 3161 5080 tum
3189 5028 3483 5092 praecipue
3500 5029 3708 5077 Hebraieo

2121 5104 2453 5167 exemplari.
2503 5104 2633 5154 Mox
2670 5101 2825 5165 quod
2850 5100 3078 5163 dicitur,
3105 5099 3366 5148 custodite
3393 5099 3453 5146 in
3475 5105 3639 5163 porta,
3660 5098 3704 5148 in

2121 5176 2369 5227 laudatis
2394 5174 2593 5226 iisdem
2613 5173 2769 5225 libris
2792 5175 2901 5234 est,
2917 5171 3228 5221 constituite
3246 5172 3305 5219 in
3318 5171 3515 5235 portis.

2185 5248 2206 5277 ⁸
2236 5247 2529 5299 Contrario
2555 5258 2749 5301 sensu.
2774 5248 2832 5295 et
2856 5243 3066 5307 supino
3084 5242 3264 5294 nimis
3290 5254 3503 5305 errore,
3518 5242 3699 5295 lectum

2122 5320 2211 5373 est
2234 5319 2535 5375 hactenus,
2560 5332 2626 5365 ne
2647 5316 2803 5377 forte,
2839 5318 2946 5366 etc.

2184 5403 2203 5425 ο
2227 5393 2413 5454 Atque
2444 5388 2571 5440 heic
2598 5386 2926 5439 suti'ecimus
2950 5385 3110 5445 Deus,
3154 5385 3312 5448 quod
3337 5386 3540 5437 aberat
3563 5400 3575 5435 :
3600 5389 3697 5435 tum

2120 5461 2233 5514 illa.
2270 5466 2314 5511 et
2336 5462 2410 5511 ad
2432 5461 2711 5526 planctum
2728 5473 2811 5507 eos
2835 5457 2933 5522 qui
2954 5457 3138 5507 sciunt
3172 5457 3455 5521 plangere,
3484 5459 3603 5517 etc,,
3630 5468 3696 5506 re-

2121 5533 2360 5585 ﬂximus
2383 5532 2455 5584 ad
2480 5532 2792 5583 Hebraeum
2814 5528 3216 5591 archetypum,
3243 5534 3302 5580 et
3326 5528 3695 5591 Hieronymu-

2122 5617 2256 5657 nam
2281 5604 2623 5665 versionem,
2659 5615 2790 5653 cum
2823 5604 2994 5652 antea
3022 5599 3236 5651 vitiose
3279 5600 3362 5652 ita
3395 5600 3695 5658 haberetur,

2122 5677 2385 5739 agricolas
2411 5677 2483 5725 ad
2507 5675 2706 5723 luctum
2731 5677 2776 5721 et
2790 5672 3088 5736 planctum.
3115 5671 3224 5721 Eos
3248 5672 3350 5735 qui
3372 5671 3549 5720 sciunt
3568 5671 3689 5734 plan-

2121 5763 2255 5810 gere,
2281 5752 2388 5799 etc.
2417 5750 2530 5798 Nec
2564 5744 2821 5807 dubium,
2857 5743 3000 5805 quin
3026 5741 3157 5794 haec
3179 5742 3300 5794 sint
3324 5742 3535 5794 menda
3554 5741 3687 5791 lihrav

2125 5818 2227 5870 riis
2256 5820 2365 5871 trib
2373 5818 2573 5871 uenda.
