3866 6206
65 315 155 370 ι81

74 445 125 489 o,
156 437 206 480 et
238 446 357 479 non
372 434 532 482 homo
548 432 609 479 in
624 431 891 480 mediotui
914 437 1147 491 sanctus,
1163 437 1208 480 et
1229 446 1339 481 non
1359 432 1641 495 ingrediar

68 503 306 550 vitalem
351 503 492 565 (Osce
534 502 614 556 11.
645 501 737 565 9.).
771 502 931 564 Quod
957 515 1090 565 ergo
1140 503 1217 553 ibi
1242 516 1303 553 se
1335 504 1639 555 miseratus

63 575 386 626 remiserat
423 586 537 624 non
583 588 709 624 esse
742 578 1064 635 gesturum,
1101 574 1158 625 id
1183 589 1338 627 nunc
1363 576 1646 627 facturum

64 644 339 697 )llicetur
375 647 576 707 iratus,
608 646 663 696 id
698 651 805 704 est,
844 660 943 709 per
974 647 1225 697 medium
1257 647 1447 712 populi
1474 650 1645 699 ulcis-

62 718 429 767 3ntisauimo
462 718 855 768 transiturum.
874 719 1015 767 Cum
1039 722 1236 769 autem
1268 720 1470 770 harum
1498 720 1646 771 cala-

62 789 309 839 iitatum
341 802 519 851 agger
542 789 782 849 irruerit,
805 788 1071 852 agricola:
1102 803 1221 841 non
1244 792 1312 840 ad
1340 795 1643 857 culturam,

62 859 124 909 rd
152 860 231 910 ad
265 860 523 911 lamenta
547 861 905 923 convenient,
931 868 1316 913 convocantes
1349 869 1644 925 secumqui

62 932 212 981 fiant
231 931 527 995 [.ilangere.
544 933 703 994 Quod
719 932 1038 983 secundum
1052 948 1237 981 morem
1253 937 1394 982 illius
1408 938 1644 995 regionis,

60 1002 112 1050 ui
144 1002 335 1052 etiam
378 1003 531 1066 apud
573 1002 715 1053 alias
743 1007 947 1065 gentes
982 1003 1225 1066 vigebat,
1263 1005 1483 1056 illatum
1518 1013 1643 1059 est:

60 1080 175 1121 rant
203 1075 373 1123 enim
410 1074 677 1125 funebres
712 1074 1037 1135 cantilena},
1072 1087 1217 1138 quas
1242 1080 1499 1137 rythmum
1525 1096 1649 1140 prm-

59 1144 535 1215 lnentiﬁbusaliis,
554 1148 723 1195 turba
736 1146 1063 1196 resonabat.
1081 1145 1225 1210 Ergo
1248 1150 1414 1211 quasi
1431 1154 1495 1202 ut
1513 1150 1647 1215 legi-

60 1214 401 1282 mum533
441 1216 633 1281 populi
687 1217 861 1267 funus
921 1218 1281 1281 exprimeret,
1339 1214 1647 1286 plangendi

57 1286 281 1337 cientes
309 1288 618 1339 denunciat
644 1289 1060 1339 convocandos.

82 1358 260 1408 Vere.
294 1356 495 1412 18.420.
546 1387 604 1394 —
650 1360 744 1407 Vae
767 1359 1201 1410 desiderantibus
1223 1362 1366 1412 diem
1399 1365 1643 1421 Domini,

62 1434 77 1474 t
132 1430 277 1491 quid
321 1444 440 1477 eam
468 1430 609 1479 vobis
629 1434 652 1481 ?
672 1432 795 1479 Dies
820 1432 1046 1479 Domini
1074 1433 1193 1491 ista,
1222 1434 1439 1484 tenebrae
1462 1442 1506 1483 ct
1537 1454 1647 1487 non

61 1514 138 1548 ex.
179 1500 471 1558 Quomodo
508 1502 556 1549 si
576 1501 757 1563 fugiat
782 1503 867 1550 vir
900 1519 933 1550 α
957 1503 1094 1564 faeie
1117 1504 1301 1565 leonis,
1327 1513 1371 1554 et
1400 1517 1653 1559 occurrat

55 1571 66 1616 ἱ
93 1585 327 1623 rursus:
364 1578 409 1620 et
448 1573 793 1635 ingrediatur
818 1574 1065 1635 domum,
1100 1581 1143 1623 et
1176 1577 1449 1625 innitatur
1476 1596 1645 1629 manu

53 1659 126 1689 ua
148 1657 325 1703 super
345 1643 626 1707 parietem,
652 1649 695 1691 et
729 1646 964 1694 mordeat
989 1661 1111 1694 eum
1135 1648 1355 1697 coluber.
1376 1650 1649 1715 Nunquid

53 1730 137 1760 tm
160 1714 393 1763 tenebrae
418 1715 528 1764 dies
557 1716 856 1774 Domihi,et
880 1732 989 1764 non
1015 1718 1146 1766 lux:
1177 1726 1223 1767 et
1252 1720 1442 1781 caligo.
1462 1714 1645 1773 etnon

54 1784 295 1847 plendor
322 1786 377 1832 in
398 1802 456 1834 ea
477 1786 827 1837 iConsilium
848 1792 905 1838 et
940 1790 1297 1853 propositum
1321 1793 1544 1855 pietatis
1569 1796 1648 1846 di-

53 1856 216 1917 vinas,
238 1856 512 1906 Gentium
538 1858 812 1921 magister
836 1860 1172 1909 ostendens:
1200 1861 1439 1926 Bonitas,
1458 1867 1641 1925 inquit,
1673 1856 1682 1904 5

51 1926 132 1973 Dei
158 1927 236 1973 ad
258 1928 643 1990 paenitentiam
669 1935 713 1977 te
738 1929 978 1993 adducit,
995 1933 1295 1980 secundum
1319 1939 1494 1983 autem
1509 1937 1665 1985 duri-

62 1997 175 2044 iam
199 2004 380 2061 tuam,
400 2005 546 2048 etcor
561 2000 922 2065 impaenitens,
944 2006 1001 2050 tu
1027 2001 1121 2050 tibi
1155 2003 1487 2055 thesaurisas
1515 2009 1660 2059 iram

51 2070 94 2116 in
123 2070 211 2117 die
236 2070 337 2118 irae
356 2072 523 2133 (Rom.
550 2070 599 2124 2.
638 2070 729 2134 5.),
761 2077 826 2123 ut
860 2072 1286 2137 ipsadilatione
1309 2079 1658 2134 cumulatam

50 2141 304 2214 excipias
332 2141 626 2193 ultionem.
648 2144 769 2195 Hoc
793 2157 929 2208 ergo
956 2148 1251 2209 proposito
1264 2153 1556 2199 consulendi
1578 2169 1665 2214 per

49 2212 368 2264 multorum
380 2227 581 2277 regum
596 2219 798 2267 aetates
816 2217 1170 2281 prophetalis
1183 2220 1549 2274 comminatio
1562 2212 1666 2284 per-

49 2285 295 2336 sonabat
314 2303 324 2333 :
343 2290 400 2337 et
426 2286 668 2351 praeibat
696 2286 1095 2339 describendis
1113 2288 1539 2345 calamitatibus
1559 2300 1668 2347 ter-

47 2355 186 2406 roris
202 2357 469 2419 ambitio,
484 2370 615 2421 quae
628 2358 687 2409 in
699 2359 1029 2423 pectoribus
1047 2363 1362 2411 audientium
1382 2368 1671 2415 formidinis

47 2428 97 2476 et
119 2428 498 2479 correctionis
522 2429 829 2481 suscitaret
843 2431 1013 2482 affect
1024 2444 1152 2489 um;
1173 2433 1273 2484 sed
1290 2434 1368 2486 illi
1391 2437 1486 2499 qui
1510 2438 1669 2492 abuti

48 2499 318 2550 remediis
346 2499 772 2572 adsuevissent,
802 2500 1135 2554 dilationem
1170 2517 1472 2569 pmnarum
1497 2514 1670 2572 atque

47 2572 324 2621 mortium
336 2571 405 2622 ad
424 2572 703 2624 mendacii
714 2576 1114 2637 argumentum
1132 2578 1413 2640 trahebant,
1429 2571 1649 2630 dicentes

50 2640 340 2703 videlicet,
365 2643 672 2707 prophetas
704 2632 1219 2697 commemorando
1242 2632 1668 2709 diem'Domini:

49 2724 226 2784 vanos
244 2714 499 2765 excitare
514 2719 772 2767 terrores.
791 2720 943 2778 Ergo
958 2718 1106 2775 inter
1116 2724 1321 2771 cratera
1337 2734 1469 2784 qua:
1489 2712 1672 2776 lascive

50 2782 429 2847 improbeque
455 2787 855 2850 loquebantur,
875 2789 986 2839 ista
1011 2801 1241 2852 quoque
1268 2782 1397 2842 cum
1414 2793 1673 2853 irrisione

51 2853 345 2929 dicebant,
361 2858 641 2922 videlicet,
666 2872 729 2911 se
745 2860 1072 2912 desiderare
1091 2860 1245 2913 diem
1266 2863 1514 2929 Domini,
1539 2874 1596 2920 et
1608 2867 1674 2921 ut

56 2926 293 2979 tandem
308 2930 672 2993 revelaretur,
688 2936 912 2995 optare;
932 2945 972 2983 n
983 2945 1058 2984 on
1076 2933 1230 2996 quod
1247 2936 1397 2987 veris
1408 2926 1675 2991 desideriis

64 3010 192 3049 eam
210 3000 589 3066 postularent,
610 3002 710 3053 sed
722 3004 877 3066 quod
890 3017 1250 3068 nequaquam
1264 3008 1527 3062 veniente
1539 3022 1673 3062 com'

65 3070 414 3123 minantium
426 3074 834 3138 prophetarum
851 3074 1072 3127 falsitas
1091 3078 1437 3141 proderetur.
1458 3085 1669 3133 Proinde

67 3142 362 3219 sacrilegis
386 3146 615 3219 conscia
633 3159 759 3199 suae
783 3147 1037 3219 Veritatis
1062 3162 1306 3201 censura
1336 3150 1664 3219 denunciat,

66 3214 220 3275 quod
264 3215 419 3266 illam
442 3217 780 3270 desideratas
836 3218 949 3270 diei
983 3220 1394 3284 professionem
1437 3214 1666 3278 afﬂictio

67 3285 373 3349 multiplex
398 3294 800 3352 consequatur,
827 3302 933 3340 nec
950 3275 1032 3341 eis
1052 3290 1193 3343 illud
1212 3275 1667 3359 tempusadbonu
1696 3275 1743 3348 (ἶ

66 3363 429 3433 argumenta,
456 3360 557 3433 sed
592 3362 662 3411 ad
703 3360 986 3424 stipendia
1021 3363 1556 3433 dura'respondeat,
1584 3374 1670 3420 ta-

66 3426 269 3491 lesque
287 3430 677 3483 calamitatum
694 3433 1222 3497 orianturprocellze
1238 3426 1421 3489 utillic
1438 3426 1669 3490 acerbius

66 3499 377 3552 discrimen
404 3516 629 3567 semper
644 3508 922 3563 occurrat,
949 3517 1294 3570 quoounque
1312 3511 1506 3562 miseri
1532 3526 1670 3565 con-

68 3570 406 3634 fugiendum
432 3576 702 3638 putarint.
729 3576 863 3627 Dies
880 3576 1099 3640 (inquit)
1122 3577 1213 3628 ille
1239 3583 1524 3644 squalebit
1546 3588 1667 3635 adeo

66 3654 351 3706 angorum
366 3647 637 3707 tenebris,
663 3650 728 3698 ut
744 3648 965 3699 nullum
985 3650 1360 3703 consulentire
1378 3653 1572 3707 lumen
1583 3672 1668 3705 re-

68 3714 308 3778 linquat,
336 3717 436 3767 sed
461 3728 496 3768 a
530 3719 775 3781 pernicie
818 3718 876 3769 in
922 3720 1246 3783 perniciem,
1287 3736 1346 3774 se
1371 3724 1669 3781 formidine

70 3786 377 3862 miserrimi
400 3789 744 3862 exagitante,
761 3789 1110 3841 discurrant:
1141 3794 1265 3843 utsi
1288 3797 1419 3857 quis
1441 3797 1668 3862 fugiens

68 3858 734 3935 insequentem_leonem
772 3863 921 3913 ursis
952 3864 1327 3916 saevientibus
1365 3858 1576 3935 obviet,
1603 3884 1669 3923 ac

69 3931 278 3982 subitm
296 3930 619 3983 formidinis
631 3937 941 3994 augmenta
967 3946 1293 4000 perpessus,
1319 3930 1670 3993 domum'ali-

67 4012 243 4063 quam
274 4002 626 4054 occulendus
652 4004 950 4068 irrumpat,
975 4018 1223 4069 cumque
1248 4020 1427 4060 manu
1449 4014 1665 4074 parieti,

71 4078 134 4146 ut
149 4079 280 4136 post
291 4077 511 4125 tantam
522 4076 1047 4128 consternationem
1061 4077 1357 4139 paululum
1369 4086 1666 4146 requiescat,

66 4145 403 4206 admoverit,
445 4159 702 4198 morsum
732 4149 1011 4211 serpentis
1050 4149 1112 4199 in
1142 4149 1413 4201 foramine
1438 4145 1667 4207 latentis

68 4214 324 4269 incurrat
346 4236 355 4265 :
372 4218 565 4281 sicque
578 4232 805 4271 veneno
816 4220 877 4271 in
902 4220 1120 4271 viscera
1136 4220 1382 4285 labente,
1401 4226 1666 4286 dispereat.

70 4286 344 4354 Nunquid
367 4306 474 4340 non
503 4292 721 4341 tenebrae
743 4293 852 4341 dies
878 4292 1119 4355 Domini,
1144 4300 1190 4342 et
1213 4310 1325 4343 non
1350 4295 1474 4344 tuac:
1502 4302 1547 4346 et
1576 4314 1667 4347 ea-

70 4358 175 4421 ligo
199 4368 248 4411 et
272 4377 383 4410 non
408 4363 553 4427 splen
564 4364 662 4412 dor
684 4365 745 4412 in
779 4380 842 4413 ea
860 4364 885 4412 1?
920 4366 1044 4416 Non
1069 4365 1257 4417 solum
1282 4368 1663 4432 tenebrosam,

70 4432 168 4482 sed
197 4434 371 4507 etiam
393 4434 766 4507 caliginosum
795 4435 947 4487 illam
971 4450 1099 4488 esse
1120 4442 1346 4489 noctem
1364 4438 1664 4507 denuncio,

68 4515 179 4563 qua
196 4505 463 4556 videlicet
484 4509 541 4557 et
562 4506 665 4559 lux
679 4508 969 4559 securitati
986 4507 1265 4573 abigetur,
1288 4514 1345 4562 et
1365 4510 1521 4563 nulla
1538 4505 1669 4565 con-

68 4575 413 4628 solationum
439 4578 626 4630 sidera
650 4579 1055 4632 sublucebunt.

129 4648 291 4700 Vers.
328 4646 524 4703 21.34.
565 4677 629 4687 —
655 4650 753 4701 Odi
787 4656 834 4699 et
877 4651 1076 4716 projeei
1117 4653 1423 4716 festivitates
1444 4660 1660 4719 vestras,
1697 4638 1753 4712 D

71 4725 114 4765 et
139 4735 251 4769 non
276 4722 494 4785 capiam
518 4722 738 4771 odorem
770 4728 996 4772 caluum
1019 4730 1330 4775 vestrorum.
1360 4726 1565 4784 Quodsi
1580 4730 1665 4777 ob-

72 4790 311 4841 tuleritis
348 4793 487 4841 mihi
529 4794 979 4855 holocautomata,
1014 4801 1057 4844 et
1097 4811 1325 4846 munera
1364 4805 1530 4847 vestra
1558 4816 1669 4850 non

74 4875 95 4908 ε
106 4863 394 4928 uscipiam,
415 4870 460 4913 et
482 4870 602 4914 vota
626 4866 919 4929 pinguium
934 4871 1224 4917 vestrorum
1238 4883 1347 4919 non
1362 4871 1663 4934 respiciam.

133 5045 149 5064 ³
176 5035 522 5089 Addidimus
548 5043 711 5089 vestro
744 5040 899 5104 quod
925 5039 1138 5105 deerat,
1177 5041 1459 5094 Hebraico
1482 5038 1681 5107 textu,‘

71 5110 405 5171 cazterisque
427 5112 910 5176 suifragrantibus
944 5113 1124 5163 libris.

130 5181 149 5210 δ
174 5181 412 5233 Addunt
432 5184 688 5248 plerique
710 5184 837 5235 libri
866 5198 999 5236 cum
1020 5187 1146 5249 ipso
1172 5186 1467 5249 Prophetas
1503 5192 1666 5240 textu

75 5253 131 5301 in
147 5255 375 5314 deserto;
400 5257 718 5308 econtrario
743 5255 884 5308 illud
911 5256 1052 5306 vobis
1076 5256 1333 5321 reticent,
1357 5259 1457 5309 ubi
1480 5261 1666 5308 dicitur

73 5339 202 5386 quas
224 5327 420 5388 fecistis
450 5328 607 5380 vobis.

130 5407 145 5425 ε
172 5399 417 5449 Demum
466 5412 654 5463 neque
691 5399 910 5452 nomini
956 5401 1009 5451 S.
1047 5400 1307 5453 Doctoris
1331 5401 1529 5464 parcit,
1555 5414 1669 5464 quo

72 5465 348 5520 hactenus
364 5470 747 5534 dissimulato,
764 5471 905 5522 satis
919 5471 1122 5523 habuit
1138 5471 1325 5523 dicam
1337 5470 1578 5521 doctrinis
1591 5477 1667 5521 in-

72 5538 218 5608 l‘erre.
243 5543 440 5604 Neque
458 5556 594 5594 vero
614 5544 765 5594 imus
788 5544 1032 5608 inﬁcias,
1058 5544 1207 5595 hanc
1222 5545 1346 5607 ejus
1368 5546 1663 5592 sententiam

69 5607 532 5663 delsraelitarum
566 5613 625 5664 in
649 5613 877 5665 deserto
894 5619 1168 5678 perpetua
1192 5614 1365 5664 ferme
1384 5616 1667 5661 idololatria

76 5680 260 5732 minus
287 5684 509 5744 probari
538 5683 666 5734 aliis
698 5684 883 5736 doctis
909 5698 940 5736 e
975 5685 1354 5737 recentiorum
1380 5684 1667 5749 praecipue

70 5749 382 5815 choro;sed
396 5756 494 5816 qui
520 5756 777 5805 miseram
802 5756 1115 5819 opinionem
1145 5768 1269 5805 eam
1295 5767 1503 5806 vocare
1518 5757 1665 5803 audet

76 5821 289 5884 Noster,
344 5836 436 5876 nm
488 5825 610 5889 ipse
668 5839 729 5877 se
779 5827 1073 5887 miserum,
1121 5825 1406 5877 Rutiniani
1450 5825 1668 5886 ingenii

84 5894 286 5954 prodit.
305 5896 409 5947 Est
423 5899 482 5947 et
506 5894 651 5949 illud
668 5896 963 5960 iniquioris
980 5897 1302 5958 infensique
1324 5895 1502 5946 animi
1522 5894 1670 5945 indi-

1231 319 1304 370 IN
1340 319 1532 371 AMOS
1563 317 2089 372 COMMENTARIU
2097 322 2149 372 S.

3217 325 3357 382 1082

1664 435 1719 508 Α
1752 433 1922 495 Aufer
1957 450 1993 483 a
2014 449 2099 483 me
2124 434 2417 508 tumultum
2447 439 2757 488 carminum
2784 443 3027 490 tuorum:
3062 444 3111 489 et
3144 441 3359 492 cantica

1750 508 1994 569 lyrwtum
2010 520 2121 555 non
2144 500 2393 559 audiam.
2416 509 2482 557 Et
2504 509 2828 559 revelabitur
2851 512 3010 575 quasi
3034 512 3356 575 aquajudi-

1748 577 1911 636 cium,
1937 577 2216 641 etjustitia
2241 580 2399 641 quasi
2416 585 2621 630 torrens
2635 581 2812 643 fortis.
2836 585 3077 639 Quamvis
3093 587 3357 643 arguendo

1746 651 1960 712 Israeli,
1984 650 2041 701 id
2066 655 2172 712 est,
2194 650 2391 702 decem
2419 652 2696 711 tribubus,
2723 655 2937 718 majore
2960 657 3118 719 parte
3143 655 3357 706 oratio-

1747 722 1836 773 nis
1854 722 2143 786 institerit,
2163 727 2356 773 tamen
2374 723 2547 774 etiam
2577 722 2752 791 534
2785 726 2954 777 Judte
2977 727 3186 779 delicta
3210 739 3348 778 con-

1753 794 1933 856 tingit.
1957 793 2247 857 Siquidem
2272 797 2329 845 et
2352 794 2497 844 inter
2524 795 2794 859 principia
2822 799 3007 862 operis
3037 812 3171 850 cum
3194 798 3347 849 intu-

1749 866 1913 917 lisset
1938 866 2300 918 diversarum
2324 867 2581 929 gentium
2607 869 2980 930 mentionem,
3006 870 3355 934 pervenitad

1751 939 1984 997 Judam,
2010 942 2068 989 et
2090 938 2171 989 ait
2206 954 2217 988 :
2242 938 2418 1002 Super
2451 938 2621 987 tribus
2650 940 2926 990 sceleribus
2957 942 3111 991 Judte
3133 948 3176 990 et
3199 956 3361 1004 super

1754 1015 1994 1071 quatuor
2028 1024 2133 1058 non
2161 1015 2468 1058 convertam
2504 1025 2644 1070 eum,
2680 1025 2735 1057 eo
2767 1012 2911 1074 quod
2936 1011 3175 1075 abjecerit
3199 1013 3360 1075 legem

1750 1082 1995 1140 Domini,
2021 1087 2067 1130 et
2087 1082 2353 1130 mandata
2387 1082 2503 1146 ejus
2533 1097 2641 1130 non
2668 1083 2992 1130 custodierit.
3026 1084 3360 1147 Deceperunt

1749 1155 1897 1201 enim
1920 1169 2003 1201 eos
2033 1153 2179 1202 idola
2214 1169 2331 1214 sua,
2358 1159 2473 1217 post
2502 1170 2618 1217 qua
2639 1154 2890 1202 abierunt
2914 1158 3095 1217 patres
3124 1168 3319 1204 eorum
3345 1167 3357 1204 :

1748 1232 1792 1280 et
1841 1227 2051 1274 mittam
2090 1226 2268 1289 ignem
2310 1225 2369 1274 in
2402 1226 2627 1287 Judam,
2661 1231 2706 1274 et
2742 1225 3013 1275 devorabit
3051 1225 3180 1275 aedes
3202 1225 3363 1274 Jeru-

1748 1298 1928 1347 salem.
1950 1298 2310 1360 Quamquam
2334 1309 2470 1362 ergo
2496 1296 2690 1349 Israeli
2708 1296 3106 1348 vehementior
3129 1295 3366 1346 institis-

1751 1372 1868 1418 set:
1891 1371 2081 1419 lamen
2106 1372 2409 1432 postquam
2429 1369 2500 1419 ad
2513 1367 2945 1433 exprimendam
2975 1367 3128 1420 diem
3147 1368 3363 1429 Domini,

1748 1433 1806 1491 id
1831 1446 1939 1504 est,
1966 1440 2202 1491 ultionis
2227 1444 2461 1504 tempus
2490 1454 2677 1493 sermo
2704 1440 2984 1505 pervenit,
3010 1441 3254 1504 ejusque
3279 1450 3368 1489 se-

1750 1512 1865 1561 veri
1876 1516 2049 1561 tatem
2062 1511 2115 1560 di
2127 1511 2306 1561 versis
2318 1511 2663 1575 imaginibus
2678 1511 2963 1575 explicare
2974 1512 3366 1571 contendit,un

1754 1584 1955 1645 utique
1993 1583 2257 1634 terribilis
2284 1595 2489 1646 pompa
2524 1583 2802 1634 vindictas
2831 1595 2947 1634 non
2970 1582 3163 1633 minus
3179 1582 3346 1633 Judw

1754 1666 1926 1717 quam
1947 1654 2217 1706 Samaria:
2237 1653 2498 1717 plebibus
2512 1655 2855 1706 imminebat
2871 1670 2885 1702 :
2899 1653 3362 1706 ceremoniarum

1748 1738 1976 1787 quoque
2003 1724 2087 1775 sol
2106 1726 2383 1789 itia,quee,
2412 1725 2708 1789 profanato
2734 1725 2926 1788 Israel,
2944 1726 2975 1775 J
2989 1724 3139 1775 udas
3172 1723 3363 1775 adhuc

1760 1797 2061 1848 videbatur
2091 1798 2388 1857 celebrare,
2407 1803 2679 1849 enervata
2691 1798 2881 1861 potius
2895 1801 2951 1847 et
2966 1797 3057 1859 abj
3067 1797 3195 1848 ecta
3217 1810 3360 1844 mon-

1759 1869 1977 1925 stravit.
2005 1869 2481 1922 commendanda)
2509 1869 2771 1921 videlicet
2796 1868 3096 1920 occasione
3112 1882 3359 1924 censuras,

1758 1942 1909 2003 apud
1946 1953 2121 2003 quam
2148 1941 2293 1992 inter
2313 1942 2520 1992 damna
2553 1954 2796 2003 morum,
2823 1939 3183 2004 placamenta
3206 1940 3362 2002 ejus-

1759 2012 1914 2063 modi
1938 2012 2077 2063 nihil
2093 2012 2364 2076 valerent,
2387 2026 2621 2075 tequum
2634 2012 2959 2075 sejudicem
2976 2012 3237 2074 utrisque
3256 2012 3361 2059 fore

1765 2084 2025 2135 tribubus
2051 2084 2342 2135 indicavit.
2370 2087 2515 2148 Ergo
2546 2084 2817 2137 dilatione
2846 2083 3150 2135 sententiis
3188 2082 3359 2133 etiam

1759 2157 1784 2205 J
1799 2154 1928 2206 uda:
1952 2168 2083 2205 cum
2104 2156 2308 2206 lsraele
2326 2156 2654 2218 denunciat,
2686 2154 2958 2219 quoniam
2984 2158 3172 2205 cretus
3187 2167 3359 2203 eorum

1762 2226 2198 2289 oblationesque
2239 2228 2505 2289 fastidiat,
2549 2234 2606 2278 et
2654 2231 2790 2279 vota
2823 2228 2882 2278 in
2906 2227 3119 2290 quibus
3142 2224 3363 2276 soleant

1764 2298 2009 2361 pingues
2033 2297 2560 2350 hostiasimmolare
2573 2302 2904 2350 contemnat
2922 2316 2931 2346 :
2952 2298 3364 2358 carminibusque

1765 2369 1978 2431 quibus
1995 2369 2090 2419 Dei
2105 2374 2315 2421 canant
2333 2370 2554 2431 laudes,
2572 2370 2650 2421 ita
2675 2370 3012 2430 offendatur,
3042 2370 3365 2419 uttumuuus

1763 2441 1947 2502 magis
1974 2454 2035 2492 se
2070 2442 2411 2505 pronunciet
2436 2442 2663 2505 sentire,
2686 2455 2859 2505 quam
2885 2446 3088 2492 coetus.
3122 2441 3259 2491 Haec
3283 2440 3362 2489 si-

1766 2512 1999 2574 quidem
2021 2513 2210 2563 omnii
2236 2512 2526 2577 religionis
2557 2514 2745 2565 officia
2763 2516 2898 2564 tunc
2928 2517 3090 2575 grata
3106 2524 3234 2562 esse
3250 2514 3362 2565 Deo.

1768 2587 1906 2633 tunc
1930 2583 2153 2646 placita,
2176 2586 2408 2646 quando
2430 2598 2562 2635 cum
2586 2586 2750 2635 bonis
2777 2585 3363 2636 moribusexhibentur.

1768 2657 2052 2706 Caeterum
2079 2655 2126 2705 si
2149 2667 2216 2706 ea
2239 2662 2519 2720 usurpcnt
2542 2655 2852 2719 sacrilegiis
2877 2661 2934 2706 et
2967 2654 3363 2717 iniquitatibus

1770 2725 2105 2787 servientes,
2124 2726 2202 2777 ita
2217 2726 2356 2777 nihil
2374 2732 2748 2790 promoveant
2764 2727 2836 2777 ad
2849 2723 3267 2788 impetrandam
3281 2739 3358 2771 sa-

1768 2797 1965 2857 lutem,
1983 2801 2049 2847 ut
2072 2799 2249 2848 oratio
2273 2811 2469 2849 eorum
2496 2798 2595 2849 llat
2616 2799 2674 2848 in
2700 2801 2993 2857 peccatum
3020 2794 3177 2858 (Psal.
3200 2793 3357 2856 108.).

1769 2870 1873 2919 His
1896 2882 2027 2931 ergo
2052 2869 2274 2919 cunctis
2311 2868 2530 2920 solatiis
2571 2868 2850 2920 convictis
2883 2872 3056 2929 atque
3086 2864 3361 2927 depulsis,

1723 2958 1729 2963 '
1762 2941 2037 3004 judicium
2074 2940 2497 2988 Deircvelubitur
2521 2941 2676 3003 quasi
2700 2954 2875 3003 aqua:
2896 2937 3051 3002 quod
3065 2951 3135 2987 ne
3159 2937 3364 2987 obscu-

1770 3025 1897 3063 rum
1944 3016 2115 3065 esset.
2150 3011 2397 3073 adjecit:
2432 3017 2478 3059 et
2500 3011 2717 3074 justitia
2753 3011 2911 3074 quasi
2955 3016 3163 3058 torrens
3185 3008 3359 3070 fortis.

1770 3082 2074 3136 Inundatio
2088 3096 2183 3134 eas
2199 3082 2471 3133 nimirum
2488 3083 2767 3134 immissae
2785 3080 3122 3133 calamitatis
3134 3081 3365 3141 abripiet,

1769 3160 1823 3206 et
1839 3156 2038 3206 diluvii
2052 3157 2231 3206 instar
2242 3154 2558 3217 extinguet.
2578 3155 2836 3205 Diversis
2847 3155 3000 3205 enim
3018 3151 3366 3215 imaginibus

1771 3227 2086 3290 potentiam
2111 3228 2168 3278 et
2192 3226 2573 3287 cognitionem
2600 3225 2943 3277 vindicantis
2972 3224 3148 3289 gestit
3174 3222 3366 3286 expri-

1772 3311 1944 3348 mere:
1985 3311 2116 3361 quae
2162 3300 2309 3348 sicut
2353 3302 2543 3361 potest
2594 3298 2822 3348 fletibus
2853 3301 3163 3357 antequam
3188 3295 3367 3345 irruat

1770 3370 2048 3433 mitigari:
2078 3383 2209 3420 cum
2236 3369 2513 3421 inciderit.
2535 3382 2651 3419 non
2679 3368 2889 3419 vult-bit
2912 3367 3084 3418 eludi.

1835 3444 1992 3492 Vers.
2021 3440 2220 3495 ‘25.-‘27.
2248 3441 2520 3505 Nunquid
2558 3441 2756 3489 hostias
2789 3445 2832 3489 et
2855 3438 3184 3501 sacriﬁcium
3225 3435 3369 3485 obtu-

1770 3514 1903 3562 listis
1922 3514 2063 3563 mihi
2078 3516 2136 3563 in
2153 3514 2351 3563 des-'rto
2366 3513 2737 3577 quadraginta
2756 3512 2939 3573 annis,
2957 3512 3148 3560 domus
3164 3508 3329 3558 Israel
3344 3512 3367 3558 .9

1768 3586 1835 3635 Et
1857 3588 2111 3651 portastis
2143 3586 2491 3635 tabernacula
2525 3585 2731 3633 Illotoch
2757 3594 2773 3613 ·
2792 3590 2956 3632 vestro
2981 3589 3024 3632 et
3072 3582 3367 3644 imaginem

1772 3657 2040 3707 idolorum
2078 3662 2389 3717 vestrorum,
2445 3656 2595 3704 sidus
2641 3656 2735 3704 Dei
2788 3655 2962 3715 vestri,
3010 3668 3127 3718 quae
3169 3652 3368 3714 fecistis

1768 3728 1927 3779 vobis.
1954 3729 2020 3777 Et
2052 3743 2286 3791 migrare
2325 3743 2411 3776 vos
2446 3727 2653 3791 faciant
2684 3732 2837 3775 trans
2868 3726 3214 3783 Damascum,
3240 3722 3368 3772 dicit

1768 3801 2057 3861 Dominus,
2093 3801 2233 3849 Deus
2278 3799 2615 3848 exercituum
2659 3812 2856 3847 nomen
2890 3797 3021 3861 ejus.
3048 3796 3237 3859 Hujus
3262 3793 3370 3845 loci

1770 3873 1944 3923 etiam
1973 3872 2175 3922 beatus
2201 3871 2527 3934 Stephanus
2558 3870 2667 3920 sub
2696 3875 2951 3933 tempore
2970 3868 3235 3930 gloriosae
3260 3878 3372 3917 me-

1770 3944 1932 3994 minit
1947 3943 2251 4007 passionis.
2268 3944 2412 3993 Nam
2427 3954 2559 3992 cum
2576 3941 2890 3992 furentium
2907 3938 3241 3990 Judeeorum
3260 3937 3370 3988 cin-

1767 4020 1897 4065 ctus
1914 4015 2245 4077 agminibus
2271 4013 2341 4063 de
2361 4012 2745 4075 praenuntiata
2761 4024 2794 4062 a
2820 4011 2995 4062 sacris
3019 4010 3247 4060 vatibus
3263 4010 3371 4057 RC-

1767 4085 2082 4149 demploris
2094 4085 2275 4135 nostri
2297 4084 2567 4147 mysterio
2586 4084 2908 4144 disputaret
2931 4093 2943 4133 :
2972 4082 3078 4131 Con
3090 4083 3255 4135 vertit,
3282 4081 3370 4131 in-

1766 4158 1891 4220 quit
1908 4159 2037 4215 (Act.
2076 4155 2125 4209 7.
2143 4154 2268 4217 42.),
2296 4156 2453 4217 Deus,
2490 4161 2534 4204 et
2559 4154 2785 4203 tradidit
2802 4153 2919 4202 illos
2942 4154 3137 4201 servire
3160 4150 3371 4199 militia

1767 4228 1895 4286 celi,
1929 4228 2065 4277 sicut
2089 4229 2351 4291 scriptum
2380 4233 2450 4275 est
2499 4229 2561 4276 in
2589 4226 2723 4275 libro
2748 4224 3147 4289 Prophetarum
3174 4241 3185 4271 :
3211 4223 3369 4273 Nun-

1771 4301 1908 4365 quid
1930 4300 2177 4349 victimas
2200 4305 2295 4347 aut
2321 4299 2522 4348 hostias
2545 4298 2808 4348 obtulistis
2829 4296 2974 4345 mihi
2996 4294 3372 4359 quadraginta

1765 4372 1950 4432 annis,
1985 4371 2007 4400 ¹³
2047 4372 2238 4420 domus
2269 4370 2450 4430 Israel,
2491 4375 2535 4417 et
2563 4370 2860 4433 suscepistis
2883 4366 3232 4417 tabernacula
3253 4366 3369 4414 Mo-

1766 4444 1961 4502 toch,et
1985 4443 2135 4491 sidus
2169 4442 2258 4495 Dei
2282 4442 2440 4490 vestri
2462 4441 2737 4504 Rempha:
2765 4441 2973 4504 figuras
3021 4453 3157 4503 quas
3173 4437 3369 4500 fecistis

1773 4515 1915 4564 vobis
1930 4514 2160 4563 adorare
2183 4529 2289 4572 eas,
2306 4519 2352 4563 et
2381 4513 2705 4575 transferam
2732 4526 2821 4560 vos
2844 4517 2996 4559 trans
3021 4508 3366 4572 Babylonem.

1777 4589 1963 4638 Locus
1982 4599 2118 4637 vero
2145 4586 2265 4651 ipse
2281 4596 2631 4648 quamquam
2648 4588 2903 4647 apertam
2914 4582 3125 4633 habere
3142 4584 3371 4629 videatur

1776 4669 2061 4719 caussam,
2080 4658 2257 4718 id'est,
2275 4667 2571 4707 censuram
2586 4654 2815 4717 iniquas
2828 4656 2995 4714 plebes
3009 4656 3203 4713 increpa
3215 4661 3363 4701 ntem:

1769 4737 1966 4783 tamen
1982 4728 2061 4779 ita
2078 4728 2392 4780 sententias
2413 4726 2647 4777 miscuit
2659 4725 2728 4776 ad
2742 4725 3237 4788 diversatempora
3255 4740 3365 4783 per-

1766 4802 2037 4853 tinentes.
2055 4805 2119 4850 ut
2133 4812 2248 4849 non
2265 4812 2465 4862 parum
2477 4797 2841 4849 obscuritatis
2858 4795 3370 4856 otl‘uderit.Denique

1768 4870 1944 4940 535
1976 4882 1993 4901 ο
2018 4873 2404 4935 Hieronymus
2435 4870 2493 4919 in
2530 4869 2637 4920 hoc
2666 4868 2790 4920 loco
2823 4868 2964 4919 adeo
2988 4868 3261 4919 miseram
3286 4882 3369 4918 re-

1765 5042 1938 5101 cium,
1960 5041 2111 5105 quod
2137 5041 2536 5104 Hieronymum
2586 5041 2751 5097 ἁπλῶς
2782 5039 3061 5100 nominat,
3086 5039 3243 5091 nulla
3264 5039 3366 5091 ad-

1765 5114 1885 5165 dita
1907 5114 2141 5165 honoris
2188 5112 2624 5177 signiﬁcatione,
2656 5126 2728 5161 ne
2770 5111 3071 5173 Presbyteri
3113 5112 3365 5175 quidem,

1766 5198 1942 5250 quam
1984 5185 2107 5249 ipse
2140 5186 2275 5237 olim
2300 5188 2568 5249 negatam
2614 5184 2720 5242 sibi
2747 5183 3239 5248 compellationem
3264 5184 3368 5232 abs

1764 5259 1985 5308 Joanne
2000 5257 2491 5321 Jerosolymorum
2505 5257 2784 5319 Episcopo
2808 5259 3162 5317 conquestus
3178 5259 3284 5314 est,
3311 5257 3371 5303 et

1764 5328 2000 5392 perinde
2012 5334 2183 5393 atque
2196 5329 2519 5380 convicium
2545 5328 2618 5379 ab
2635 5327 2867 5378 homine
2884 5326 3117 5376 inimico
3131 5324 3277 5375 tulit.
3297 5326 3369 5375 Ut

1765 5404 1958 5451 autem
1973 5400 2276 5463 intelligas.
2297 5413 2469 5464 quam
2493 5400 2664 5451 etiam
2682 5410 2799 5449 non
2830 5395 3190 5449 incommode
3206 5395 3300 5445 illa
3316 5400 3363 5444 S.

1766 5472 1947 5522 Patris
1968 5472 2231 5523 doctrina
2248 5472 2473 5523 defendi
2498 5471 2700 5535 possit,
2728 5467 3238 5521 animadvertenda
3256 5469 3367 5525 ejus

1763 5554 1933 5593 mens
1954 5546 2061 5599 est.
2086 5544 2187 5606 qui
2212 5543 2339 5595 ideo
2355 5555 2557 5594 omnes
2575 5547 2713 5593 tunc
2738 5540 2905 5591 idolis
2935 5540 3157 5591 hostias
3174 5539 3366 5586 oblatas

1765 5614 2123 5677 pronuntiat,
2138 5614 2291 5676 quod
2307 5626 2438 5676 quae
2462 5615 2575 5663 Deo
2590 5624 2727 5663 vero
2744 5611 3146 5672 offerebantur,
3164 5621 3263 5655 non
3289 5611 3364 5654 vl-

1764 5684 2036 5735 dereutur
2077 5694 2149 5735 ex
2186 5684 2379 5735 animo
2419 5684 2625 5734 offerri.
2666 5682 2754 5730 Ea:
2776 5698 2853 5743 eo,
2879 5680 3083 5742 inquit,
3111 5684 3363 5739 tempore,

1766 5770 1873 5818 quo
1897 5770 2099 5804 aurum
2140 5756 2195 5803 in
2230 5759 2391 5817 caput
2424 5753 2580 5802 vituli
2608 5752 3079 5815 transformarunt
3112 5747 3359 5806 dicentes,

1766 5826 1867 5877 Isti
1895 5825 2119 5877 suntdii
2145 5825 2228 5876 tui
2252 5823 2444 5887 Israel,
2465 5827 2593 5885 etc.,
2617 5822 2809 5871 omnia
2828 5836 2945 5884 quae
2966 5820 3224 5887 fererunt,
3247 5832 3364 5865 non

1766 5897 1891 5958 Deo,
1923 5896 2012 5947 sed
2043 5896 2202 5946 idolis
2245 5895 2424 5959 fecisse
2464 5896 2858 5945 monstrantur.
2903 5891 2973 5941 Et
3005 5886 3149 5954 quod
3179 5888 3363 5950 postea
