3866 6206
433 278 573 336 1083

434 393 591 458 cepit
621 389 970 455 opinionem,
987 393 1053 441 ut
1074 386 1288 440 diceret
1310 388 1445 451 quia
1459 388 1669 451 quadra
1682 388 1775 449 gin
1787 392 1796 437 ι
1808 400 1839 438 a
1851 387 2037 448 annis,

441 476 587 530 quos
612 463 671 513 in
702 460 1013 512 solitudine
1036 460 1361 512 referuntur
1385 460 1591 524 egisse,
1623 474 1743 512 non
1768 463 1901 519 Deo,
1938 459 2041 511 sed

437 536 605 589 idolis
634 535 886 585 servisse
911 532 1243 584 videantur:
1279 546 1411 584 cum
1433 533 1573 583 nihil
1595 532 1793 596 utique
1820 534 1928 585 tale
1952 532 2039 583 hi-

437 607 613 659 storia
626 605 945 667 consignet,
962 605 1059 655 sed
1076 609 1297 656 tantum
1310 606 1463 668 quod
1482 609 1653 669 caput
1672 605 1855 665 vituli,
1875 610 1927 653 Mi
1940 620 2038 665 iyso

436 682 721 737 morante,
759 678 1152 738 conﬂaverint,
1194 677 1346 740 quod
1373 683 1564 728 tamen
1600 678 1811 739 statim,
1839 678 2041 728 eodem

435 753 697 815 jubente,
726 749 1119 799 contriverint.
1148 751 1267 799 Non
1290 763 1423 813 ergo
1450 754 1821 800 caeremonias
1846 753 2043 809 Legalcs

446 823 726 873 sideribus
750 825 849 869 aut
873 820 1094 882 angelis
1128 822 1457 875 offerebant.
1492 834 1740 884 quarum
1788 822 1956 871 ritum
1991 825 2047 871 et

444 894 672 944 ordines
715 897 917 941 auctor
940 896 1139 942 noster
1163 893 1389 955 prOprio
1414 906 1510 942 ore
1537 906 1681 954 cum;
1707 897 1879 953 OSUlt,
1907 893 2045 942 sibi-

441 978 551 1027 que
574 964 674 1015 uni
701 964 893 1014 omnia
917 964 1205 1013 offerenda
1228 964 1543 1014 mandavit.
1568 964 1893 1014 Secundum
1921 977 2051 1015 eon-

451 1036 819 1087 suetudinem
836 1048 969 1097 ergo
987 1036 1407 1099 Scripturarum
1422 1036 1649 1087 diversa
1662 1037 1895 1099 quidem
1913 1041 2049 1090 tem-

452 1121 603 1173 pora,
630 1113 904 1180 caeterum
924 1107 1129 1180 similia
1150 1108 1499 1170 increpantis
1518 1108 2046 1180 serinoconjunxit,

456 1185 519 1232 ut
546 1179 885 1239 ostenderet,
903 1181 1037 1241 quia
1065 1179 1121 1229 in
1148 1182 1530 1242 prmsentibus
1556 1179 1868 1243 sacrilegiis
1884 1184 2045 1239 prota-

444 1265 551 1303 nos
606 1252 968 1302 imitarentur
1013 1255 1297 1315 parentes,
1325 1252 1423 1314 qui
1466 1252 1573 1301 sibi
1606 1251 1746 1302 deos
1790 1252 2047 1314 improbe

452 1323 572 1374 ﬁeri
600 1321 976 1385 postulantes,
1021 1322 1082 1373 in
1111 1327 1273 1374 vasta
1310 1322 1615 1374 solitudine
1640 1324 2048 1374 concidissent-

452 1395 595 1457 Quid
622 1407 773 1457 ergo,
801 1395 896 1456 ait,
929 1393 1158 1454 mirum,
1195 1395 1242 1444 si
1269 1399 1326 1446 et
1358 1395 1414 1446 hi
1465 1396 1534 1445 de
1564 1396 1805 1458 prepriis
1835 1395 2046 1445 finibus

450 1467 761 1530 exigantur
785 1470 943 1515 trans
971 1467 1333 1525 Damascum,
1362 1466 1645 1529 videlicet,
1668 1467 1729 1517 in
1763 1466 2046 1528 Babylone

448 1538 714 1600 ultraque
739 1537 1009 1599 perituri?
1035 1539 1195 1599 Quod
1222 1543 1413 1589 autem
1448 1539 1641 1602 posuit
1676 1539 1826 1587 sidus
1851 1539 1945 1588 Dei
1965 1555 2048 1585 ve-

447 1611 566 1671 stri,
606 1610 663 1659 in
690 1609 967 1659 Hebraico
1014 1610 1221 1660 dicitur
1254 1610 1435 1661 stellae
1460 1611 1668 1661 habere
1688 1623 1916 1671 nomen,
1947 1620 1962 1639 ·
1989 1609 2045 1660 id

449 1686 553 1731 est.
581 1680 841 1741 Luciferi,
862 1693 1036 1743 quem
1062 1694 1247 1744 usque
1265 1682 1433 1732 hodie
1450 1682 1745 1733 Sarraceni
1767 1683 1950 1732 colere
1976 1681 2046 1732 fe-

455 1758 683 1804 runtur.
720 1753 801 1802 De
825 1766 938 1815 quo
976 1756 1167 1803 tamen
1191 1753 1333 1804 nihil
1357 1752 1465 1805 tale
1484 1754 1773 1818 Scriptura
1796 1766 2046 1804 comme-

453 1826 654 1882 morat,
680 1793 946 1875 videlicet
969 1837 1035 1875 eo
1061 1829 1335 1888 tempore,
1362 1839 1474 1888 quo
1500 1793 1803 1889 fuittcaput
1826 1826 1956 1877 idoli
1977 1828 2045 1873 fa-
2067 1793 2121 1867 B

451 1896 759 1957 bricatum,‘
778 1895 847 1945 ad
866 1895 1297 1949 similitudinem
1317 1897 1585 1949 nimirum
1598 1898 1847 1962 [Egyptii
1864 1898 2045 1956 bovis,

449 1979 622 2029 quem
659 1968 828 2029 Apim
852 1967 1170 2032 nominant,
1197 1969 1352 2031 quod
1378 1969 1555 2020 stellis
1580 1982 1809 2033 quoque
1836 1968 2048 2019 servire

450 2038 823 2088 decreverint.
873 2038 981 2089 Sed
1020 2039 1360 2103 colligimus,
1392 2040 1527 2103 quia
1549 2054 1650 2104 per
1672 2041 2047 2091 imitationem

454 2110 733 2173 Egyptite
752 2109 1193 2175 superstitionis,
1210 2111 1336 2161 aliis
1353 2126 1583 2176 quoque
1600 2114 1877 2163 Gentibus
1893 2123 2049 2161 com-

451 2184 753 2244 ponantur,
781 2183 947 2243 quasi
972 2181 1116 2232 nihil
1154 2183 1227 2233 sit
1250 2184 1621 2247 profanitatis,
1647 2184 1800 2246 quod
1818 2195 1933 2233 non
1950 2195 2051 2247 per

452 2253 881 2314 susceptionem
900 2254 1073 2303 unius
1099 2254 1235 2305 idoli
1253 2255 1509 2306 venerari
1525 2260 1580 2305 et
1601 2255 1782 2306 colere
1805 2270 2050 2303 censean-

453 2328 561 2374 tur.
589 2325 679 2375 Fit
722 2328 916 2374 autem
961 2330 1269 2376 contextus
1307 2327 1367 2376 in
1416 2327 1699 2387 sensibus,
1732 2328 1777 2377 si
1802 2326 1893 2376 his
1917 2338 2049 2388 quae

452 2394 1008 2457 fuerantinterjecta,
1024 2398 1308 2459 sepositis,
1325 2398 1391 2446 ad
1408 2397 1545 2447 illud
1561 2398 1714 2459 quod
1733 2400 1939 2459 dixerat,
1968 2398 2050 2445 Vm

453 2466 875 2517 desiderantibus
897 2468 1038 2517 diem
1055 2466 1485 2537 Domini,536
1518 2471 1623 2522 hoc
1640 2470 2048 2533 respiciatquod

459 2619 705 2683 quaedam
724 2620 958 2668 Domino
984 2634 1067 2669 eos
1089 2621 1312 2683 legimus
1328 2622 1571 2670 obtulisse
1596 2638 1722 2681 non,
1759 2624 2048 2685 roluntate,

456 2692 839 2752 sedpaenarum
858 2691 1096 2752 fecerunt
1120 2700 1278 2749 metu,
1299 2700 1543 2743 eteorum
1562 2695 2051 2759 interfectione,qui

457 2768 671 2827 propter
688 2762 829 2811 idola
857 2770 1194 2813 corruerunt.
1222 2765 1489 2814 Dominus
1510 2774 1691 2815 autem
1714 2783 1823 2816 non
1853 2784 1913 2815 ea
1936 2783 2053 2831 quae

459 2833 781 2897 o/feruntur,
806 2836 894 2883 sed
918 2835 1243 2885 voluntatem
1270 2838 1480 2898 respicit
1503 2838 1859 2900 oﬂ'erentimn.
1895 2840 2053 2888 Deni-

458 2920 562 2968 que
591 2904 913 2969 ubicumque
928 2908 1131 2955 occasio
1154 2908 1278 2969 fuit,
1304 2924 1508 2973 semper
1531 2910 1685 2959 corde
1705 2912 1900 2960 reversi
1929 2915 2053 2959 sunt

464 2978 520 3024 in
546 2976 861 3042 zEgyptum,
882 2978 1238 3027 desiderantes
1254 2980 1385 3028 allia
1399 2987 1443 3028 et
1464 2996 1597 3044 cepe,
1623 2986 1667 3029 et
1691 2997 1994 3032 cucumeres
2009 2988 2054 3031 cl

459 3063 647 3096 carnes
671 3049 974 3113 Egi/ptius,
1002 3056 1046 3098 et
1072 3051 1299 3107 Munna,
1339 3052 1483 3114 quod
1512 3052 1573 3100 de
1597 3054 1715 3101 certo
1752 3054 1939 3102 datum
1963 3059 2052 3115 est,

460 3126 879 3170 eontemmcntes.
918 3122 1071 3181 Quod
1113 3127 1171 3169 ut
1207 3123 1279 3171 sic
1328 3123 1707 3187 intelligamus,
1750 3127 2056 3189 Stephanus

462 3193 677 3255 primus
699 3193 917 3258 Martyr
935 3192 1234 3257 Evangelii,
1251 3195 1377 3259 dign
1392 3210 1449 3244 us
1473 3197 1693 3245 nomine
1708 3214 1821 3256 suo,
1844 3198 1895 3245 in
1910 3198 2057 3262 Apo-

1496 276 1764 328 RUFINO
1799 275 2253 327 PRESBY’I‘ERO
2279 278 2663 330 ASCRIP’I‘US

3636 276 3777 332 1084

2140 389 2226 449 ait,
2246 389 2729 454 Nunquidhostias
2743 392 3141 455 etsacriﬁcium
3155 391 3433 441 obtutislis
3452 391 3601 440 mihi
3616 392 3680 438 in
3702 390 3781 436 de.

2139 466 2300 510 serto:
2331 462 2388 511 id
2437 467 2544 520 est,
2591 462 3030 527 longanimitate
3066 466 3125 514 et
3157 462 3587 514 benevolentia
3631 474 3775 511 mea.

2139 546 2270 595 quae
2288 532 2471 584 differt
2487 534 3046 599 longistemporibus
3073 535 3385 591 ultionem,
3414 535 3777 585 itaabutztur

2139 609 2332 655 vestra
2347 606 3255 671 profanitas,utargumentemini
3270 618 3590 670 nunquam
3608 614 3780 653 ventu-

2140 690 2265 726 rum
2294 690 2422 728 esse
2445 679 2581 729 illud
2599 680 2855 740 exitium,
2884 680 3039 742 quod
3070 679 3335 729 necdum
3362 678 3621 735 venerit,
3650 691 3775 726 cum

2144 747 2309 799 fuerit
2327 764 2480 812 smpe
2498 753 2867 814 promissum:
2897 751 3067 813 quasi
3100 764 3223 801 non
3254 754 3587 814 suppetant
3607 765 3778 795 exe};-

2140 820 2250 883 Apla,
2288 821 2496 883 quibus
2518 825 2841 884 agnoscatis
2872 823 3376 873 consuetudinem
3408 832 3773 881 nieamujura

2144 892 2234 942 his
2251 894 2521 943 nimirum
2541 894 2633 955 qui
2646 894 3007 944 destinantur
3024 895 3224 955 exitio,
3244 894 3495 951 longum
3511 892 3589 941 ad
3610 894 3775 955 ρα-[Ᾱι

2146 964 2385 1014 tendum
2403 968 2628 1029 tempus
2646 966 2959 1028 indulgeat.
2982 966 3091 1016 Sed
3110 971 3179 1017 ut
3192 966 3656 1028 praetermittam
3676 967 3777 1010 n1;

2143 1046 2271 1097 qua,
2293 1037 2494 1086 saltem
2532 1036 2669 1086 illud
2693 1037 2930 1100 aspicite
2949 1053 2959 1085 :
2977 1038 3115 1098 quia
3134 1049 3279 1087 cum
3301 1036 3568 1087 eductus
3593 1035 3668 1085 de
3693 1038 3773 1084 ,Ε-

2146 1111 2321 1169 gypto
2348 1107 2589 1170 populus
2609 1107 2681 1157 ad
2706 1112 2960 1157 montem
2979 1108 3133 1159 Sina:
3153 1106 3559 1170 pervenisset,
3589 1113 3648 1156 et
3665 1122 3774 1153 cun-

2146 1178 2357 1229 sistens
2374 1180 2523 1229 inter
2538 1180 2810 1229 miracula
2826 1180 2969 1229 meis
2988 1178 3167 1238 digna
3193 1179 3353 1229 virtu
3364 1179 3551 1240 tibus,
3580 1176 3659 1227 ad
3677 1180 3775 1223 cci-

2146 1253 2271 1300 tum
2318 1254 2511 1315 tamen
2547 1249 2848 1311 idolorum,
2884 1261 3019 1312 quae
3045 1248 3383 1312 reliquerat,
3416 1248 3767 1299 revertisset.

2144 1321 2352 1371 meruit
2364 1321 2537 1372 exitio
2551 1321 2842 1371 destinari.
2864 1322 2982 1383 Ego
3003 1324 3196 1372 tamen
3222 1334 3349 1373 nec.
3361 1320 3678 1371 sacriﬁciis
3692 1333 3772 1369 ec-

2144 1405 2270 1443 rum
2295 1405 2401 1444 nec
2446 1394 2782 1444 muneribus
2818 1392 3139 1455 mitigatus,
3166 1392 3578 1456 quadraginta
3600 1404 3767 1442 anno-

2145 1477 2272 1515 rum
2300 1463 2769 1528 tempusindulsi,
2798 1476 2987 1526 neque
3016 1465 3163 1514 iram
3199 1466 3403 1515 subito
3424 1466 3485 1515 in
3524 1476 3659 1514 reos
3682 1477 3766 1513 sa-

2144 1536 2264 1586 vire
2281 1537 2512 1600 promisi
2540 1537 2708 1599 [Forte
2735 1535 3010 1599 permisij.
3039 1537 3338 1587 Caeterum
3363 1536 3620 1599 agmina
3645 1548 3761 1585 seu-

2144 1608 2252 1657 sim
2275 1610 2393 1669 jam
2422 1608 2722 1659 sententiae
2742 1607 2969 1658 addicta
2993 1608 3324 1670 consumsi,
3347 1608 3553 1669 sicque
3579 1608 3762 1658 necin-

2146 1678 2289 1730 dulti
2338 1680 2612 1742 temporis
2652 1678 2970 1741 longitudo,
3006 1679 3161 1741 quod
3198 1679 3638 1730 denunciatum
3672 1686 3760 1727 est.

2146 1750 2444 1802 frustravit
2458 1751 2761 1814 judicium,
2779 1763 2883 1801 nec
2900 1762 3210 1801 accensam
3231 1750 3635 1813 principitavit
3652 1749 3765 1799 bor-

2147 1835 2240 1873 ror
2259 1822 2516 1873 criminis
2534 1821 2807 1873 ultionem
2821 1859 2833 1870 .
2858 1822 3183 1883 Curitaque
3201 1821 3495 1872 dubitetis
3516 1821 3756 1870 futurum:

2148 1893 2301 1957 quod
2311 1895 2430 1957 jam
2454 1892 2669 1945 factum
2696 1893 2904 1944 videtis
2930 1896 2953 1941 ?
2973 1892 3033 1943 id
3053 1897 3161 1943 est.
3190 1891 3327 1943 ideo
3354 1893 3528 1942 vobis
3555 1892 3759 1942 denuno

2148 1965 2275 2015 tiari
2308 1968 2583 2016 venturas
2606 1964 2980 2023 calamitates,
3006 1976 3117 2014 nec
3141 1964 3382 2014 easdem
3412 1963 3674 2013 celeriter
3692 1966 3758 2011 in-

2150 2036 2298 2099 ferri,
2324 2041 2386 2086 ut
2421 2035 2841 2087 emendationis
2885 2037 3141 2098 spatium
3186 2036 3549 2097 praebeatur.
3574 2045 3679 2083 non
3706 2040 3751 2081 ut

2148 2108 2629 2170 evanescatultio,
2644 2108 2734 2157 cui
2750 2107 2892 2158 nihil
2911 2106 3129 2158 valebit
3146 2110 3387 2170 tempus
3408 2105 3658 2156 ofﬁcene.
3678 2108 3752 2149 Va}:

2148 2186 2339 2231 autem
2359 2180 2630 2242 quoniam
2648 2179 2903 2230 bonitate
2919 2179 3020 2230 Dei
3037 2178 3433 2241 impudenter
3451 2176 3753 2227 abutimini.

2149 2256 2538 2315 consequetur
2560 2252 2688 2302 linis
2702 2264 2899 2302 eorum
2921 2254 3254 2314 parentum,
3282 2262 3443 2313 quos
3467 2248 3529 2299 in
3553 2248 3755 2299 sacrile-

2149 2324 2258 2385 giis
2288 2323 2680 2374 estisimitati:
2711 2327 2772 2373 ut
2796 2322 2946 2373 sicut
2969 2334 3178 2372 eorum
3208 2322 3507 2371 cadavera
3532 2321 3591 2370 in
3614 2325 3754 2370 vasta

2151 2395 2459 2446 solitudine
2484 2400 2843 2458 corruerunt,
2870 2396 2951 2445 ita
2974 2400 3033 2446 et
3071 2407 3176 2446 vos
3203 2393 3276 2444 de
3308 2394 3522 2457 patriis
3547 2392 3749 2443 excussi

2150 2468 2381 2531 ﬁnibus,
2416 2468 2475 2518 in
2510 2468 2751 2519 barbara
2776 2467 3008 2531 regione
3044 2466 3401 2517 moriamini.

2148 2621 2405 2669 stolarum.
2431 2625 2625 2669 narrat
2652 2620 2900 2681 historia,
2937 2621 3046 2672 etc.
3076 2619 3321 2671 Videsis
3367 2618 3746 2671 Praefationem

2150 2695 2405 2745 nostram

2216 2774 2232 2792 ³·
2257 2766 2395 2816 Haec
2424 2766 2616 2815 autem
2661 2763 3015 2825 Hieronymo
3059 2764 3134 2813 ab
3169 2763 3301 2828 ipso
3339 2766 3584 2828 accepit.
3609 2762 3745 2823 cujus

2152 2836 2349 2887 reticet
2386 2849 2617 2886 nomen.
2652 2836 2794 2895 Qum,
2833 2836 2930 2894 ait,
2966 2835 3034 2883 sit
3061 2835 3187 2897 ipsa
3215 2836 3406 2898 imago
3448 2836 3523 2883 rei
3552 2834 3745 2883 idolum.

2151 2909 2391 2972 sequenti
2415 2922 2654 2956 sermone
2678 2907 3022 2956 (le-monstrat.
3061 2907 3238 2957 Sidus
3273 2906 3371 2958 dei
3404 2907 3598 2957 vestri.
3630 2920 3745 2967 qua-‘2

2154 2979 2406 3029 llebraice
2444 2978 2947 3040 (licitm'Cliocab,id
2968 2983 3059 3037 est,
3087 2977 3360 3039 Luciferi,
3391 2993 3545 3040 quem
3575 2977 3747 3027 Sam:-

2153 3052 2269 3099 ceni
2295 3052 2566 3112 [meusque
2584 3054 2923 3098 venerantur.
2945 3048 3111 3099 Idem
3136 3048 3197 3099 in
3223 3050 3365 3099 Vita
3390 3052 3443 3101 S.
3474 3048 3745 3099 Hilarionis

2155 3124 2315 3174 Tom.
2335 3124 2401 3172 II.
2420 3121 2522 3173 col.
2552 3120 2642 3175 ‘27.
2674 3120 2909 3182 Luciferi
2933 3120 3109 3169 cultui
3137 3122 3583 3171 SGI‘TGCCHONUR
3611 3119 3753 3167 notice

2156 3210 2277 3243 nem
2308 3195 2545 3243 deditam
2581 3196 2762 3244 notat.

1399 3494 1868 3591 LIBER
1941 3491 2721 3593 SECUNDUS
2771 3492 2837 3588 ³.

1085 3725 1313 3775 CAPUT
1342 3724 1437 3775 VI.

530 3867 692 3916 Vers.
726 3865 775 3919 1.
798 3893 856 3903 -
879 3866 959 3917 Vae
984 3866 1081 3930 qui
1105 3866 1343 3931 opulenti
1359 3866 1477 3915 estis
1498 3866 1555 3914 in
1587 3866 1736 3929 Sion,
1769 3870 1813 3915 et
1837 3866 2064 3929 confidi-

467 3936 531 3985 tis
558 3936 619 3985 in
658 3942 834 3986 monte
869 3937 1137 3987 Samaria:
1165 3954 1176 3987 :
1205 3940 1484 4003 optimates
1515 3944 1693 4001 capita
1719 3938 2067 4002 populorum,

466 4008 826 4071 ingredientes
856 4011 1157 4073 pompatice
1190 4010 1413 4058 domum
1448 4010 1627 4059 Israel.
1664 4011 1912 4060 Exosam
1942 4010 2068 4073 qui-

471 4079 600 4131 dem
623 4082 742 4132 Deo
768 4094 996 4144 semper
1030 4082 1207 4133 fuisse
1251 4082 1593 4147 superbiam,
1629 4081 1896 4145 frequens
1924 4082 2070 4131 Scri-

470 4156 637 4215 ptura
664 4154 1047 4215 commendat,
1074 4155 1284 4217 quippe
1312 4167 1443 4216 quae
1468 4154 1697 4204 initium
1722 4154 1937 4217 peccati
1958 4154 2071 4201 talis

472 4224 667 4287 fuerit,
691 4231 757 4276 ut
780 4226 1032 4288 Angelos
1047 4227 1106 4276 in
1123 4228 1417 4277 dasmones
1436 4226 1892 4276 commutaverit.
1908 4226 2070 4280 Unde

476 4303 535 4348 et
562 4298 765 4349 beatus
789 4296 974 4348 David
998 4298 1238 4349 sollicite
1273 4297 1613 4359 deprecatur
1645 4310 1717 4347 ne
1741 4297 2075 4358 subiaceant

472 4369 823 4432 proculcatui
850 4371 1228 4433 superborum
1256 4388 1265 4415 :
1295 4369 1373 4419 ibi
1391 4368 1561 4432 enim,
1580 4370 1747 4428 inquit
1770 4369 2070 4418 ceciderunt

470 4454 652 4490 omnes
688 4447 965 4503 operantes
1003 4442 1348 4505 sinit/nitatem
1391 4441 1554 4495 (Psal.
1590 4438 1714 4501 35.).
1752 4440 1855 4490 Ilic
1877 4444 2072 4492 tamen

474 4513 939 4576 propheticorum
962 4514 1219 4565 ordinem
1240 4513 1297 4563 in
1320 4512 1707 4576 increpatione
1721 4512 1989 4572 custodit,
2009 4518 2073 4564 ut

473 4586 801 4646 superbiam
828 4587 995 4649 quasi
1021 4587 1271 4637 fructum
1302 4598 1429 4636 esse
1454 4584 1763 4647 impietatis
1779 4586 2071 4654 ostendat,

474 4667 573 4717 per
597 4669 773 4718 quem
798 4662 1055 4709 tenorem
1088 4656 1347 4720 Apostoli
1373 4668 1601 4720 quoque
1634 4668 1820 4706 sermo
1846 4656 2074 4707 videtur

474 4726 804 4787 ingressus:
832 4729 931 4791 qui
954 4741 1087 4779 cum
1111 4729 1344 4789 diceret,
1370 4728 1525 4793 quod
1542 4728 1837 4787 creaturis,
1856 4736 2072 4776 creatore

474 4797 688 4861 relicto,
714 4799 1046 4861 servissent,
1062 4813 1330 4851 enumera
1342 4801 1553 4851 tionem
1577 4799 1844 4862 deinceps
1863 4799 2075 4850 facino-

478 4881 604 4920 rum
629 4870 1092 4934 ilugitiorumque
1114 4872 1389 4934 subjecit:
1409 4875 1707 4935 propterea
1730 4871 1855 4921 illos
1876 4870 2073 4921 nefan-

477 4940 565 4990 dis
590 4942 815 4991 actibus
838 4946 1057 4993 scatere
1083 4943 1487 5006 pronuncians,
1516 4942 1667 5003 quod
1686 4941 1914 5005 pietatis
1940 4954 2075 5003 erga

478 5014 661 5063 Deum
678 5012 808 5075 jura
834 5016 1229 5065 temerassent.
1251 5015 1350 5067 Vw,
1378 5014 1579 5077 inquit,
1607 5025 1741 5075 ergo
1773 5012 1955 5073 vobis,
1981 5011 2075 5075 qui

477 5083 717 5146 opulenti
736 5085 853 5133 estis
878 5086 935 5133 in
965 5084 1115 5145 Sion,
1143 5090 1187 5134 et
1209 5085 1476 5147 conﬁditis
1505 5085 1563 5132 in
1588 5090 1765 5131 monte
1791 5082 2070 5142 Samariae,

477 5168 595 5205 non
616 5168 730 5218 quo
756 5169 1070 5221 pauperum
1092 5157 1331 5208 crimina
1354 5156 1556 5207 laevius
1569 5156 1943 5214 aestimemus,
1972 5154 2073 5205 sed

479 5238 584 5277 vos
609 5230 885 5279 scelerum
912 5231 1094 5292 major
1117 5227 1309 5293 pulsat
1340 5226 1573 5289 invidia,
1599 5239 1742 5289 quos
1766 5226 1949 5287 major
1973 5239 2078 5276 ex-

482 5299 672 5350 tendit
696 5300 998 5365 opulentia.
1025 5303 1146 5360 Quo
1160 5299 1315 5350 enim
1328 5299 1515 5360 magis
1532 5298 1672 5348 estis
1709 5296 1777 5346 de
1790 5296 2004 5347 honore
2024 5312 2081 5344 ac

480 5371 753 5422 facultate
779 5373 1093 5435 conspicui,
1121 5371 1229 5422 hoc
1258 5382 1360 5421 vos
1378 5369 1570 5419 decuit
1599 5371 1787 5427 majus
1820 5368 2079 5419 studium

481 5442 772 5506 religionis
811 5442 984 5511 537
1022 5442 1339 5494 habuisse:
1376 5454 1532 5492 nunc
1568 5454 1702 5491 vero
1735 5452 1849 5490 non
1886 5440 2081 5489 minus

484 5514 777 5577 impietate
803 5528 977 5578 quam
993 5515 1231 5580 pecunia
1268 5512 1583 5578 locupletes
1608 5524 1736 5563 esse
1759 5513 2083 5559 contenditis.

487 5586 981 5649 Comprehendcnt
1015 5598 1150 5651 ergo
1176 5599 1279 5637 vos
1310 5584 1563 5636 lamenta
1592 5583 1809 5648 gravia,
1836 5582 1971 5645 quia
1997 5594 2081 5632 se—

558 5770 574 5788 ·
599 5761 859 5814 Alterum
884 5766 955 5816 ab
978 5767 1088 5817 hoc
1118 5765 1242 5817 loco
1265 5765 1477 5816 librum
1512 5767 1679 5817 vetus
1702 5762 1896 5815 Editor
1914 5773 2083 5814 exor—

493 5830 668 5893 ditur,
684 5822 942 5894 app'osita
964 5836 1037 5887 ad
1058 5848 1216 5888 oram
1247 5842 1383 5888 nota
1401 5836 1511 5887 Lib.
1531 5834 1581 5889 ‘2.
1608 5836 1747 5899 Ejus
1772 5850 1863 5885 nos
1886 5846 2085 5895 quoque

2085 3729 2135 3803 ρ
2163 3725 2418 3803 cundum
2445 3724 2701 3803 divinam
2715 3722 3071 3803 sentepuam
3089 3725 3337 3803 exiguis
3357 3725 3755 3803 potestmisera-

2171 3799 2245 3849 tio
2289 3796 2565 3849 nonnulla
2598 3795 2840 3847 conferri
2868 3795 3116 3844 Potentes
3163 3801 3359 3845 autem
3409 3803 3636 3859 potenter
3669 3801 3755 3842 tor-

2169 3876 2349 3919 menta
2362 3872 2656 3933 patientur.
2676 3870 2826 3919 Inter
2839 3867 3027 3918 tantas
3041 3879 3185 3930 ergo
3210 3869 3487 3919 miserias
3510 3871 3753 3928 regionum.

2171 3956 2315 4008 quas
2338 3945 2409 3994 de
2435 3941 2525 3993 vel
2554 3940 2785 3991 amissis
2808 3939 3049 4001 viribus,
3085 3938 3184 3989 vel
3210 3939 3289 3990 de
3314 3939 3658 3991 irruentibus
3672 3940 3750 3995 jam

2171 4014 2591 4067 calamitatibus
2615 4011 2920 4075 experitur,
2938 4010 3278 4060 inlocorum
3303 4011 3588 4074 praesidiis
3602 4012 3752 4060 etmu-

2171 4088 2384 4138 nitione
2411 4084 2732 4137 confiditis:
2764 4083 2822 4133 in
2852 4082 2985 4133 Sion
3014 4081 3296 4132 videlicet
3309 4087 3371 4134 et
3395 4082 3637 4134 Samaria
3664 4080 3751 4129 fore

2172 4173 2277 4211 vos
2294 4164 2452 4211 tutos
2477 4157 2757 4208 adversus
2780 4155 2923 4205 iram
2943 4152 3164 4216 judicis
3183 4153 3574 4205 aestimantes.
3602 4151 3748 4211 Vequi

2172 4231 2411 4296 opulenti
2432 4230 2549 4277 estis
2566 4229 2625 4277 in
2642 4228 2792 4285 Sion,
2810 4233 2855 4273 et
2881 4224 3160 4284 confiditis
3190 4226 3255 4273 in
3274 4233 3455 4275 monte
3488 4226 3748 4275 Samaria:

2175 4294 2453 4368 optimates
2488 4301 2668 4363 capita
2709 4295 3059 4368 populorum,
3090 4296 3466 4358 ingredientes
3495 4294 3751 4368 pompatior

2175 4364 2399 4424 domum
2412 4371 2593 4421 Israel.
2617 4372 2923 4432 Nunquam
2950 4367 3107 4418 enim
3138 4379 3252 4418 vos
3278 4369 3469 4430 magis
3494 4379 3656 4431 quam
3679 4364 3748 4413 ad-

2177 4457 2473 4498 versorum
2508 4448 2759 4505 tempore
2795 4437 3123 4504 publicatis,
3164 4444 3394 4501 quanta
3419 4453 3526 4490 vos
3551 4436 3749 4489 luxuria

2174 4516 2533 4582 implevisset
2556 4512 2809 4572 ambitio,
2825 4511 2923 4575 qui
2948 4510 3144 4574 gentis
3161 4510 3427 4574 imperio,
3448 4512 3655 4573 majore
3659 4509 3747 4582 item

2174 4580 2434 4653 exparte
2471 4589 2794 4643 consumto,
2848 4584 2995 4632 intra
3048 4583 3333 4632 obsessas
3375 4585 3576 4632 tamen
3615 4580 3751 4631 urbes

2176 4652 2467 4725 opulentia
2493 4655 2727 4708 tumetis
2752 4653 3097 4715 luxuriaque
3121 4652 3422 4705 difﬂuitis.

2240 4734 2397 4783 Vers.
2426 4728 2480 4783 2.
2513 4757 2572 4765 -
2616 4727 2858 4776 'I'ransite
2886 4725 2928 4773 ie
2960 4725 3271 4784 Cltulanne,
3319 4732 3367 4774 et
3414 4725 3596 4785 videte,
3633 4730 3670 4770 et
3706 4722 3750 4767 ite

2176 4804 2301 4853 inde
2340 4804 2391 4851 in
2422 4801 2621 4849 Emath
2648 4812 2926 4860 magna-tn,
2971 4800 3016 4844 et
3041 4796 3345 4845 descendite
3382 4796 3441 4845 in
3472 4793 3751 4845 (IctltPatz-

2175 4877 2466 4933 stinorum,
2493 4878 2535 4919 et
2561 4872 2633 4919 ad
2657 4869 2860 4933 optima
2886 4882 3034 4930 quaeq
3046 4882 3110 4915 ue
3126 4882 3301 4931 regna
3327 4868 3607 4927 horum,si
3628 4862 3751 4913 latter

2179 4947 2442 4995 terminus
2468 4958 2651 4993 eorum
2677 4940 2905 4988 termino
2930 4944 3098 4985 vestro
3125 4945 3219 4988 est.
3246 4939 3452 4989 Intulit.
3477 4941 3751 5002 opportune

2176 5023 2543 5069 externarum
2572 5011 2831 5076 gentium
2845 5008 3223 5067 mentionem,
3243 5014 3301 5060 et
3318 5022 3423 5072 per
3438 5009 3749 5059 Occasionem

2180 5089 2417 5141 alterius
2453 5084 2749 5145 sermonis,
2794 5080 3047 5131 ostendit
3080 5080 3220 5142 quia
3263 5085 3323 5130 et
3356 5080 3489 5131 aliis
3537 5078 3749 5141 regiones

2182 5172 2328 5223 quas
2352 5156 2682 5218 incolerent,
2709 5158 2765 5204 et
2794 5163 2970 5215 regna
3014 5151 3234 5223 quibus
3282 5151 3578 5211 ﬂorerent,
3600 5156 3748 5223 rerum

2177 5217 2435 5282 conditor
2455 5217 2826 5291 deputasset:
2862 5223 2989 5274 illos
3023 5222 3321 5285 siquidem
3360 5224 3608 5287 pOpulos
3630 5217 3750 5291 plura

2177 5316 2294 5354 non
2318 5287 2545 5363 cupere;
2575 5298 2717 5348 istos
2753 5307 2888 5346 vero
2925 5298 2981 5344 et
3007 5293 3272 5358 ingratos
3310 5296 3370 5344 et
3405 5294 3662 5359 profanos
3677 5287 3746 5337 do-

2178 5373 2310 5433 ceri,
2341 5371 2438 5434 qui
2487 5371 2567 5421 ita
2611 5369 2858 5419 fuissent
2890 5364 3135 5416 urbibus
3161 5364 3537 5430 pestilentes,
3566 5367 3746 5422 utquos

2179 5450 2311 5495 ante
2337 5433 2712 5507 percxempla
2742 5443 3134 5501 corruperant,
3161 5436 3405 5488 eosdem
3426 5441 3622 5501 postea
3640 5433 3745 5507 fastu

2178 5502 2372 5580 praede
2386 5502 2757 5578 protererent.
2789 5509 3052 5560 Notanda
3075 5521 3214 5561 vero
3246 5508 3439 5580 divini
3467 5502 3741 5580 formam“;

2179 5568 2270 5645 cii,
2292 5568 2442 5650 apud
2470 5597 2645 5648 quam
2669 5595 2784 5634 non
2808 5594 2908 5645 pro
2932 5579 3289 5632 afﬂictorum
3310 5579 3670 5643 qualitatibus
3685 5568 3742 5621 af-

2181 5754 2571 5823 partitionem,
2612 5750 2845 5805 tametsi
2875 5749 3103 5803 nullum
3134 5750 3298 5803 nacti
3330 5755 3607 5816 praeterea
3640 5737 3738 5792 indi‘

2183 5828 2358 5891 cium,
2387 5831 2668 5877 tenemus.
