3866 6206
78 330 248 386 1085
1310 327 1383 379 IN
1419 325 1614 377 AMOS
1648 325 1753 378 C0]

1856 327 2229 380 ENTARIUS.
3288 326 3314 381 1
3334 326 3445 382 086

82 442 454 507 ﬂigentium
493 437 1333 504 quoquemeritaponderantur
1359 440 1439 503 (ut
1462 439 1511 489 si
1533 449 1738 490 nocen-
1766 441 1816 510 A
1844 450 1978 490 cum
2007 438 2219 491 electos
2251 440 2321 492 de
2353 442 2625 506 gregibus
2646 444 2703 493 et
2725 439 3001 493 armentis
3030 452 3209 505 agnos
3233 439 3445 493 vitulo'

82 517 193 567 tes
222 527 352 566 non
378 512 594 565 fuerint
617 514 717 575 qui
731 515 1011 575 teruntur,
1028 510 1380 562 excusabilis
1395 523 1624 574 quoque
1638 511 1738 561 de-
1845 522 1955 574 que
1977 511 2335 573 consumitis,
2376 516 2431 563 et
2461 525 2642 575 usque
2666 512 2737 564 ad
2764 512 3160 564 temulentiam
3186 512 3321 563 vina
3343 511 3445 564 de-

82 584 497 651 primentium
521 582 785 635 videatur
806 582 1054 646 injuria),
1081 582 1179 652 sed
1204 582 1286 632 ita
1302 582 1381 633 rei
1394 595 1460 633 ac
1478 583 1525 631 si
1543 590 1748 630 sanctos
1847 581 2105 641 funditis,
2134 582 2468 645 psalterium
2493 588 2548 634 et
2570 584 2721 647 lyras
2745 583 2929 634 facitis
2955 596 3323 646 concrepare:
3345 586 3447 631 his-

86 657 491 719 violaverint,
519 659 852 713 arguantur.
880 655 1077 716 Neque
1095 653 1247 703 enim
1264 653 1393 704 odio
1410 654 1747 714 malignitatis
1847 664 1960 715 que
1972 654 2203 716 ﬂagitiis
2228 654 2399 705 etiam
2416 656 2791 706 contumelias
2805 656 3164 719 antiquitatis
3178 656 3246 706 ad
3249 655 3446 719 jungi-

90 729 353 789 alienae,
375 726 881 790 caaterumimpetu
894 725 1471 789 propriaaiuiquitatis
1489 728 1744 774 insiliunt:
1845 725 1936 788 tis,
1963 725 2217 776 dicentes
2244 725 2526 785 videlicet,
2565 738 2631 777 ea
2673 740 2775 777 vos
2803 728 3013 779 habere
3058 740 3289 792 organa,
3314 739 3443 791 quae

99 801 495 863 praedonum,
513 811 629 849 non
645 810 951 849 censorum
977 797 1237 849 animum
1255 798 1596 861 deterentes,
1613 810 1749 860 quo-
1846 796 2030 848 David
2056 798 2387 848 beatissimo
2402 797 2830 861 suppetiverint.
2845 802 3039 863 Neque
3054 799 3246 851 miseri
3260 800 3449 850 consi-

93 886 252 924 rum
294 876 365 923 ut
406 870 679 934 iniquitas
718 869 1458 933 exprimatur.profanarum
1472 871 1754 918 eiscouter-
1848 869 2058 919 deratis
2085 874 2308 921 tantum
2332 871 2479 920 inter
2505 868 2715 930 studia,
2738 876 3017 931 quantum
3043 872 3190 922 inter
3214 871 3446 922 merita-

98 946 538 1006 minarumque
556 942 813 1006 gentium
832 940 1119 992 modestia
1133 946 1189 992 et
1206 941 1469 1003 quaadam
1490 942 1747 1006 probitas
1852 946 2042 991 vestra
2061 946 2235 1004 atque
2250 941 2403 991 illius
2416 941 2716 991 interesse.
2736 940 2912 990 David
2930 942 3082 991 enim
3096 942 3446 993 laudescrea-

98 1016 469 1068 antefertur.
504 1014 764 1073 Transite,
796 1012 1003 1076 inquit,
1032 1013 1089 1060 in
1120 1012 1423 1069 Chalanne,
1458 1013 1515 1061 in
1543 1013 1745 1063 Emam
1848 1013 1986 1062 toris
2014 1012 2283 1075 legesque
2301 1013 2527 1063 virtutis
2552 1011 2874 1063 etremedia
2900 1013 3340 1075 perturbationis
3354 1025 3446 1063 sa-

108 1101 423 1150 magnam,
450 1085 511 1134 in
539 1084 669 1134 Geth
694 1083 1125 1145 Palaestinorum,
1152 1085 1209 1135 et
1237 1083 1543 1147 dillgenter
1564 1084 1748 1149 inspi—
1847 1096 1942 1133 cro
1968 1084 2219 1135 carmine
2246 1085 2619 1146 personabat:
2649 1096 2753 1135 vos
2774 1095 2905 1134 vero
2930 1085 3242 1136 econtrario
3268 1087 3447 1133 incen-

107 1160 240 1210 cite
268 1159 322 1209 si
352 1157 586 1209 latiores
613 1155 821 1207 vestris
845 1160 1021 1205 terras
1045 1167 1191 1217 quas
1217 1156 1547 1215 incolerent,
1584 1167 1748 1208 accc-
1847 1155 2230 1209 tivaluxuriee
2254 1169 2386 1207 cum
2410 1156 2621 1219 injuria
2644 1155 2913 1206 creatoris
2951 1156 3141 1219 (cujus
3174 1157 3268 1208 lex
3292 1169 3450 1219 sper-

114 1231 332 1295 perint
359 1248 370 1278 :
397 1240 643 1293 quarum
666 1228 747 1278 ita
777 1231 915 1278 sunt
939 1232 1092 1278 sorte
1124 1227 1269 1291 [Αιηι.
1292 1226 1451 1292 forte]
1483 1230 1745 1280 consenti
1844 1228 2019 1291 uitur)
2046 1227 2536 1291 concrcpatis.llle
2561 1226 2747 1291 epulis
2774 1227 2998 1287 sobriis,
3025 1233 3083 1279 et
3105 1227 3450 1291 prophetali—

112 1308 194 1354 ut
218 1301 376 1352 nihil
399 1299 555 1352 aliud
578 1300 881 1363 videantur
904 1302 1191 1362 expetere.
1220 1300 1360 1359 Quae
1389 1312 1526 1350 sane
1545 1312 1748 1364 expro-

118 1373 346 1434 bratio,
376 1377 438 1424 ut
458 1372 586 1423 illos
611 1371 941 1434 cupiditatis
957 1372 1210 1431 accusat,
1240 1372 1317 1422 ita
1342 1370 1634 1424 desiderat
1656 1386 1749 1424 ex-

117 1445 355 1510 plicari.
399 1446 830 1506 Inconsequens
864 1443 1018 1494 enim
1064 1442 1309 1502 videtur,
1349 1448 1412 1495 ut
1436 1449 1747 1508 postquam

122 1516 453 1580 opulentiae
476 1527 542 1565 ac
565 1512 811 1564 luxuriae
835 1513 1048 1565 crimen
1068 1514 1295 1578 objecit,
1322 1515 1394 1566 ad
1410 1517 1746 1580 comproba—

124 1589 362 1639 tionem
379 1585 691 1638 adduceret
714 1597 831 1648 eos,
857 1585 957 1647 qui
982 1586 1272 1637 breviores
1290 1590 1467 1637 terras
1482 1587 1745 1639 videren-

130 1665 235 1710 tur
264 1658 528 1709 incolere.
561 1658 759 1709 Posset
782 1656 937 1707 enim
959 1656 1174 1716 referri,
1202 1656 1477 1709 ideoistOs
1500 1658 1627 1722 plus
1652 1660 1740 1711 ha<

138 1731 283 1781 bere
298 1727 614 1791 jactantim,
642 1727 775 1790 quia
797 1726 1045 1790 majores
1062 1740 1198 1791 opes
1220 1727 1425 1781 delatae.
1448 1729 1554 1781 sibi
1571 1731 1748 1794 regio-

130 1801 234 1851 nis
266 1799 644 1864 vectigalibus
678 1798 1061 1862 collegissent,
1089 1798 1420 1862 nullamque
1455 1801 1527 1853 ad
1550 1815 1749 1867 expro-

133 1870 435 1922 brandum
460 1870 577 1921 vim
603 1869 952 1932 comparatio
982 1868 1137 1920 illata
1159 1870 1447 1932 retineret,
1488 1873 1623 1936 quia
1640 1875 1749 1926 hoc

135 1944 321 1993 flebat
351 1942 500 2005 quod
522 1940 647 2005 ipsa
676 1941 1086 2003 consequentia
1110 1943 1590 2004 postularat.Quis
1617 1960 1750 2011 ergo

136 2026 363 2065 sensus
388 2013 479 2063 hic
496 2016 602 2076 est,
626 2025 797 2075 quem
814 2013 986 2063 verba
1009 2012 1369 2066 destituunt?
1385 2014 1483 2066 Ille
1506 2020 1749 2067 nimirum

137 2086 248 2149 qui
276 2084 639 2148 parricidales
663 2084 890 2135 animos
907 2082 963 2134 in
990 2085 1281 2147 sacrilegis
1300 2086 1559 2150 plebibus
1571 2088 1752 2142 fuisse

137 2156 456 2218 convincit,
475 2168 646 2218 quem
673 2155 821 2206 alius
846 2155 1142 2220 propheta,
1166 2156 1223 2206 id
1248 2161 1353 2221 est,
1382 2159 1583 2211 beatus
1609 2162 1751 2213 Osee

140 2227 449 2279 evidenter
471 2227 740 2289 ostendit,
760 2240 895 2278 cum
923 2228 1163 2285 diceret:
1181 2229 1247 2277 In
1270 2229 1451 2279 diebus
1474 2232 1753 2283 desolatio-

146 2301 241 2349 nis
266 2299 493 2348 ostendit
521 2299 702 2361 ﬁdem,
724 2298 856 2360 facti
881 2304 1006 2347 sunt
1033 2299 1472 2363 principesJudae
1488 2304 1647 2366 quasi
1666 2320 1755 2353 as-

142 2377 417 2421 sumentes
441 2371 753 2423 terminum.
780 2370 836 2429 id
862 2373 969 2432 est,
989 2369 1186 2421 decem
1209 2373 1492 2434 tribubus,
1518 2376 1754 2439 Assyrio

148 2443 446 2505 viucente,
480 2441 793 2492 translatis.
819 2442 986 2493 Judaa
1018 2442 1757 2506 populus,misericordia3et

144 2512 610 2576 compunctionis
629 2513 849 2563 alienus
878 2514 1179 2575 gaudebat,
1206 2514 1534 2567 dilationem
1559 2518 1667 2569 sibi
1691 2519 1754 2569 fl-

147 2585 321 2635 m’um
343 2584 670 2647 contigisse.
697 2585 819 2634 Hoc
842 2596 977 2644 ergo
1002 2584 1211 2635 intuitu
1222 2592 1281 2637 et
1303 2599 1455 2638 nunc
1480 2590 1755 2653 propheta

146 2667 271 2707 non
317 2654 503 2706 solum
543 2655 604 2705 in
645 2654 812 2718 Juda,
841 2654 941 2705 sed
966 2654 1137 2706 etiam
1163 2656 1221 2707 in
1244 2656 1369 2719 ipso
1398 2659 1619 2723 lsraele,
1657 2662 1755 2723 qui

145 2726 473 2791 captivitati
498 2727 651 2790 prior
674 2728 980 2789 subjacuit,
1017 2727 1223 2791 impios
1257 2726 1431 2794 538
1472 2725 1753 2795 principes

145 2798 448 2850 exultasse
478 2798 838 2849 demonstrat
864 2812 876 2848 :
904 2798 1055 2861 quod
1081 2799 1756 2864 popularibusiucolisquo

149 2870 400 2934 regionis
422 2869 579 2921 varia
601 2868 760 2920 clade
790 2871 1130 2929 consumtis,
1159 2870 1287 2921 istis
1313 2872 1466 2923 velut
1489 2873 1638 2924 inter
1660 2887 1756 2925 ur-

148 2942 315 2992 bium
344 2941 555 2992 muenia
578 2939 906 2999 liberandis,
933 2940 1096 2991 latior
1108 2945 1398 3005 possessio
1414 2948 1750 3004 provenisset:

147 3012 312 3076 quod
340 3016 529 3062 tamen
544 3010 891 3063 tribuiJudee
908 3012 1091 3074 magis
1112 3012 1324 3064 crimen
1344 3015 1613 3079 objectat,
1627 3020 1673 3081 ej
1686 3031 1751 3069 us

148 3084 364 3149 quippe
387 3083 447 3135 in
471 3081 844 3146 sequentibus
873 3095 1083 3134 nomen
1117 3084 1380 3149 appellat.
1400 3087 1595 3138 Merito
1618 3102 1750 3152 ergo

149 3160 216 3208 et
230 3155 448 3207 hostias
470 3160 529 3207 et
544 3167 785 3205 munera
808 3166 1023 3219 eorum,
1047 3155 1236 3207 vicina
1250 3168 1477 3221 quoque
1491 3160 1749 3223 gentium

156 3226 397 3279 laudata
413 3226 686 3290 parcitate
703 3225 1016 3277 damnavit.
1032 3226 1140 3277 Sed
1156 3227 1457 3281 videamus
1470 3236 1527 3281 et
1542 3233 1755 3293 reliqua.

219 3300 375 3350 Vers.
409 3296 545 3353 3.-6.
570 3324 633 3334 —
656 3296 759 3356 Qui
787 3298 1023 3361 separati
1039 3298 1158 3346 estis
1196 3299 1257 3348 in
1282 3299 1425 3349 diem
1448 3302 1675 3363 malum,
1707 3309 1750 3353 et

147 3370 610 3435 appropinquatis
633 3369 763 3418 solio
788 3368 1116 3433 iniquitatis.
1144 3369 1247 3427 Qui
1262 3371 1509 3421 dormitis
1532 3374 1593 3423 in
1611 3374 1752 3423 lectis

149 3441 419 3500 eburneis,
445 3446 492 3489 et
517 3440 773 3490 lascivitis
796 3441 857 3488 in
876 3441 1060 3489 stratis
1083 3441 1265 3491 vestris
1296 3456 1309 3492 :
1347 3445 1442 3507 qui
1479 3446 1752 3495 comeditis

149 3526 361 3575 agnum
399 3512 461 3561 de
482 3527 650 3576 grege,
683 3516 726 3560 et
752 3510 941 3560 vitulos
965 3512 1027 3560 de
1050 3512 1224 3561 medio
1250 3515 1504 3567 armenti.
1540 3516 1642 3575 Qui
1666 3533 1749 3567 ca-

153 3585 286 3635 nitis
314 3585 386 3634 ad
417 3599 590 3634 vocem
620 3583 905 3648 psalterii:
937 3583 1072 3631 sicut
1106 3584 1297 3645 David,
1341 3593 1669 3651 putaverunt
1701 3606 1753 3640 se

151 3655 346 3706 habere
369 3671 500 3704 vasa
523 3656 733 3704 cantici.
761 3654 999 3704 Bibentes
1029 3656 1089 3703 in
1108 3657 1312 3720 phialis
1332 3658 1523 3709 vinum
1546 3664 1591 3709 et
1616 3662 1753 3725 opti-

154 3742 243 3777 mo
270 3732 539 3790 unguento
564 3726 801 3788 delibuti,
814 3730 859 3775 et
876 3725 1021 3775 nihil
1030 3727 1278 3790 patieban
1289 3734 1377 3777 tur
1386 3745 1545 3793 super
1559 3734 1753 3781 contri-

150 3798 295 3847 tione
315 3798 532 3863 Joseph.
548 3800 777 3863 Eorum,
797 3810 944 3861 quos
966 3811 1138 3863 supra
1154 3800 1459 3864 optimates
1473 3812 1750 3867 vocaverat,

150 3870 476 3934 pompatice
502 3869 889 3933 ingredientes
914 3869 1169 3935 domum,
1189 3871 1246 3921 in
1266 3873 1479 3924 divitiis
1497 3879 1552 3925 et
1573 3876 1753 3940 epulis

151 3942 276 3993 suis
312 3941 641 4005 gloriantes,
677 3945 851 4003 atque
875 3940 1178 3993 humilium
1203 3945 1389 4007 capita
1407 3945 1779 4011 deterentes,.

148 4013 402 4065 fraterna
433 4012 605 4063 etiam
625 4013 956 4077 captivitate
980 4013 1319 4075 gaudentes,
1336 4024 1754 4081 consequenter

152 4085 352 4150 epulas
381 4087 438 4137 et
454 4083 688 4135 delicias
713 4086 1078 4147 percucurrit.
1098 4087 1217 4145 Vae,
1232 4086 1436 4149 inquit,
1453 4091 1635 4150 vobis,
1654 4093 1749 4154 qui

152 4158 389 4222 separati
405 4158 524 4206 estis
543 4157 602 4205 in
628 4157 771 4206 diem
796 4155 1022 4220 malum,
1058 4158 1270 4219 quibus
1306 4164 1535 4223 tempus
1554 4163 1755 4215 videli-

152 4234 245 4281 cet
267 4228 498 4279 ultionis
520 4228 830 4292 impendet,
855 4228 947 4278 cui
973 4240 1075 4279 vos
1099 4228 1240 4279 estis
1264 4229 1343 4281 ita
1362 4231 1551 4293 dicati,
1578 4238 1642 4286 ut
1667 4237 1753 4287 vi-

153 4300 402 4352 deamini
424 4299 496 4352 ad
546 4299 654 4350 hoc
693 4311 926 4362 prorsus
960 4299 1139 4350 electi.
1181 4301 1341 4361 Quod
1367 4307 1561 4355 autem
1585 4305 1680 4362 ait,
1707 4312 1753 4355 et

154 4372 615 4436 appropinquatis
637 4370 734 4420 soli
752 4371 1080 4434 iniquitatis,
1109 4371 1201 4422 vel
1226 4373 1306 4423 sic
1326 4373 1633 4438 inielligere
1657 4377 1757 4430 de-

157 4446 377 4503 bemus,
397 4448 462 4494 ut
486 4441 996 4505 conjunctivaista,
1024 4454 1156 4505 qua?
1174 4446 1262 4493 est
1283 4447 1521 4508 praelata
1535 4450 1644 4506 conj
1657 4464 1753 4496 un-

154 4516 285 4575 ctio,
312 4511 373 4582 id
413 4518 520 4577 est,
545 4514 1021 4578 appropinquatis,
1049 4514 1170 4564 vim
1195 4515 1487 4567 rationalis
1510 4520 1753 4582 conjun-

155 4576 360 4638 ctionis
385 4576 661 4647 obtineat,
684 4585 741 4635 id
772 4591 878 4645 est,
903 4584 1061 4647 quia:
1090 4589 1155 4637 ut
1177 4586 1251 4638 sit
1275 4599 1503 4649 sensus,
1530 4576 1750 4653 separa-

157 4663 247 4709 tos
271 4657 329 4708 in
353 4657 509 4708 diem
532 4656 747 4707 malum
776 4655 1473 4720 quiappropinquaverint
1489 4661 1747 4712 solioiui-

156 4729 392 4791 quitatis
438 4728 701 4780 videlicet
740 4728 869 4778 ideo
913 4727 1263 4791 puniendos,
1322 4730 1458 4791 quia
1506 4731 1565 4782 in
1615 4734 1756 4787 alios

155 4806 540 4852 exercuerunt
553 4800 751 4863 iniqua
767 4799 1012 4862 judicia:
1040 4799 1131 4851 vel
1144 4803 1295 4851 certe
1320 4802 1525 4853 solium
1542 4803 1756 4868 iniqui-

159 4873 291 4925 tatis
313 4870 576 4935 appellat,
592 4883 706 4934 quo
730 4870 1014 4934 injustitia
1038 4872 1368 4924 examinata
1389 4875 1716 4926 damnabitur
1741 4896 1751 4926 :

160 4944 309 4995 sicut
329 4942 613 5006 judicium
639 4943 1011 5006 pecuniarum
1036 4948 1094 4994 et
1114 4943 1292 4995 caedis
1317 4957 1614 5009 vocamus,
1638 4961 1755 4999 non

160 5027 272 5078 quo
300 5012 599 5078 peculatus
627 5018 690 5063 ut
713 5012 1022 5065 homicidia
1039 5017 1451 5079 perpetrantur,
1466 5017 1569 5068 sed
1604 5021 1752 5078 cujus

157 5085 420 5137 examine
445 5084 775 5148 puniantur.
818 5086 935 5137 Sub
963 5085 1057 5137 tali
1081 5091 1268 5137 autem
1296 5088 1578 5139 scelerum
1603 5095 1756 5142 atro-

158 5157 324 5208 citate
352 5156 644 5219 degentes,
676 5156 819 5208 adeo
854 5155 995 5207 nihil
1031 5156 1100 5209 de
1123 5159 1422 5222 pmnitenti
1451 5160 1642 5211 studio
1670 5175 1757 5214 co-

157 5227 371 5291 gitatis,
397 5230 461 5279 ut
484 5228 676 5279 omnia
696 5226 1053 5280 luxuriarum
1080 5230 1465 5281 instrumenta
1477 5247 1756 5295 generaque

160 5298 471 5361 sectemini,
496 5313 602 5351 nec
628 5302 777 5350 totos
802 5300 925 5351 dies
942 5300 1334 5353 lusuidedisse
1352 5304 1625 5366 contenti,
1647 5310 1757 5352 tho-

160 5372 235 5423 ris
250 5371 512 5423 eburneis
524 5374 579 5421 et
604 5373 799 5423 stratis
823 5371 1093 5423 mollibus
1118 5372 1422 5435 incubetis,
1453 5375 1757 5427 utobscm-

160 5442 351 5494 uitatis
377 5442 529 5505 operi
565 5454 803 5505 corpora
840 5442 1033 5492 sericis
1063 5443 1177 5494 fota
1215 5443 1533 5503 sufﬁciant;
1559 5445 1756 5510 epulas

156 5519 346 5567 autem
373 5516 594 5566 vestras
611 5513 783 5564 etiam
803 5513 1028 5564 aurium
1051 5514 1342 5578 voluptate
1358 5513 1619 5565 conditis.
1635 5519 1755 5566 Nam

224 5668 239 5685 ·
264 5656 547 5718 Scriptum
575 5655 850 5707 mendose
880 5660 1001 5707 erat
1025 5656 1296 5719 offeretur.

224 5729 243 5757 ι’
267 5728 404 5780 Heic
436 5738 647 5778 nomen
670 5726 828 5788 Deus,
856 5726 1009 5791 quod
1035 5726 1249 5785 deerat,
1278 5724 1630 5778 sutiecimus.

227 5812 244 5853 ξ
269 5798 493 5851 Transit
508 5797 864 5862 explicatum
882 5798 1333 5862 subsequentem
1344 5799 1647 5846 versiculum
1677 5797 1755 5853 lO.

169 5871 237 5922 Et
285 5869 422 5922 tollet
456 5883 579 5920 eum
590 5870 935 5936 propinquus
951 5884 1145 5931 secum,
1168 5874 1214 5920 et
1246 5868 1511 5920 comburet
1532 5883 1673 5933 eum,
1702 5878 1758 5920 ut

1847 1300 1955 1350 bus
1968 1300 2360 1351 delectabatur
2375 1312 2441 1351 ac
2457 1299 2827 1351 muniebatur
2846 1299 3174 1364 unguentis,
3195 1311 3302 1350 vos
3318 1311 3449 1350 vero

1846 1371 2120 1423 ebrietate
2146 1370 2512 1435 crapulaque,
2536 1370 2659 1421 oleo
2681 1369 2849 1421 etiam
2879 1369 3193 1433 vulgari,et
3217 1368 3372 1433 quod
3390 1370 3453 1416 sit

1845 1448 1966 1494 arte
1998 1446 2346 1507 corruptum,
2387 1442 2649 1493 madctis.
2683 1442 2933 1504 Denique
2956 1441 3069 1493 illm
3096 1443 3453 1491 misericordiae

1844 1512 2051 1578 plenus
2096 1514 2323 1571 atl‘ectu,
2367 1514 2564 1564 multis
2600 1518 2731 1576 post
2753 1512 2986 1564 saeculis
3013 1519 3289 1564 venturas
3325 1524 3452 1563 sum

1845 1586 2003 1649 genti
2036 1586 2408 1646 calamitates,
2442 1588 2497 1636 et
2523 1585 3239 1647 ﬂetibusprosequebatur,
3263 1588 3454 1647 etpre-

1847 1657 2028 1708 cibus.
2055 1659 2172 1708 Vos
2202 1670 2335 1708 vero
2363 1656 2595 1708 easdem
2615 1656 2733 1719 jam
2757 1655 3196 1717 illatasjamque
3211 1669 3450 1716 grassan-

1846 1737 1952 1791 tes,
1981 1733 2061 1783 ita
2077 1731 2243 1782 siccis
2268 1731 2448 1782 oculis
2471 1728 2795 1792 intuemini,
2822 1734 2886 1780 ut
2906 1741 3003 1780 eas
3035 1729 3284 1788 venisse,
3317 1741 3448 1792 par-

1775 1809 1829 1882 B
1852 1803 2151 1854 ricidaliter
2168 1802 2497 1882 gaudeatis;
2512 1801 2671 1882 Quod
2695 1814 2830 1882 ergo
2853 1801 2933 1851 ait
2958 1817 2967 1848 :
2996 1800 3143 1882 nihil
3165 1801 3449 1882 patieban-

1853 1882 1942 1923 tur
1960 1890 2120 1939 super
2134 1873 2449 1923 contritione
2461 1873 2649 1936 Joseph
2662 1909 2673 1931 ,
2690 1875 2761 1923 ad
2779 1872 3238 1934 compassionem
3260 1874 3449 1933 retulit,

1851 1959 2023 2009 quam
2049 1946 2111 1997 in
2138 1945 2465 2010 pectoribus
2490 1944 2574 1994 vel
2598 1943 2976 2008 diligentium,
2992 1942 3083 1994 vel
3101 1945 3448 1991 miserantium

1853 2014 2027 2085 539
2064 2022 2304 2069 noverat
2339 2015 2516 2068 solere
2537 2016 2764 2077 cooriri;
2793 2027 2965 2078 quam
2981 2014 3252 2066 duritiam
3273 2014 3449 2065 etiam

1850 2088 1991 2140 illud
2026 2091 2135 2140 sub
2171 2100 2408 2152 persona
2439 2087 2583 2149 justi
2618 2099 2851 2138 carmen
2888 2090 3125 2138 accusat
3156 2100 3168 2136 :
3200 2085 3448 2144 Quaesivi,

1851 2162 1947 2225 qui
1970 2160 2136 2209 simul
2156 2173 2361 2208 mecum
2385 2158 2798 2217 cont.istaretur,
2823 2163 2869 2206 et
2894 2172 3003 2206 non
3026 2156 3164 2219 fuit:
3192 2162 3237 2206 et
3262 2172 3450 2205 conso-

1853 2232 2020 2281 lantes
2043 2247 2144 2292 me,
2163 2236 2205 2280 et
2234 2245 2344 2279 non
2372 2230 2553 2277 inveni
2570 2229 2732 2290 (Psal.
2759 2227 2858 2291 68.)
2887 2230 3031 2279 Cum
3055 2242 3190 2292 ergo
3215 2227 3450 2291 Joseph,

1854 2303 1912 2355 id
1957 2308 2062 2361 est,
2089 2302 2289 2354 decem
2315 2302 2522 2351 Tribus
2546 2300 2849 2364 captivitas
2878 2304 3198 2362 occuparet,
3223 2298 3452 2350 nullum

1851 2377 1879 2427 J
1891 2375 2004 2426 uda
2015 2373 2438 2433 misericordiae,
2454 2371 2679 2423 nullum
2703 2371 3123 2435 compassionis
3138 2370 3320 2421 sensit
3340 2374 3455 2420 atre-

1853 2452 2029 2498 ctum.
2045 2445 2270 2508 Quidni,
2289 2457 2422 2495 cum
2439 2443 2627 2507 magis
2646 2447 2868 2508 putaret
2885 2443 3166 2506 augendaa
3180 2442 3454 2504 opulentiae

1851 2523 2083 2581 tempus
2120 2516 2397 2579 oblatum,
2424 2516 2473 2566 si
2501 2516 2624 2566 suis
2650 2515 2861 2566 tinibus
2888 2515 3137 2566 fraterna
3159 2526 3293 2565 rura
3316 2525 3455 2564 con-

1847 2590 2155 2652 jungeret?
2182 2587 2375 2638 Talem
2403 2591 2593 2638 autem
2622 2591 2820 2639 votum
2843 2598 2910 2637 ac
2939 2586 3050 2637 tale
3074 2586 3454 2650 propositum,

1854 2660 2106 2722 recipiat,
2141 2659 2466 2710 audiamus.

1916 2733 2074 2781 Vet's.
2105 2736 2149 2781 7.
2181 2756 2239 2765 —
2266 2733 2618 2794 Quapropter,
2664 2728 2869 2791 inquit,
2910 2742 3016 2776 nuc
3040 2727 3358 2790 migrabunt
3396 2728 3456 2776 in

1853 2803 2023 2865 capite
2048 2802 2581 2865 transmigrantium,
2599 2805 2646 2848 et
2670 2808 2686 2827 "
2702 2799 2980 2861 auferetur
3001 2797 3166 2861 factio
3184 2798 3455 2848 lascivien-

1854 2874 2010 2933 tium,
2052 2872 2111 2923 id
2141 2876 2248 2935 est,
2293 2872 2631 2922 inrinitatem
2661 2883 2889 2934 sperum
2921 2882 3156 2921 suarum
3189 2870 3452 2933 protinus

1854 2945 2203 3007 fatebuntur,
2251 2943 2483 3005 quando
2520 2948 2575 2994 et
2599 2944 2755 3006 ipsos
2781 2940 3292 3006 comprehenderit,
3322 2952 3453 3004 quae

1852 3016 2035 3067 fuerat
2080 3014 2377 3080 paululum
2406 3013 2581 3065 dilata
2604 3013 2923 3078 captivitas.
2964 3012 3281 3077 Exigentur
3299 3011 3449 3063 enim

1852 3088 1920 3138 de
1969 3087 2092 3138 suis
2127 3086 2338 3138 finibus
2382 3087 2443 3133 in
2487 3086 2658 3149 capite
2702 3084 3236 3149 transmigrantium,
3270 3083 3327 3135 id
3362 3087 3452 3134 est

1850 3156 1996 3209 inter
2021 3158 2233 3220 primos
2256 3156 2370 3214 isti,
2393 3155 2493 3218 qui
2515 3169 2575 3207 se
2600 3160 2757 3207 tutos
2780 3154 2899 3205 fore
2924 3154 3285 3205 crediderant
3308 3166 3450 3205 exu-

1779 3222 1829 3299 C
1849 3229 2051 3280 labant
2076 3245 2086 3277 :
2116 3229 2328 3299 _sicque
2353 3232 2604 3299 caterva:
2636 3225 3047 3299 luxuriantium
3073 3225 3446 3299 disperibunt.

1917 3302 2075 3352 Vers.
2103 3297 2152 3353 8.
2181 3299 2231 3352 9.
2258 3327 2317 3336 —
2348 3298 2568 3347 Juravit
2596 3297 2856 3347 Dominus
2874 3297 3011 3346 Deus
3028 3299 3089 3346 in
3110 3296 3306 3345 anima
3326 3309 3449 3356 sua,

1850 3372 2187 3422 dicitDomin
2199 3386 2258 3420 us
2281 3372 2300 3400 ¹³
2321 3372 2461 3420 Deus
2484 3371 2819 3419 exercituum
2846 3384 2858 3418 :
2884 3369 3120 3418 Detestor
3141 3383 3232 3433 ego
3256 3382 3450 3432 super-

1850 3444 1995 3493 biam
2018 3442 2198 3507 Jacob,
2216 3448 2261 3491 et
2274 3442 2457 3491 domos
2472 3442 2587 3504 ejus
2602 3441 2710 3501 odi,
2729 3441 3005 3491 ettradam
3029 3440 3296 3489 civitatem
3328 3453 3451 3488 cum

1853 3515 2245 3565 habitatoribus
2272 3529 2402 3565 suis.
2435 3516 2584 3573 Quod
2619 3514 2664 3562 si
2698 3512 2896 3576 reliqui
2918 3512 3126 3576 fuerint
3149 3512 3321 3561 decem
3346 3511 3451 3559 viri

1852 3590 1911 3637 in
1945 3595 2102 3637 domo
2147 3602 2281 3651 una,
2315 3592 2360 3635 et
2394 3585 2499 3650 ipsi
2524 3586 2843 3634 morientur.
2872 3585 2941 3635 Ut.
2961 3583 3212 3647 graviter
3237 3595 3299 3634 se
3322 3582 3454 3633 hor-

1852 3660 2039 3712 ruisse
2083 3659 2420 3723 despectum
2454 3656 2724 3708 fraternaa
2754 3654 3102 3720 captivitatis
3125 3653 3455 3706 ostenderet

1851 3733 1913 3785 in
1964 3730 2316 3796 proferendis
2348 3728 2586 3781 ultionis
2611 3730 2787 3779 verba
2813 3727 3048 3790 juravit.
3075 3725 3237 3788 Quod
3260 3729 3454 3777 autem

1852 3803 1930 3855 ait
1955 3802 2249 3867 propheta,
2275 3813 2375 3864 per
2398 3799 2651 3851 animam
2664 3811 2829 3849 suam
2846 3798 3027 3849 Deum
3035 3797 3279 3860 jurasse,
3300 3808 3456 3847 more

1853 3880 2052 3926 nostro
2064 3874 2303 3931 dictum,
2330 3872 2544 3935 quibus
2566 3870 2925 3934 loquebatur,
2942 3869 3201 3931 intellige
3220 3882 3231 3918 :
3253 3874 3315 3920 ut
3338 3883 3457 3927 quo-

1853 3947 2008 3997 niam
2032 3945 2174 3997 nihil
2192 3944 2501 4007 pretiosius
2527 3944 2721 3993 anima
2736 3944 2950 4003 nostra,
2969 3942 3070 3991 aut
3092 3939 3317 3991 dulcius
3330 3941 3456 3988 aesti-

1853 4029 2098 4080 mamus,
2148 4015 2241 4067 ille
2289 4027 2518 4077 quoque
2554 4025 2670 4063 non
2705 4011 2873 4074 quasi
2891 4010 3106 4062 animal
3127 4009 3359 4072 aliquod
3384 4021 3456 4060 ex

1855 4090 2046 4140 anima
2069 4087 2454 4149 membrisque
2477 4084 2882 4148 compositum,
2910 4083 3007 4133 sed
3027 4082 3123 4145 qui
3150 4085 3453 4141 majestatem

1854 4164 1911 4211 et
1937 4160 2113 4210 vitam
2139 4171 2305 4210 suam
2328 4156 2538 4209 animae
2554 4154 2935 4219 appellatione
2957 4152 3290 4217 signaverit,
3305 4150 3458 4203 dete-

1856 4231 1993 4282 stari
2020 4243 2081 4282 se
2105 4230 2307 4281 domos
2328 4229 2524 4291 Jucob,
2551 4225 2994 4291 superbiamque
3012 4223 3228 4287 juravit
3249 4222 3458 4275 tantis-

1854 4314 1969 4364 que
1992 4313 2091 4353 eas
2115 4313 2240 4352 esse
2262 4297 2684 4351 calamitatibus
2710 4296 3094 4357 subditurum,
3113 4298 3179 4345 ut
3202 4293 3457 4355 populosa

1855 4372 2086 4425 familia
2108 4378 2226 4424 tam
2242 4370 2492 4422 assiduis
2519 4369 2799 4420 mortibus
2823 4367 3340 4424 absumantur,nec
3358 4377 3454 4415 su-

1853 4445 2105 4509 persitin
2128 4445 2210 4496 eis
2236 4444 2334 4508 qui
2359 4444 2542 4507 possit
2586 4440 2825 4502 sepelire
2850 4438 3173 4509 defunctos.
3212 4435 3456 4509 Nomine

1853 4506 2047 4567 autem
2070 4506 2271 4578 Jacob,
2301 4506 2591 4565 et’Judam
2615 4516 2671 4561 et
2696 4510 2963 4561 Israelem
2989 4508 3203 4573 pariter
3239 4506 3457 4578 indica-

1852 4588 1953 4647 vit,
1985 4587 2195 4651 quippe
2220 4577 2367 4650 quos
2394 4586 2562 4649 paulo
2592 4587 2725 4634 ante
2755 4583 2875 4645 jam
2901 4582 2961 4632 in
2980 4578 3317 4651 calamitate
3347 4577 3454 4628 mi-

1776 4643 1829 4715 D
1853 4643 2105 4708 seuerat:
2121 4643 2262 4708 Cum
2280 4643 2416 4721 ergo
2440 4656 2512 4707 ad
2537 4666 2665 4706 eam
2682 4643 3050 4704 solitudinem
3063 4649 3457 4721 multatdomus

1858 4728 2137 4790 venerint,
2161 4740 2181 4762 °
2214 4733 2279 4779 ut
2307 4740 2423 4779 non
2446 4727 2750 4779 inveniant
2772 4724 3152 4781 funerantem,
3170 4720 3344 4772 vicini
3362 4731 3459 4771 ve-

1856 4800 2017 4851 nient
2040 4804 2098 4851 et
2121 4799 2575 4864 propinquorum
2602 4799 2773 4848 busta
2796 4796 3111 4847 curabunt:
3139 4805 3327 4854 neque
3351 4792 3456 4842 ho-

1854 4872 2071 4922 noratis
2102 4883 2175 4921 ex
2200 4863 2358 4921 more
2382 4870 2635 4920 condent
2658 4866 2998 4930 sepulchris,
3028 4864 3131 4916 sed
3146 4863 3368 4928 vulgari
3389 4875 3458 4913 ea

1854 4943 2121 4994 incendio
2147 4944 2614 5001 concremabunt,
2643 4940 3147 5004 ingredientesque
3171 4937 3282 5000 ipsi
3311 4948 3457 4999 quos

1854 5014 2109 5065 diximus
2134 5013 2327 5077 vicini,
2360 5024 2430 5063 ne
2453 5012 2627 5063 lateat
2650 5012 2711 5062 in
2735 5010 3137 5075 penetralibus,
3165 5007 3258 5059 vel
3274 5018 3456 5057 rema-

1854 5087 1988 5136 neat
2031 5084 2258 5149 aliquis,
2298 5083 2726 5146 scrutabuntur,
2753 5081 2978 5145 sibique
3002 5079 3251 5130 invicem
3276 5076 3457 5128 collo-

1854 5161 2104 5222 quentur
2124 5172 2135 5205 :

1916 5230 2077 5281 Vers.
2106 5227 2187 5282 10.
2203 5225 2321 5282 ~12.
2367 5254 2427 5262 —
2464 5225 2531 5274 Et
2563 5225 2695 5275 dicet
2727 5226 2880 5289 [ADL
2928 5220 3120 5283 dicent]
3139 5220 3205 5278 ei,
3241 5220 3385 5279 Tace,
3405 5224 3453 5268 et

1854 5316 1969 5349 non
2012 5299 2303 5349 recorderis
2344 5297 2586 5347 nominis
2609 5296 2852 5346 Domini.
2878 5294 3017 5353 Quia
3041 5305 3148 5340 ecce
3181 5290 3453 5339 Dominus

1856 5388 1981 5421 man
1991 5367 2602 5434 dabiI[Ant.mandavit]
2615 5372 2679 5429 ,et
2690 5366 2939 5430 percutiet
2954 5364 3177 5434 domum
3190 5359 3455 5434 majorem

1853 5444 1913 5491 in
1937 5432 2207 5505 ruinis,‘et
2229 5443 2451 5490 domum
2479 5439 2748 5488 minorem
2761 5438 2821 5486 in
2839 5432 3201 5484 seissionibus.
3214 5432 3340 5505 Quid
3355 5436 3449 5505 est,

1853 5514 2007 5578 quod
2042 5500 2140 5579 ait,
2185 5514 2331 5575 Tace,
2374 5516 2420 5559 et
2456 5524 2570 5558 non
2606 5507 2897 5557 recorderis
2927 5505 3170 5555 nominis
3208 5500 3451 5553 Domini.

1853 5656 2042 5720 efferat
2085 5671 2205 5705 ossa
2248 5654 2310 5703 de
2349 5652 2530 5700 domo:
2570 5655 2616 5699 et
2638 5650 2770 5698 dicet
2809 5648 2855 5695 ei
2879 5648 2977 5709 qui
3008 5643 3453 5720 infertetralibus

1854 5714 2047 5795 glomus
2066 5733 2136 5777 est
2165 5742 2176 5778 :
2201 5720 2491 5786 Numquid
2509 5720 2691 5771 adhuc
2707 5734 2756 5767 es
2778 5730 2933 5782 penes
2958 5722 3002 5763 te
3024 5719 3049 5765 .9
3071 5715 3138 5763 Et
3160 5714 3452 5777 responde-

1856 5798 1946 5850 bit.
1976 5799 2125 5848 Finis
2149 5802 2236 5850 est.
