3866 6206
403 289 541 343 1087

404 471 574 521 corda
595 471 843 534 potuerit
861 470 931 521 ad
956 472 1405 523 recordationem
1424 474 1633 536 judicis
1647 476 1701 525 et
1725 474 1995 524 creatoris

402 543 491 593 sui
529 543 837 599 inﬂectere,
872 556 1084 605 perque
1116 543 1226 595 hoc
1252 547 1671 607 competentius
1697 546 1992 603 diceretur,

402 615 788 666 Recordemur
812 616 1061 664 nominis
1088 616 1328 676 Domini,
1353 619 1520 679 cujus
1549 618 1858 680 indignatio
1881 623 1996 665 tam

402 686 701 749 multiplici
745 697 852 735 nos
915 686 1178 738 calzimite
1228 690 1481 739 vastavit
1517 690 1662 752 [.lut.
1694 690 1988 751 vastabit}.

403 760 645 807 Sensum
685 770 816 820 ergo
840 758 900 807 in
924 758 1031 808 hoc
1057 758 1179 809 loco
1210 760 1481 811 latentem
1510 762 1579 809 de
1609 762 1996 823 superioribus

401 829 738 890 colligamus
761 842 772 877 :
812 830 909 887 Vae,
935 829 1722 891 inquit.desiderantibusdiem
1741 832 1995 889 Domini;

404 906 458 947 ut
489 900 622 962 quid
644 914 763 947 eam
788 899 929 947 vobis
950 901 973 947 .9
996 901 1105 948 dies
1131 903 1353 949 Domini
1378 907 1466 950 est
1492 904 1653 952 Vobis
1685 904 1924 957 tene/irae,
1952 908 1995 949 ct

400 987 506 1019 non
530 971 628 1019 tua:
653 990 665 1022 :
691 984 807 1021 non
831 985 944 1034 quo
970 972 1045 1021 illi
1073 980 1310 1035 possent
1331 974 1715 1023 damnationis
1735 984 1997 1025 suasuqu—

400 1056 502 1103 pus
526 1046 808 1105 expetere,
838 1043 937 1093 sed
963 1044 1115 1106 quia,
1148 1042 1320 1110 540
1348 1050 1410 1095 ut
1434 1046 1835 1106 exposuimus,
1854 1046 1997 1095 abu-

401 1119 587 1165 tentes
612 1114 881 1165 dilatione
906 1115 1196 1176 vindictae,
1216 1118 1687 1179 proplietasipsos
1706 1118 1997 1166 dementia-

398 1185 501 1235 ciis
526 1185 901 1249 infamabant,
934 1186 1098 1249 quasi
1124 1189 1539 1239 comminantes
1565 1202 1629 1238 ea
1667 1188 1832 1250 mala,
1866 1200 1995 1250 quae

400 1257 558 1307 nulla
594 1263 793 1309 essent
840 1264 1008 1309 aetate
1058 1265 1317 1310 ventura.
1368 1260 1498 1310 Ideo
1554 1274 1706 1310 nunc
1735 1261 1832 1320 ait,
1864 1272 1995 1310 cum

399 1328 704 1379 noxiorum
731 1330 964 1393 agmina
983 1332 1265 1394 promissa
1280 1331 1411 1381 olim
1439 1331 1997 1395 eaptivitasoccupa-

400 1400 560 1460 verit,
587 1402 644 1449 et
672 1400 764 1450 ille
790 1400 931 1462 dies,
958 1401 1016 1451 id
1040 1407 1148 1461 est,
1176 1407 1401 1465 tempus
1433 1402 1917 1465 advenerit,quod
1934 1415 1995 1451 se

397 1482 497 1534 per
538 1470 859 1522 irrisionem
884 1472 1240 1523 desiderasse
1266 1474 1646 1537 iactaverunt,
1678 1477 1872 1523 tantus
1897 1486 1995 1523 eos

396 1540 576 1592 divini
616 1543 864 1593 nominis
913 1548 1093 1594 terror
1138 1546 1414 1607 implebit,
1438 1551 1503 1595 ut
1552 1546 1796 1595 invicem
1823 1544 1994 1595 collo-

396 1615 662 1676 quantur,
681 1627 753 1665 ne
779 1615 910 1677 quis
934 1616 1143 1667 audeat
1168 1616 1450 1666 recordari
1478 1616 1727 1666 nominis
1747 1616 1991 1677 Domini,

394 1691 563 1746 cujus
588 1686 788 1735 otl'ensi
817 1689 973 1735 tanta
998 1688 1282 1738 severitas
1300 1688 1643 1751 apparuerit,
1674 1693 1737 1738 ut
1761 1692 1995 1750 putetur

399 1757 699 1807 excitanda
735 1758 1041 1807 commotio
1066 1760 1237 1809 etiam
1266 1760 1558 1808 nominati.
1588 1759 1724 1815 Quia
1752 1774 1858 1806 ecce
1882 1758 1987 1805 Do-

395 1827 580 1875 minus
606 1828 904 1888 mandabit,
930 1836 975 1876 et
995 1831 1247 1892 percutiet
1271 1830 1493 1878 domum
1511 1831 1669 1891 majoi
1688 1846 1763 1877 cm
1794 1831 1851 1876 in
1876 1829 1987 1875 rui-

396 1912 431 1945 n
442 1897 484 1945 is
500 1904 544 1946 et
561 1899 781 1947 domum
801 1900 1135 1947 minorcmiu
1154 1901 1370 1947 scissiou
1384 1901 1514 1950 ibus.
1538 1903 1689 1947 Paulo
1708 1908 1821 1947 ante
1843 1902 2002 1947 nolui-

397 1982 469 2020 ne
488 1971 683 2034 Jacob,
708 1972 762 2021 et
786 1971 997 2021 Judam
1016 1972 1373 2035 etlsraelem,
1411 1972 1467 2021 id
1496 1976 1582 2020 est
1606 1984 1807 2021 omnes
1844 1974 1999 2019 simul

399 2041 577 2091 tribus
590 2042 878 2104 quaeinter
890 2057 951 2092 se
968 2042 1171 2094 divisae
1189 2042 1437 2103 fuerant,
1458 2042 1716 2092 diximus
1735 2046 1999 2090 iudicatas.

396 2113 513 2162 Hoc
537 2114 728 2176 itaque
752 2126 1012 2179 praesens
1038 2128 1244 2165 versus
1269 2115 1537 2175 absolvit,
1564 2115 1662 2176 qui
1680 2119 1738 2165 et
1758 2118 1997 2174 majorem

396 2189 455 2234 et
476 2186 759 2235 minorem
783 2185 1021 2235 domum
1048 2184 1271 2249 percelli
1285 2185 1681 2247 scissionibus,
1700 2185 1998 2247 ruinisque

394 2254 706 2305 denunciat
754 2273 763 2304 :
814 2256 1058 2307 diversis
1083 2262 1277 2307 autem
1319 2257 1507 2307 verbis
1551 2270 1734 2307 unum
1768 2256 1999 2306 videtur

396 2326 717 2385 ostendere,
744 2326 799 2376 id
824 2331 933 2389 est,
960 2328 1318 2377 eversionem
1345 2328 1667 2377 domorum.
1696 2328 1836 2388 Quia
1860 2333 1995 2375 enim

398 2397 619 2447 ruinam
635 2397 946 2447 scissiones
966 2400 1241 2460 parietum
1264 2399 1585 2461 praecedere
1606 2397 1789 2448 solent
1806 2408 1996 2445 utram—

398 2480 508 2530 que
533 2468 811 2519 ruituram
837 2468 1183 2531 collapsione
1202 2473 1259 2519 et
1284 2470 1563 2521 scissione
1588 2470 1865 2531 signavit;
1890 2485 1997 2518 ma-

392 2539 577 2601 jorem
603 2542 796 2589 autem
819 2540 1055 2591 domum
1077 2554 1173 2603 pro
1192 2554 1430 2591 numero
1451 2541 1723 2601 tribuum,
1744 2545 1991 2595 lsraelem.

403 2610 683 2661 minorem
712 2624 847 2662 vero
886 2612 1095 2661 Judam
1127 2614 1375 2669 vocavit,
1396 2624 1613 2675 easque
1627 2614 1827 2662 ambas
1846 2613 1993 2663 sicut

399 2681 568 2730 simili
600 2682 898 2744 iniquitate
924 2682 1186 2745 pollutas,
1213 2684 1291 2734 ita
1316 2684 1485 2734 simili
1515 2683 1827 2734 denunciat
1845 2684 1993 2735 cala—

398 2753 595 2803 mitate
621 2754 918 2817 perituras.

463 2824 622 2874 Vers.
658 2824 742 2878 13.
771 2853 827 2860 -
854 2825 1571 2888 Nunquidcurrercqueunt
1590 2826 1649 2874 in
1676 2826 1992 2889 petrisequi,

397 2902 492 2943 aut
522 2912 677 2944 arari
714 2902 876 2960 potest
910 2898 969 2943 in
1008 2897 1214 2945 bubulis
1248 2913 1259 2947 :
1293 2898 1553 2960 quoniam
1580 2899 1906 2946 convertistis
1931 2899 1990 2944 in

396 2968 825 3015 amaritudinem
841 2968 1138 3030 judicium,
1164 2970 1695 3031 ctfructumjustitiae
1719 2970 1777 3017 in
1803 2969 1993 3032 absyn-

400 3037 577 3085 thium
597 3042 621 3089 fi
644 3039 1018 3089 Gratissimus
1039 3052 1260 3095 sensus,
1276 3045 1333 3090 et
1350 3040 1445 3102 qui
1460 3041 1793 3091 elocutionis
1810 3041 1882 3090 sit
1900 3054 1992 3104 ge-

399 3122 535 3159 nere
552 3114 870 3160 contectus.
893 3110 1227 3174 Allegoricis
1240 3112 1392 3161 enim
1412 3112 1604 3162 verbis
1618 3112 1824 3175 populo
1850 3115 1988 3174 vitia,

396 3181 607 3243 quibus
634 3181 950 3243 squalebat,
976 3184 1307 3245 exprobrat:
1336 3196 1522 3246 neque
1548 3186 1698 3235 enim
1734 3185 1825 3234 1110
1851 3197 1990 3247 qua-

398 3253 428 3300 d
440 3252 684 3315 rupedes
697 3253 1047 3315 simpliciter,
1062 3258 1352 3316 autequos
1376 3255 1643 3317 signavit.
1664 3260 1764 3305 aut
1781 3258 1991 3302 liuliulos

401 3323 500 3373 sed
527 3324 852 3386 superbiam
870 3324 1122 3388 profanae
1136 3326 1327 3387 gentis
1347 3331 1679 3389 exaggerat;
1696 3328 1815 3388 jam
1834 3330 1989 3388 enim,

390 3394 731 3453 judiciorum
754 3396 1110 3446 dulcedinem
1136 3398 1195 3447 in
1212 3398 1991 3449 conterendisinnocentibus

392 3465 450 3515 in
473 3466 912 3517 amaritudinem
936 3472 1205 3530 verterat,
1224 3472 1565 3531 tantumque
1588 3468 1691 3518 sibi
1709 3468 1779 3519 de
1795 3472 1989 3517 viribus

394 3537 715 3598 arrogabut,
742 3541 807 3587 ut
831 3537 1005 3588 nullis
1035 3539 1675 3589 incommoditatibusse
1696 3539 1992 3602 9010011111-

395 3607 530 3657 dam
571 3612 832 3670 putaret:
873 3609 1083 3671 quippe
1108 3622 1239 3670 qua:
1279 3613 1498 3659 tantum
1532 3611 1639 3660 sibi
1679 3611 1990 3674 opulentia:

395 3683 809 3741 comparasset,
822 3684 885 3727 ut
898 3679 1078 3729 instar
1093 3680 1431 3730 bubalorum
1446 3693 1743 3743 nunquam
1761 3686 1991 3729 videlicet

393 3749 598 3798 aratris
624 3748 768 3799 colla
793 3749 1183 3812 subdcntium,
1209 3751 1480 3802 continua
1500 3752 1758 3803 libertate
1778 3753 1991 3803 fruere-

397 3824 521 3869 tur:
547 3831 650 3869 nec
669 3831 768 3882 per
792 3818 993 3869 itinera
1020 3822 1184 3882 equis
1209 3821 1475 3883 ditllcilia,
1502 3828 1566 3873 ut
1592 3826 1898 3871 habenarum
1928 3826 1990 3872 li-

395 3891 491 3939 ber
509 3901 712 3952 equus,
738 3895 1011 3941 caeterum
1031 3904 1128 3955 per
1152 3905 1387 3955 campos
1413 3898 1469 3944 et
1488 3897 1645 3957 prata
1662 3897 1985 3942 discurreret.

393 3961 537 4024 Ergo
586 3961 791 4024 inquit,
842 3966 1063 4013 certum
1115 3968 1221 4025 est,
1263 3965 1415 4026 quod
1454 3966 1719 4029 necjuga
1743 3966 1990 4018 bubalus

393 4037 600 4096 portet,
628 4047 734 4084 nec
758 4047 858 4099 per
884 4047 1026 4087 saxa
1048 4048 1235 4099 equus
1260 4041 1462 4101 sponte
1479 4038 1708 4089 incedat
1730 4053 1741 4088 :
1772 4051 1875 4089 vos
1889 4051 1991 4089 au-

393 4107 529 4161 tem,
570 4104 668 4166 qui
694 4117 803 4157 vos
833 4107 1045 4167 etjuga
1072 4107 1439 4169 discussisse,
1466 4112 1522 4159 et
1546 4110 1736 4159 frenos
1768 4110 1989 4171 rupisse

392 4175 733 4239 gaudentes,
763 4178 890 4240 equi
912 4178 1076 4228 vobis
1100 4178 1158 4228 in
1185 4178 1429 4237 luxuria,
1448 4180 1506 4229 in
1532 4179 1810 4231 virtuteet
1836 4183 1990 4229 liber-

396 4250 517 4297 tate
541 4247 737 4299 bubali
765 4249 1133 4313 videbamini,
1166 4252 1336 4301 rebus
1358 4252 1608 4314 probate,
1634 4252 1789 4314 quod
1805 4256 1989 4313 spebus

1460 288 1728 341 RUFINO
1762 288 2226 342 PRESBYTERO
2263 290 2651 344 ASCRIPTUS

404 413 538 476 cum
589 399 1166 476 utiquemagnitudo
1211 401 1457 476 miseria;
1495 402 1666 476 etiam
1711 402 1998 476 obstinata
2017 404 2069 476 Α

3583 292 3716 347 1088

2103 401 2403 466 hausistis,
2445 404 2501 454 id
2533 409 2638 467 est,
2665 406 2799 468 quia
2830 404 3006 457 nullis
3039 404 3399 467 subjaceatis
3434 404 3712 469 imperiis.

2101 474 2261 533 Quod
2288 487 2420 524 cum
2442 476 2639 538 utique
2664 477 2725 527 in
2749 478 3103 527 contrarium
3130 476 3304 539 cadit,
3331 480 3510 538 atque
3537 477 3615 528 ad
3627 490 3713 529 ar-

2098 545 2332 595 bitrium
2357 547 2627 609 hostium,
2667 551 2723 598 et
2762 561 2861 610 per
2889 548 3091 599 itinera
3120 548 3449 611 asperrima
3471 548 3718 611 ingredi-

2098 617 2254 677 mini,
2292 622 2348 667 et
2372 629 2575 679 graves
2612 619 2835 670 labores
2860 620 3159 670 confracta
3180 620 3410 670 cervice
3438 619 3714 673 toleratis.

2098 688 2483 737 conﬁteamini
2512 702 2746 739 necesse
2791 694 2894 752 est,
2943 705 3051 741 nec
3094 703 3276 753 (quos
3305 703 3416 740 vos
3442 704 3591 752 esse,
3618 705 3713 742 nec

2098 759 2356 813 bubulos.
2385 774 2489 811 nec
2520 761 2825 824 quicquam
2863 763 3122 825 111⁸111μὶἀῆ
3146 768 3327 824 atque
3358 763 3599 818 virium,
3630 764 3713 814 vel

2097 845 2232 895 epes
2259 838 2477 882 vestras
2504 846 2885 897 comparasse,
2915 835 3007 885 vel
3034 840 3283 885 mentes.

2160 905 2317 953 VGI‘S.
2350 903 2617 957 14.15.-
2649 906 2750 962 Qui
2784 906 3048 953 laetamini
3083 908 3141 954 in
3172 905 3384 953 nihilo:
3416 906 3516 967 qui
3538 905 3710 953 dicitis

2095 974 2370 1034 Nunquid
2403 992 2507 1023 non
2536 978 2595 1023 in
2620 976 2941 1036 fortitudine
2969 983 3153 1025 nostra
3178 976 3553 1024 assumsimus
3571 978 3710 1027 nobis

2094 1052 2337 1096 cornua?
2372 1048 2497 1095 Ecce
2523 1049 2668 1096 enim
2692 1048 2955 1097 suscitabo
2980 1065 3143 1113 super
3166 1066 3271 1105 vos,
3300 1050 3502 1096 domus
3528 1048 3705 1110 Isract,

2096 1118 2223 1165 dicit
2252 1119 2519 1166 Dominus
2563 1121 2700 1167 Dcus
2725 1122 3059 1168 circ'crrituum
3090 1128 3300 1184 gcrztcm
3328 1137 3347 1177 7:
3372 1128 3419 1167 ct
3447 1126 3708 1170 conterent

2096 1205 2181 1236 ros
2205 1188 2269 1235 ab
2302 1191 2528 1237 introitu
2555 1191 2795 1239 Ematuh
2819 1208 2944 1254 sque
2967 1193 3039 1239 ad
3060 1199 3351 1240 torrentem
3379 1194 3704 1243 (ἱρείη-[ἰαχά-

2090 1260 2993 1324 juravitomninoexpositionem
3014 1268 3349 1323 przemissaiu.
3381 1261 3540 1330 54]
3576 1269 3703 1314 illam

2096 1331 2378 1391 videlicet,
2406 1331 2558 1392 quod
2586 1345 2647 1383 se
2673 1332 2856 1382 instar
2878 1333 3223 1384 bubalorum
3250 1339 3307 1386 et
3334 1348 3628 1398 equorum
3653 1340 3703 1388 li-

2094 1402 2260 1452 beros
2308 1403 2598 1465 fortesque
2649 1404 3028 1466 crediderant,
3066 1406 3219 1455 haud
3256 1406 3329 1456 de
3358 1412 3701 1461 conscientia

2095 1474 2318 1531 virium,
2354 1474 2452 1523 sed
2478 1475 2548 1525 de
2574 1476 2763 1537 propri
2783 1492 2798 1521 t
2825 1476 3098 1539 opinione
3116 1482 3172 1527 et
3199 1479 3324 1540 spei
3342 1482 3607 1531 vanitate
3629 1496 3703 1532 ve

2094 1545 2275 1593 nisse.
2302 1546 2503 1595 Lzetati
2533 1548 2704 1602 enim,
2741 1547 2946 1609 inquit,
2975 1548 3198 1598 estisin
3221 1550 3429 1614 nihilo,
3450 1552 3698 1604 dicentes

2095 1614 2245 1676 apud
2293 1628 2395 1665 vos
2423 1631 2433 1665 :
2460 1616 2731 1680 Nunquid
2756 1628 2771 1645 ³
2802 1634 2903 1666 non
2923 1619 2983 1665 in
3025 1618 3353 1680 fortitudine
3391 1632 3584 1670 uestra
3623 1642 3698 1671 as—

2094 1687 2387 1734 sumsimus
2420 1687 2568 1743 nobis
2611 1704 2837 1751 Col-nua,
2887 1701 3018 1752 qua:
3055 1691 3333 1741 nimirum
3360 1694 3695 1746 bubalorum

2097 1757 2333 1807 formam
2361 1759 2702 1809 videbantur
2724 1760 2742 1787 ἰ
2767 1761 3090 1811 ostendere.
3113 1764 3261 1823 Ergo
3286 1762 3363 1813 de
3382 1767 3599 1815 vestris
3616 1780 3699 1817 vo-

2104 1831 2189 1879 bis
2217 1834 2439 1880 tantum
2470 1831 2687 1881 viribus
2711 1833 3040 1894 arrogastis,
3068 1838 3133 1882 ut
3158 1836 3447 1896 putaretis
3469 1846 3698 1898 praecepta

2101 1916 2271 1965 posse
2298 1905 3037 1963 11111100111011111010.17011101
3068 1919 3243 1967 super
3260 1920 3371 1956 vos
3386 1906 3555 1958 fortis
3571 1925 3698 1956 exer-

2101 1974 2268 2031 citus,
2296 1979 2460 2035 teque
2484 1975 2646 2036 prior:
2670 1987 2745 2031 m,
2766 1987 2797 2023 o
2825 1975 3016 2036 Israel,
3042 1976 3406 2028 vincentium
3427 1985 3695 2041 potestate

2102 2044 2352 2093 vastabit
2402 2044 2482 2093 :ab
2528 2045 2755 2093 introitu
2806 2045 3031 2105 Emath,
3076 2046 3129 2095 id
3175 2052 3348 2109 est,’c
3382 2050 3462 2099 ab
3510 2051 3694 2100 Antio—

2102 2115 2415 2176 Chitl.usquc
2438 2115 2510 2162 ad
2534 2122 2813 2163 torrentem
2842 2118 3049 2171 deserti,
3084 2122 3309 2181 partem
3340 2121 3694 2183 scilicetquze

2101 2187 2285 2247 tangit
2309 2186 2606 2237 heremum
2635 2207 2643 2234 :
2675 2200 2877 2237 omnes
2901 2188 3164 2239 videlicet
3186 2190 3335 2241 ﬁnes
3362 2196 3501 2243 tuos
3520 2193 3692 2243 hostili

2100 2257 2432 2307 crudelitate
2460 2258 2822 2321 pepulizbitur
2849 2278 2858 2306 :
2885 2264 2941 2309 et
2969 2266 3041 2319 le,
3064 2272 3097 2310 o
3122 2261 3290 2319 Juda,
3320 2264 3435 2313 sub
3465 2265 3694 2315 brevidi-

2099 2330 2309 2379 latione
2336 2335 2885 2392 manentem,tamen
2916 2332 3105 2383 vicino
3130 2332 3353 2383 amabit
3376 2339 3438 2385 et
3462 2341 3695 2386 conster-

2099 2406 2194 2451 net
2220 2400 2502 2451 incendio.

2697 2490 2928 2539 CAPUT
2966 2490 3085 2540 VII.

2158 2609 2319 2657 Vere.
2364 2606 2411 2659 1.
2452 2606 2501 2659 3.
2536 2632 2598 2642 -
2622 2606 2738 2654 Hice
2768 2606 2995 2654 ostendit
3020 2608 3165 2654 mihi
3196 2609 3478 2657 Dominus
3502 2610 3633 2658 Deus
3655 2617 3693 2658 et

2095 2694 2201 2727 cccc
2223 2681 2376 2741 fictor
2400 2678 2606 2725 locustae
2631 2678 2689 2725 in
2718 2677 2990 2741 principio
3012 2679 3457 2739 germinuntium
3480 2684 3688 2730 serotini

2096 2750 2301 2810 imbris,
2330 2757 2375 2795 ct
2399 2764 2506 2796 cccc
2526 2750 2789 2797 serotinum
2811 2756 2927 2813 post
2952 2755 3217 2798 tonsorem
3244 2752 3266 2779 ⁴
3291 2768 3419 2815 91η)
3430 2754 3491 2808 is,
3528 2755 3591 2802 Et
3612 2756 3690 2817 fo-

2094 2829 2235 2871 etum
2263 2828 2334 2869 est
2369 2836 2488 2868 cum
2524 2827 2939 2869 consummasset
2962 2823 3232 2871 comedere
3269 2825 3497 2872 herbam
3536 2832 3686 2877 terra,

2093 2895 2234 2955 diri,
2271 2894 2497 2940 Domine
2521 2893 2659 2940 Deus
2681 2893 2948 2955 propitius
2972 2900 3094 2952 esto,
3128 2895 3358 2951 obsecro,
3386 2898 3514 2959 quis
3532 2898 3686 2945 susci-

2092 2966 2218 3014 tubit
2242 2964 2424 3027 Jacob,
2468 2965 2599 3026 quia
2620 2965 2885 3028 parvulus
2907 2969 3019 3014 est?
3041 2966 3294 3014 litiscrtus
3327 2975 3402 3015 est
3430 2969 3684 3015 Dominus

2090 3053 2252 3101 super
2292 3037 2388 3085 hoc
2414 3052 2425 3085 :
2453 3037 2575 3084 Non
2599 3039 2716 3093 erit,
2742 3036 2885 3084 discit
2912 3036 3199 3085 Dominus.
3228 3039 3560 3102 Prophelali
3584 3053 3686 3090 ser-

2092 3122 2317 3158 monem
2340 3121 2509 3158 suum
2534 3120 2691 3157 more
2715 3107 2972 3157 contexit
3000 3121 3012 3156 :
3038 3109 3157 3158 imo
3171 3109 3309 3171 quid
3328 3114 3682 3158 revelationum

2012 3186 2060 3260 ρ
2093 3180 2151 3229 111
2170 3180 2377 3260 'spiritu
2406 3178 3319 3260 prophetie‘conspiearisolerent
3345 3182 3681 3260 ⁸(11111100111111

2090 3251 2319 3297 videntes
2345 3250 2717 3312 vocabantur)
2743 3249 3011 3307 ostendit,
3038 3250 3093 3299 il
3123 3256 3229 3309 est,
3258 3252 3495 3313 quirieis
3508 3265 3682 3302 rerum

2086 3322 2409 3372 futurarum
2447 3322 2555 3371 sub
2593 3321 2821 3371 diversa
2846 3322 3034 3383 specie
3074 3322 3284 3372 breves
3320 3322 3437 3373 illae
3465 3323 3682 3386 quidem

2088 3392 2371 3455 imagines
2397 3397 2749 3455 apparerent,
2766 3391 2864 3442 sed
2887 3404 3135 3454 quarum
3155 3393 3280 3454 jam
3306 3397 3473 3441 intelli
3496 3397 3681 3443 {entiam

2090 3467 2359 3527 caperent
2383 3479 2395 3514 :
2415 3470 2469 3514 et
2495 3463 2639 3513 itain
2666 3464 2928 3514 diversos
2946 3466 3599 3519 moverentur-allectus.
3618 3468 3681 3511 vel

2090 3536 2159 3585 ad
2186 3548 2491 3585 censuram
2516 3535 2806 3595 nimirum,
2831 3534 2916 3584 vel
2941 3536 3009 3584 avl
3040 3536 3501 3586 misericordiam
3530 3538 3683 3600 perli-

2088 3611 2309 3658 nentes.
2340 3609 2651 3669 Postquam
2666 3606 3466 3669 ergoexcitatumirigentem
3493 3612 3681 3655 denun-

2090 3679 2277 3731 ciavit.
2305 3690 2437 3740 qum
2474 3679 2552 3727 eis
2576 3681 2730 3728 esset
2756 3676 2995 3727 allatura
3021 3677 3355 3741 perniciem,
3383 3692 3457 3730 ne
3482 3682 3684 3740 ipsaju-

2090 3750 2221 3800 dicii
2246 3751 2492 3800 brevitas
2517 3762 2627 3799 non
2650 3750 2790 3799 satis
2806 3748 3131 3799 auditorem
3144 3755 3426 3811 moveret,
3445 3753 3683 3811 explican-

2089 3821 2176 3871 dis
2202 3832 2348 3885 quas
2385 3820 2604 3871 viderat
2627 3820 2974 3879 imaginibus
3000 3820 3371 3881 immoratur,
3397 3827 3455 3872 et
3485 3835 3579 3884 per
3599 3834 3686 3871 ea-

2091 3906 2215 3942 rum
2266 3893 2645 3951 occasionem,
2696 3904 2867 3954 quam
2894 3891 3100 3942 sedulo
3126 3905 3229 3956 pro
3255 3893 3340 3942 eis
3370 3898 3685 3957 precaretur

2090 3964 2359 4025 ostendit,
2384 3976 2455 4014 ne
2483 3963 2610 4025 quis
2635 3976 2769 4013 eum
2794 3962 2882 4013 vel
2906 3962 3269 4023 insultantis,
3308 3966 3405 4014 vel
3432 3963 3685 4014 1111111ᾱο-

2091 4034 2260 4085 lentis
2284 4035 2477 4085 animo
2501 4034 2889 4084 annunnci-ire
2917 4032 3045 4082 illas
3062 4033 3428 4084 calamitates
3453 4040 3681 4098 putaret.

2090 4107 2295 4155 Audite
2321 4118 2476 4165 eruo,
2523 4106 2582 4155 in
2612 4117 2856 4168 quarum
2888 4116 2981 4154 me
3017 4105 3343 4162 imaginum
3370 4105 3682 4169 spectacula

2092 4178 2245 4227 Deus
2272 4182 2469 4227 noster
2499 4177 2804 4227 induxerit.
2832 4176 3027 4226 Stabat
3051 4176 3292 4238 quidam
3307 4177 3485 4239 quiin
3514 4191 3680 4225 murem

2090 4249 2247 4312 tlguli
2272 4249 2622 4299 locustarum
2647 4248 2906 4311 (lugeret,
2930 4247 2988 4297 id
3013 4252 3123 4305 est,
3152 4248 3426 4299 formaret
3443 4252 3682 4308 examina,

457 4429 473 4448 ·
508 4419 907 4471 Reﬂximusad
930 4423 1237 4473 nummum
1257 4426 1496 4481 ιρχωω,
1516 4429 1570 4473 ct
1590 4424 1983 4485 Hieronymia-
2088 4419 2348 4477 diximus,
2377 4418 2859 4481 quambAntiocho,
2884 4417 2974 4465 cui
2994 4422 3411 4479 cognomentum
3434 4416 3684 4481 Ἐπιφανής

394 4503 526 4542 nam
557 4491 879 4543 versionem
906 4493 1117 4555 locum,
1138 4493 1231 4543 ubi
1257 4493 1847 4545 librariorumincuria
1864 4509 1987 4557 pec-

392 4566 589 4614 catum
606 4568 713 4614 est.
735 4565 837 4615 Pro
850 4565 1138 4628 Numquid
1157 4580 1283 4624 non,
1300 4570 1519 4615 tantum
1537 4572 1656 4616 erat
1672 4566 1986 4629 Numquid:

395 4640 522 4686 tum
551 4636 900 4698 assumimus,
928 4649 1027 4699 pro
1050 4640 1432 4695 assumsimus;
1459 4637 1870 4689 deeratdeinde
1895 4651 1991 4688 no-

403 4717 536 4755 men
583 4705 723 4753 Deus
766 4711 898 4756 ante
933 4707 1263 4754 exercituum
1281 4745 1292 4757 .
1312 4707 1568 4770 denique
1592 4714 1861 4757 conteram
1887 4721 1985 4773 pro

398 4780 664 4824 conterent
713 4776 1020 4839 legebatur.
1059 4778 1144 4827 Ad
1185 4780 1444 4830 eamdem
1468 4780 1746 4830 amussim
1775 4781 1985 4831 leviora

392 4845 660 4908 quaedam
690 4846 801 4897 alia
834 4846 977 4897 infra
1000 4848 1352 4912 rediguntur.

454 4915 475 4945 ι
499 4920 684 4967 Antea
706 4916 991 4981 offendere,
1018 4931 1151 4981 quae
1179 4922 1385 4973 vitiosa
1409 4914 1840 4973 visa‘estlectio.

455 4998 473 5019 °
498 4989 743 5040 Videtur
765 4988 912 5040 duos
937 4995 1289 5055 errores,aut
1310 4997 1423 5044 tres
1446 5006 1561 5045 uno
1586 4997 1760 5045 verbo
1779 5006 1984 5045 errare.

395 5060 666 5120 Primum,
693 5061 846 5124 quod
878 5066 978 5112 aut
1009 5063 1158 5114 inter
1193 5064 1336 5114 duas
1361 5066 1736 5127 cognomines
1764 5065 1985 5124 Emath,

396 5134 654 5196 Magnam
670 5133 906 5193 scilicet,
930 5139 987 5184 et
1018 5134 1292 5185 Minorem
1318 5135 1623 5187 discrimen
1649 5138 1988 5200 ignorat,aut

392 5204 463 5254 de
498 5203 679 5266 priore
705 5205 912 5255 Emath
938 5206 1143 5267 Magna
1169 5218 1491 5255 sermonem
1518 5207 1642 5257 heic
1667 5220 1795 5257 esse
1820 5213 1989 5258 autu-

389 5279 525 5335 mat,
576 5288 709 5326 cum
754 5276 1057 5326 manifesto
1108 5276 1183 5325 sit
1227 5275 1296 5326 de
1347 5276 1575 5328 Minore.
1632 5279 1875 5340 Etenim,
1924 5282 1989 5329 ut

390 5347 562 5410 probe
588 5347 641 5397 S.
668 5348 1018 5411 Hieronymo
1043 5351 1306 5398 notatum
1321 5353 1429 5410 est,
1448 5349 1509 5397 de
1527 5350 1773 5398 terminis
1796 5350 1988 5398 Judch

387 5423 555 5479 terrae,
602 5419 698 5481 qui
736 5420 895 5467 solem
942 5419 1254 5483 respiciunt,
1299 5434 1467 5483 usque
1490 5421 1562 5468 ad
1587 5427 1871 5469 (orientem
1900 5420 1989 5468 (Ic-

387 5487 529 5544 serti,
556 5488 662 5537 sive
708 5490 1009 5551 occidentis,
1048 5489 1302 5553 loquitur
1343 5503 1502 5541 sacer
1550 5495 1786 5543 Textus.
1822 5494 1988 5541 Porro

391 5560 669 5611 Minorem
692 5561 841 5611 hanc
874 5562 1077 5611 Ε1Ι1ε1111
1096 5574 1264 5612 nemo
1299 5562 1647 5622 Scriptorum
1662 5578 1884 5622 unquam
1902 5577 1988 5621 pro

387 5629 691 5679 Antiochia
716 5631 928 5681 habuit.
956 5634 1228 5694 Imoquot
1247 5633 1364 5683 scio
1391 5646 1591 5684 omnes
1610 5634 1987 5695 L'piphantam

390 5698 609 5760 dicunt,
627 5706 692 5750 ut
702 5702 730 5749 J
736 5700 1165 5765 osephus,quod
1178 5705 1427 5755 Auctore
1443 5706 1658 5767 saepius
1674 5707 1878 5755 Noster
1895 5705 1991 5752 uti-

393 5772 504 5825 tur,
531 5768 963 5837 Antiquitatum
986 5772 1084 5823 lib.
1113 5773 1160 5826 1.
1186 5786 1308 5836 cap.
1330 5774 1377 5828 7.
1396 5780 1454 5827 et
1478 5776 1861 5837 Hieronymus
1874 5777 1985 5833 plu-

395 5836 564 5885 ribus
595 5835 755 5895 locis,
798 5844 969 5901 atque
996 5843 1123 5894 heic
1146 5835 1354 5903 denuo,
1388 5846 1587 5895 Emam
1611 5835 1991 5911 Epiphaniam

2086 4491 2213 4553 fuit,
2254 4505 2446 4537 norum
2486 4491 2673 4538 sortita
2706 4495 2792 4535 est.
2836 4487 2944 4539 Sed
2978 4500 3169 4550 neque
3198 4488 3245 4537 Si
3274 4491 3470 4551 posset
3499 4487 3683 4538 Emath

2093 4564 2296 4624 Magna
2334 4561 2571 4623 intelligi
2619 4560 2789 4623 (quod
2838 4559 3085 4609 alterum
3121 4564 3231 4620 est,
3268 4559 3328 4609 in
3353 4572 3471 4621 quo
3495 4561 3686 4610 Noster

2090 4634 2300 4697 peccat)
2328 4634 2482 4684 credi
2508 4631 2600 4682 illa
2624 4633 2791 4681 debet
2812 4629 3135 4681 Antiochia.
3166 4631 3306 4681 11ωο
3332 4632 3543 4695 quippe
3560 4632 3684 4681 urbs

2087 4718 2218 4767 quae
2236 4706 2413 4768 Syriae
2440 4706 2623 4765 Reges
2646 4702 2967 4752 conditores
2996 4714 3133 4751 suos
3160 4702 3592 4753 habuitAmosi
3614 4712 3683 4753 mo

2090 4782 2201 4827 tate
2233 4776 2394 4825 valde
2424 4776 2704 4825 recentior
2729 4779 2832 4822 est.
2866 4774 2945 4822 Re
2971 4773 3145 4823 etiam
3172 4785 3308 4823 vera
3332 4773 3507 4824 tradit
3539 4774 3681 4835 ejusv

2088 4847 2244 4897 modi
2270 4847 2521 4897 locorum
2540 4844 2920 4909 peritissimus
2940 4843 3348 4894 Theodoretus
3366 4850 3597 4892 Commen
3608 4852 3684 4892 tar.

2090 4921 2146 4968 in
2171 4917 2477 4969 Jeremiam
2524 4930 2646 4979 cap.
2697 4917 2960 4966 XXXIX.
2994 4916 3203 4966 Ematli
3234 4915 3393 4966 illam
3432 4917 3683 4977 Magnam

2088 5002 2204 5040 non
2234 4988 2403 5039 aliam
2432 5002 2558 5039 esse
2586 4988 2658 5039 ab
2678 4990 2913 5037 Emessu
2937 4986 3115 5049 Syriae
3142 4987 3286 5036 urbe
3314 4987 3682 5037 nobilissima.

2088 5063 2257 5123 cujus
2286 5065 2344 5111 et
2368 5059 2621 5110 nominis
2648 5058 3089 5109 similitudinem
3114 5058 3341 5109 retinet.

2151 5132 2170 5161 δ
2196 5132 2399 5183 Nullus
2429 5131 2647 5189 dubito,
2674 5130 2810 5192 quin
2846 5142 2945 5193 pro
2971 5130 3147 5192 gregis
3174 5129 3607 5180 rescribendum
3620 5128 3683 5177 sit

2087 5205 2243 5267 regis,
2271 5216 2340 5254 ex
2364 5202 2820 5267 Hieronxmiana
2843 5201 3097 5251 versione
3108 5202 3346 5262 atqueli
3358 5203 3681 5252 0013100010-

2088 5251 2295 5339 primis
2310 5251 2763 5340 Vtextuiuw'tLicn.
2803 5271 2907 5324 Sed
2936 5284 3066 5320 cum
3098 5251 3279 5322 vetus
3323 5286 3390 5322 ea
3426 5273 3606 5333 lectio,
3630 5275 3683 5319 ut

2089 5358 2335 5407 cumque
2354 5346 2679 5408 depravata,
2697 5343 2880 5405 magis
2900 5348 3095 5392 tamen
3108 5343 3167 5392 in
3185 5344 3437 5407 speciem
3457 5357 3683 5404 congrua,

2093 5416 2598 5480 Scriptoriipsimet
2615 5420 2812 5466 nostro
2840 5415 3034 5464 fucum
3059 5413 3247 5465 facere.
3274 5420 3499 5475 potuisse
3534 5416 3683 5461 viaea.

2091 5493 2201 5548 tur,
2233 5488 2328 5550 qui
2354 5486 2937 5538 eamdenuoint‘erius
2956 5491 3296 5536 (2011311111νῖ
3314 5488 3537 5536 retinet.
3566 5486 3681 5532 nihil

2089 5563 2271 5619 muto,
2294 5564 2350 5609 et
2376 5561 2668 5610 Lectorem
2692 5559 2991 5608 monuisse
3022 5558 3163 5606 satis
3191 5558 3400 5608 habeo.
3422 5558 3680 5618 11101011)τό

2090 5643 2221 5680 mus
2248 5630 2497 5693 praefert,
2528 5637 2639 5692 post
2663 5632 2955 5677 serotinum
2987 5635 3170 5675 tonsor
3195 5630 3338 5680 -’sive
3357 5629 3681 5677 (cnsui-atre-

2089 5701 2169 5763 gis
2197 5714 2208 5750 :
2236 5701 2293 5750 in
2326 5702 2455 5749 Mss.
2483 5701 2796 5761 codicibus,
2821 5701 3017 5748 scrotin
3030 5715 3089 5748 11ης
3114 5700 3255 5763 posti
3273 5705 3542 5748 tonsorem
3562 5699 3680 5760 (sive

2089 5772 2393 5835 tonsuram)
2439 5772 2873 5837 regi8;Vulgata
2897 5771 3090 5830 editio,
3114 5778 3233 5835 post
3260 5773 3568 5829 (animum,
3585 5775 3677 5817 etc.
