3866 6206
433 300 460 354 1
471 298 570 354 091

1501 293 1766 347 RUFINO
1799 293 2256 349 PRESBYTERO
2289 294 2672 350 ASCRIPTUS

3639 293 3770 350 109!

434 411 588 486 enim
613 408 790 473 litum,
814 404 873 486 id
885 409 994 486 est,
1017 403 1322 486 structoris
1343 407 1465 486 arte
1482 406 1888 486 compositum,
1907 415 2036 456 stare
2059 412 2112 486 Α
2139 406 2412 486 debuisse
2438 407 2797 486 auditoribus
2829 421 2962 486 esse
2997 407 3339 486 despectui.
3373 404 3490 486 Sed
3515 405 3676 486 quod
3688 406 3765 458 illi

433 482 574 534 mihi
598 492 791 533 rerum
825 478 1113 530 Dominus
1144 475 1466 538 videbatur,
1502 477 1726 528 habens
1771 479 1828 530 in
1858 491 2036 530 manu

435 553 663 606 trullam
691 549 1064 612 cmmentarii,
1091 559 1190 612 per
1215 559 1391 611 quam
1416 561 1630 599 munus
1649 549 2040 612 videlicetquo

435 624 598 689 fungi
631 625 1030 680 consueverat,
1080 619 1378 678 indicaret,
1424 619 1481 670 id
1515 625 1623 679 est,
1659 621 1814 684 quod
1839 626 1894 671 et
1913 620 2038 684 jugi

433 711 530 749 eos
556 693 1010 761 propugnatione
1047 696 1282 753 teretur,
1301 695 1359 742 et
1379 691 1535 754 quod
1554 691 1917 754 frequentem
1936 707 2037 740 me-

434 768 640 829 delam,
665 778 759 828 per
777 776 950 828 quam
965 766 1310 813 sanarentur
1322 766 1376 812 et
1393 763 1868 822 instaurarentur,
1894 763 2036 810 adhi-

435 841 609 890 beret.
637 840 944 898 Caeterum,
973 834 1021 884 si
1046 835 1160 886 ista
1183 833 1414 884 miseris
1439 833 1828 886 conferentem
1849 836 2040 898 provi-

434 910 692 962 dentiam
715 908 1105 968 submoveret,
1127 905 1416 956 neminem
1439 918 1635 956 eorum
1655 908 1744 957 vel
1762 920 1930 970 posse
1947 919 2040 957 co—

434 983 672 1043 hserere,
709 979 800 1032 vel
844 990 1015 1043 posse
1061 978 1400 1028 subsistere.
1434 979 1580 1040 Ergo
1607 977 1838 1028 trullam
1868 979 2037 1040 hanc,

431 1052 636 1117 inquit,
661 1051 720 1103 id
753 1055 862 1108 est,
887 1060 1085 1100 curam
1112 1061 1324 1112 meam,
1355 1061 1470 1112 qua
1491 1048 1840 1100 liniebantur
1863 1054 1921 1101 et
1946 1049 2038 1099 ﬂr-

436 1125 744 1176 mabantur
767 1133 1002 1185 quassa,
1021 1120 1326 1186 deponam,
1351 1124 1527 1184 atque
1551 1120 1732 1171 otium
1749 1121 2039 1184 quoddam

435 1192 796 1260 benignitati,
818 1193 1049 1257 quiaita
1071 1191 1247 1244 Israel
1276 1193 1446 1256 cogit,
1471 1191 1740 1256 indicam,
1765 1205 1872 1244 nec
1892 1195 2043 1241 susti-

433 1269 582 1320 nebo
606 1265 850 1318 ulterius
876 1263 1127 1315 laborem
1145 1277 1275 1316 cum
1301 1263 1623 1328 impudenti
1639 1264 1912 1316 nimirum
1930 1278 2040 1325 pro-

434 1340 668 1391 fanitate
698 1336 979 1388 inefficaci
1017 1336 1228 1400 pietate
1266 1335 1540 1387 certandi.
1567 1336 1777 1399 Sicque
1802 1337 2038 1386 demum

433 1411 573 1475 quid
602 1413 1001 1475 perpetravere
1026 1411 1544 1470 cognoscent,cum
1565 1419 1656 1458 me
1673 1418 2038 1470 nequaquam

437 1482 696 1543 feriente,
712 1478 814 1530 sed
833 1485 1026 1530 tamen
1043 1491 1160 1528 non
1176 1482 1528 1542 protegente,
1560 1479 1854 1538 dispereunt
1869 1478 2040 1542 [Forte

433 1551 835 1617 disperibunt].
867 1550 933 1598 Et
967 1549 1324 1598 demolientur
1354 1551 1555 1599 cwcelsa
1592 1549 1742 1608 idoli,
1769 1554 1815 1598 ct
1837 1549 2040 1597 sancti-

432 1625 709 1688 ficalioncs
749 1621 913 1671 Israel
956 1620 1343 1670 dcsolabuntur
1381 1639 1391 1669 :
1431 1627 1476 1670 et
1520 1636 1846 1684 consurgam
1879 1635 2040 1684 super

431 1697 659 1745 domum
691 1691 976 1743 Jeroboam
1005 1693 1066 1741 in
1083 1692 1285 1756 gladio.
1306 1693 1717 1744 Venientenim
1736 1693 1957 1755 hostes,
1972 1703 2038 1743 ac

431 1766 664 1832 plenum
685 1771 924 1828 agentes
951 1765 1308 1828 triumphum
1325 1763 1470 1816 ferro
1486 1765 1718 1832 ignique
1739 1765 2033 1827 desaeviant,

430 1841 559 1890 fana
587 1843 643 1890 et
657 1837 894 1902 profana
909 1848 1043 1886 cum
1061 1838 1198 1887 totis
1221 1837 1462 1887 urbibus
1480 1845 1934 1899 concremantes,
1951 1840 2038 1886 at-

427 1923 539 1973 que
561 1912 826 1962 Jeroboaa
863 1907 1137 1958 familiam
1153 1907 1344 1972 gladio
1369 1907 1679 1958 ulciscente
1709 1908 2036 1959 vastabunt.

431 1982 644 2033 Verum
671 1986 982 2046 postquam
1004 1980 1305 2042 hucusque
1323 1981 1720 2031 concionantis
1742 1980 2037 2042 propheta

432 2066 622 2105 sermo
640 2052 942 2117 processit,
955 2050 976 2078 ’ί
1000 2052 1266 2102 Amasias
1284 2049 1520 2113 quidam
1537 2050 1787 2112 nomine,
1807 2053 2038 2098 sacerdos

431 2125 720 2175 Idolorum
758 2124 917 2174 misit
951 2122 1026 2174 ad
1055 2124 1358 2173 Jeroboam
1383 2135 1482 2191 per
1505 2121 1658 2172 idem
1684 2127 1912 2185 tempus
1937 2121 2040 2172 de-

429 2209 554 2247 cem
570 2195 828 2246 tribuum
848 2195 1088 2258 imperio
1101 2193 1532 2258 prassidentem,
1555 2194 1973 2256 nunciavitque
1989 2194 2036 2240 ei

427 2267 581 2330 quod
606 2270 786 2317 Amos
813 2266 1017 2328 spiritu
1047 2267 1240 2328 potius
1279 2265 1610 2314 rebellantis
1640 2276 1812 2327 quam
1841 2264 2038 2315 vatici-

430 2339 620 2389 nantis
655 2337 957 2398 instinctu,
1002 2341 1058 2386 et
1091 2337 1436 2387 nominatim
1471 2338 1540 2399 ei,
1580 2335 1636 2386 id
1663 2340 1770 2392 est,
1795 2337 1914 2399 regi
1939 2335 2038 2385 de-

429 2409 726 2459 nunciaret
759 2408 1018 2468 exitium,
1044 2411 1101 2458 et
1125 2411 1310 2458 totum
1331 2405 1604 2470 populum
1629 2407 1707 2456 ita
1737 2405 2036 2470 multiplici

431 2479 875 2530 comminatione
909 2482 1160 2537 terreret,
1190 2483 1255 2529 ut
1283 2478 1453 2529 etiam
1491 2477 1796 2530 sententiae
1841 2477 2035 2528 dubiae

432 2551 612 2610 fleret,
641 2563 814 2614 quem
847 2547 1020 2616 545
1050 2549 1313 2602 videlicet
1356 2561 1551 2612 regem
1587 2554 1928 2612 sequeretur
1949 2549 2038 2600 in-

432 2627 644 2674 certus.
673 2622 992 2684 'l‘otiusque
1013 2620 1322 2672 voluminis
1339 2620 1658 2685 prOphetici
1681 2623 2037 2686 propositum

434 2693 684 2744 breviter
706 2693 1079 2757 amplectens,

495 2765 654 2815 Vers.
707 2763 791 2817 11.
828 2792 885 2800 -
931 2765 1051 2813 Ilaec
1098 2763 1263 2827 enim,
1309 2763 1518 2826 inquit,
1564 2764 1727 2812 Amos
1773 2761 1920 2818 dicit,
1972 2763 2036 2811 In

432 2835 615 2898 gladio
647 2837 909 2883 morietur
947 2833 1232 2884 Jeroboam
1255 2838 1298 2881 et
1321 2833 1486 2881 Israel
1503 2834 1747 2898 captivus
1781 2832 2036 2896 migrabit

435 2905 497 2954 de
514 2911 655 2955 terra
678 2921 796 2956 sua.
824 2908 906 2956 Ex
925 2906 1138 2969 quibus
1163 2904 1332 2956 dictis
1348 2909 1769 2968 consequenter
1784 2905 2039 2954 adverti-

439 2991 586 3041 mus,
613 2977 767 3041 quod
788 2979 964 3027 etiam
987 2977 1048 3028 in
1070 2981 1407 3027 nostrorum
1438 2980 1760 3040 temporum
1781 2975 2037 3039 negociis

439 3050 786 3114 experimur,
812 3051 949 3112 quia
969 3059 1102 3112 pars
1125 3048 1316 3111 gentis
1333 3046 1623 3110 humilior,
1648 3047 1704 3098 id
1722 3051 1829 3110 est,
1847 3052 2037 3108 quiquo

438 3119 757 3184 populares,
785 3123 1096 3184 quominus
1121 3119 1412 3170 habebant
1433 3118 1504 3170 de
1534 3119 1829 3170 nobilitate
1843 3131 2037 3182 super-

2137 479 2208 530 ad
2235 482 2361 542 ejus
2391 480 2800 532 contumeliam
2826 482 3015 533 dicere
3041 481 3332 540 solerent,
3374 477 3489 530 hoc
3517 491 3578 529 se
3607 478 3766 530 etiam

2139 563 2270 600 cum
2293 549 2506 613 gaudio
2549 551 2816 614 proﬁteri,
2853 552 2907 602 id
2945 557 3060 609 est,
3093 564 3206 603 nec
3247 549 3325 600 de
3362 547 3548 599 choro
3572 561 3651 610 se,
3671 563 3762 599 nec

2139 621 2208 672 de
2235 623 2407 686 stirpe
2446 623 2852 687 prophetarum
2891 623 3080 694 fuisse
3122 633 3138 676 :
3182 626 3478 694 ueterum
3509 621 3762 694 pastorali

2141 697 2366 744 tantum
2393 695 2582 746 ofilcio
2606 695 2886 758 deditum,
2922 700 2982 746 et
3013 692 3119 759 per
3156 693 3356 746 saltus
3383 697 3649 742 armenta
3671 692 3758 743 du-

2138 769 2380 826 centem,
2407 769 2579 828 atque
2602 766 2760 816 cibos
2783 779 2856 818 ex
2880 767 3194 818 arboribus
3211 763 3517 817 vilissime
3533 766 3760 822 culiigta-

2138 841 2274 899 tem,
2310 838 2484 887 aDeo
2528 837 2846 900 inspectore
2894 838 3109 898 cordis,
3154 837 3420 888 electum
3459 839 3520 885 et
3562 834 3633 884 ad
3664 835 3756 886 hoc

2138 908 2514 972 prophetandi
2538 908 2790 960 oftlcium
2814 909 3201 969 destinatum,
3229 906 3578 959 secundum
3601 919 3756 970 quem

2139 992 2356 1032 morem
2382 980 2658 1043 gloriatur
2681 985 2737 1031 et
2766 983 3082 1044 Apostolus
3105 993 3242 1031 cum
3282 979 3454 1042 dicit,
3494 977 3648 1040 quod
3671 980 3754 1028 ubi

2139 1051 2568 1115 placueritDeo,
2586 1056 2645 1100 ut
2670 1051 2918 1101 revelarel
2941 1052 3150 1101 Filium
3179 1066 3381 1110 suum,
3402 1064 3510 1114 per
3535 1063 3636 1114 me,
3657 1065 3757 1097 etm-

2141 1124 2294 1172 tinuo
2318 1138 2432 1172 non
2453 1123 2705 1187 adquievi
2739 1125 2898 1172 carni
2921 1130 2967 1172 et
2991 1123 3286 1188 sanguini,
3317 1136 3506 1185 neque
3527 1119 3604 1169 ad
3625 1129 3754 1169 ante-

2139 1210 2358 1244 cessores
2382 1209 2524 1242 meos
2560 1194 2838 1258 Apostolos
2855 1195 2994 1252 veni,
3027 1195 3118 1243 sed
3157 1193 3276 1243 abii
3300 1193 3364 1241 in
3399 1192 3689 1254 Arabiam,
3715 1199 3755 1241 et

2139 1267 2266 1315 inde
2290 1280 2528 1314 reversus
2549 1280 2671 1314 sum
2697 1265 3028 1314 Damascum
3051 1264 3193 1327 (Gal.
3222 1265 3248 1318 1
3264 1301 3275 1312 .
3300 1263 3441 1328 17.),
3463 1262 3526 1314 id
3551 1269 3656 1324 est,
3679 1280 3753 1312 nec

2139 1337 2537 1399 magisterium
2553 1335 2786 1400 aliquod
2805 1349 2909 1388 nec
2933 1335 3308 1400 privilegium
3333 1335 3652 1398 requisivi,
3667 1335 3750 1386 sed

2142 1409 2338 1460 statim
2364 1409 2591 1460 vocanti
2622 1421 2714 1460 me
2757 1408 3122 1472 Redemptori
3170 1410 3380 1459 nostro
3426 1407 3513 1457 ita
3538 1407 3750 1470 proinde

2146 1480 2318 1545 [Forte
2355 1479 2637 1544 prompte]
2669 1484 2728 1531 et
2761 1480 3000 1544 impigre
3029 1479 3215 1543 parui,
3245 1484 3314 1530 ut
3335 1477 3416 1529 ad
3445 1490 3601 1542 opus
3623 1490 3747 1541 prte-

2139 1551 2444 1604 dicationis
2465 1549 2812 1614 ingrederer.
2831 1553 2981 1615 Ergo
3005 1553 3379 1614 etpastorem
3407 1549 3747 1613 pecudumse

2139 1625 2344 1674 beatus
2369 1625 2549 1673 Amos
2566 1622 2882 1686 proﬁtetur,
2902 1621 3067 1674 nulla
3077 1621 3147 1672 ad
3163 1634 3314 1686 opus
3333 1621 3456 1672 hoc
3471 1623 3744 1674 ambitione.

2141 1695 2240 1746 sed
2267 1693 2391 1746 sola
2413 1693 2676 1745 vocantis
2708 1690 2884 1760 546
2911 1692 3196 1745 electione
3221 1692 3487 1751 venisse,
3513 1691 3616 1755 qui
3637 1693 3744 1740 dicit

2139 1765 2563 1829 adme(inquit),
2597 1765 2752 1827 Vade,
2783 1765 3050 1829 propheta
3081 1764 3156 1814 ad
3167 1763 3448 1828 populum
3484 1779 3663 1813 mum
3682 1764 3745 1812 Is-

2139 1836 2270 1888 rael.
2311 1839 2391 1888 Ea
2433 1849 2569 1901 ergo
2603 1847 2734 1900 qum
2774 1847 2948 1900 supra
2981 1835 3418 1886 comminanter
3449 1835 3643 1897 injeci,
3668 1835 3742 1886 de-

2139 1909 2314 1960 buisti
2341 1913 2472 1973 tu,o
2489 1909 2738 1972 Amasia,
2767 1911 2825 1959 et
2853 1919 3058 1958 omnes
3084 1907 3170 1958 tui
3204 1906 3530 1970 participes
3555 1919 3666 1959 non
3689 1913 3740 1957 ut

2137 1992 2282 2038 mea,
2303 1979 2403 2031 sed
2432 1980 2534 2031 Dei
2561 1993 2658 2044 per
2683 1993 2774 2030 me
2798 1979 3096 2043 loquentis
3125 1978 3281 2030 dicta
3309 1978 3632 2042 suscipere,
3653 1992 3739 2030 nec

2137 2051 2400 2103 dubitare
2417 2052 2573 2115 quod
2592 2051 2693 2103 Dei
2714 2051 3012 2104 voluntate
3027 2064 3098 2103 ea
3120 2063 3255 2114 quae
3270 2056 3531 2102 ventura
3552 2064 3740 2114 cogno-

2137 2135 2354 2187 veram,
2394 2124 2739 2174 nuntiarem.
2766 2123 2929 2185 Quod
2941 2137 3014 2173 ne
3045 2122 3298 2183 nescias,
3325 2122 3533 2186 accipe
3549 2121 3740 2187 experi-

2136 2199 2399 2246 mentum
2424 2198 2567 2254 ejus.
2594 2195 2691 2258 qui
2714 2195 2774 2246 in
2799 2208 2890 2246 me
2914 2195 3173 2258 loquitur
3201 2193 3442 2246 Christi.

2206 2267 2460 2316 Urortua
2478 2268 2536 2315 in
2561 2266 2775 2316 civitate
2794 2265 3308 2330 fornicabitur,ﬁtii
3338 2265 3428 2312 tui
3454 2268 3500 2312 et
3517 2265 3640 2327 ﬁlia
3654 2270 3734 2313 tua

2135 2338 2195 2386 in
2223 2339 2406 2402 gladio
2434 2339 2639 2400 cadent,
2665 2344 2710 2387 el
2743 2339 2943 2388 humus
2967 2343 3064 2386 tua
3107 2337 3364 2401 funiculo
3391 2337 3659 2386 metietur.
3681 2336 3736 2385 Et

2137 2415 2190 2458 tu
2207 2411 2265 2458 in
2291 2416 2434 2459 terra
2462 2410 2668 2474 polluta
2692 2411 2957 2472 morieris,
2976 2415 3022 2458 et
3046 2409 3480 2474 Israeleapticus
3505 2408 3736 2472 migrabit

2135 2481 2197 2531 de
2222 2487 2365 2531 terra
2379 2497 2497 2532 sua.
2514 2481 2659 2542 Quid
2675 2495 2808 2545 ergo
2837 2482 2938 2532 tibi
2955 2480 3196 2545 prodest
3223 2479 3430 2532 audire
3461 2479 3611 2531 nolle
3623 2481 3732 2542 quad

2135 2566 2370 2605 necesse
2395 2554 2611 2605 habeas
2626 2553 2928 2612 sustinere,
2954 2565 3093 2604 cum
3117 2566 3236 2604 non
3265 2557 3321 2604 te
3346 2553 3734 2605 denunciantis

2139 2627 2313 2677 verba
2336 2626 2609 2688 crucient,
2638 2625 2740 2676 sed
2780 2625 3026 2676 vulnera
3049 2626 3491 2688 persequentis.
3517 2624 3733 2676 Proinde

2134 2702 2200 2749 ut
2213 2697 2427 2748 sentias
2445 2696 2597 2748 nulla
2613 2703 2734 2749 arte
2747 2697 3178 2762 impendentem
3197 2697 3622 2748 removendam
3637 2711 3729 2744 sen-

2135 2768 2396 2826 tentiam,
2444 2769 2692 2833 praedico
2735 2768 2996 2820 omnium
3039 2773 3095 2820 te
3119 2767 3443 2820 aﬂ‘ectuum
3473 2775 3732 2820 tormenta

2136 2853 2466 2901 sensurum,
2489 2841 2547 2891 id
2573 2847 2680 2905 est,
2702 2852 2833 2903 quae
2859 2841 3120 2901 maritus,
3140 2852 3276 2904 qum
3289 2845 3628 2905 pater,quse
3645 2838 3731 2890 cla-

2135 2925 2236 2963 rus
2260 2912 2404 2964 civis
2430 2912 2694 2975 excipiat.
2741 2914 2898 2964 Uxor
2921 2911 3080 2962 enim
3120 2916 3223 2962 tua
3245 2924 3366 2962 non
3393 2911 3728 2963 clandestina

2135 2983 2492 3048 turpitudine
2511 2984 2815 3048 polluetur,
2843 2983 2946 3034 sed
2969 2983 3033 3035 in
3049 2982 3239 3034 medio
3251 2983 3423 3034 urbis
3445 2985 3726 3033 vincentium

2137 3057 2358 3108 libidini
2386 3056 2725 3120 subjacebit,
2751 3059 2807 3105 et
2833 3053 3046 3106 liberos
3075 3067 3208 3106 tuos
3233 3054 3492 3119 gladius,
3518 3060 3572 3105 te
3595 3067 3730 3119 spec—

2140 3132 2312 3190 tante,
2337 3128 2432 3179 cui
2457 3141 2574 3179 non
2602 3126 2770 3178 liceat
2797 3126 3012 3189 lugere,
3039 3126 3332 3177 vastabit:
3379 3131 3562 3190 tuque
3586 3125 3729 3176 simul

437 3191 565 3278 Ρὶεθτ
604 3189 1565 3278 1102-”???Pi9}?§?‘§r993.9‘5”§
1590 3190 2036 3278 ἶὲἳῖἳλὲδκεῐέλὲῖξῗῗ
2062 3202 2111 3278 C
2135 3189 2413 3278 df’“?¢°.’9
2451 3203 2510 3278 εφ
2541 3199 2784 3278 ονιξίιτπεξ
2800 3196 3102 3278 Pacius.“
3127 3198 3188 3248 in
3216 3202 3372 3250 ίθπδ
3395 3189 3614 3278 Ροηυίδ
3634 3209 3730 3248 ωο·

436 3263 661 3315 bantur.
679 3265 1014 3316 Sacerdotes
1033 3275 1166 3314 vero
1183 3266 1242 3312 et
1264 3262 1568 3325 optimates
1581 3274 1710 3311 cum
1725 3262 1875 3324 regis
1893 3264 2032 3309 vitiis

435 3333 626 3387 favere
651 3335 1084 3396 contenderent,
1101 3337 1470 3396 respuebant,
1484 3333 1599 3383 imo
1615 3334 2029 3390 criminabantur,

435 3413 492 3460 et
523 3408 572 3458 si
598 3408 808 3467 liceret,
832 3407 1252 3458 interﬂuiebant
1283 3406 1564 3456 salutares
1584 3405 1911 3468 magistros.
1940 3406 2031 3452 Sed

433 3479 696 3533 lectionis
721 3478 984 3529 ordinem
1010 3489 1441 3541 prosequamur.
1463 3481 1606 3526 tium
1631 3489 1766 3540 ergo
1789 3479 1858 3526 ad
1882 3479 2036 3527 Jero-

434 3551 607 3602 boam
633 3563 846 3612 regem,
871 3551 1084 3612 quibus
1100 3549 1413 3599 adversum
1431 3549 1528 3598 Dei
1555 3551 1890 3612 prophetam
1913 3561 2035 3599 suc-

437 3623 602 3672 cendi
629 3625 844 3684 posset,
857 3619 1130 3670 mandata
1140 3619 1412 3681 misisset,
1427 3630 1543 3669 non
1559 3623 1865 3670 contentus
1881 3622 2032 3669 tinem

432 3692 667 3742 excitati
691 3691 859 3754 quasi
883 3690 1214 3740 certaminis
1229 3689 1547 3753 praestolari
1564 3703 1576 3739 :
1595 3690 1694 3740 sed
1712 3695 1773 3741 ut
1789 3707 2034 3752 quocum-

432 3774 544 3825 que
568 3763 740 3812 modo
764 3762 852 3812 vir
865 3764 1099 3811 sanctus
1129 3759 1736 3824 fugareturexoptans,
1755 3762 2031 3826 adipsum

432 3833 770 3885 conciliator
792 3832 1052 3884 accessit.

495 3905 655 3956 Vers.
694 3902 891 3958 12-13.
931 3931 988 3940 —
1019 3903 1090 3952 Ei
1127 3902 1268 3952 dixit
1309 3903 1562 3952 Amasias
1610 3903 1683 3953 ad
1714 3905 1896 3967 Amos,
1928 3906 2033 3964 Qui

431 3975 592 4040 vides,
635 3976 879 4041 gradere,
915 3975 1042 4040 fuge
1088 3975 1144 4023 in
1174 3980 1377 4024 terram
1403 3975 1572 4038 Judaa,
1598 3977 1806 4024 comede
1833 3977 1902 4024 ibi
1923 3992 2030 4040 pa-

434 4063 578 4109 nem,
605 4055 648 4095 et
667 4047 740 4096 ibi
765 4047 1130 4112 prophetabis.
1157 4047 1291 4096 Elin
1315 4047 1492 4096 Bethel
1507 4062 1618 4096 non
1642 4048 1862 4111 adjit-ies
1889 4049 2030 4098 ultra

435 4125 493 4168 ut
504 4120 805 4184 prophetes,
824 4121 956 4184 quia
968 4119 1265 4180 sanctiﬁcat
1273 4120 1322 4167 io
1334 4119 1471 4184 regis
1487 4125 1574 4180 est,
1599 4125 1645 4167 et
1668 4119 1860 4169 domus
1877 4121 2032 4184 regni

431 4191 698 4242 Metuens
723 4191 913 4253 credo,
937 4203 1006 4241 ne
1030 4191 1350 4242 reverentia
1375 4191 1669 4254 prophetae
1686 4193 1859 4243 etiam
1882 4195 2033 4256 regis

427 4261 749 4327 indignatio
774 4262 1111 4325 frenaretur,
1138 4275 1238 4326 per
1260 4261 1515 4325 seipsum
1534 4264 1778 4314 tentavit
1790 4277 1924 4315 eum
1937 4280 2035 4316 ex-

428 4335 652 4398 pellere,
690 4339 747 4385 et
769 4347 903 4385 cum
927 4335 1143 4386 honore
1166 4334 1519 4398 compellans
1546 4350 1558 4384 :
1594 4334 1699 4396 Qui
1737 4337 1915 4400 vides,
1943 4341 2037 4399 abi

427 4406 636 4470 inquit,
662 4410 721 4458 et
753 4408 825 4457 ad
853 4407 1103 4458 vicinam
1127 4405 1295 4458 Judse
1324 4406 1567 4470 confuge
1591 4407 1900 4473 regionem,
1935 4416 2034 4468 ubi

429 4483 488 4531 et
511 4479 705 4530 vivere
735 4482 858 4530 tuto
873 4479 1064 4530 valeas
1081 4481 1138 4530 et
1161 4479 1379 4530 docere.
1401 4479 1520 4528 lloc
1545 4477 1834 4543 veroloco,
1858 4482 1915 4534 id
1938 4495 2030 4548 est,

428 4549 644 4613 Bethel,
677 4550 736 4600 in
761 4562 876 4612 quo
891 4549 1130 4613 respicis
1153 4551 1346 4601 aulam
1371 4548 1724 4615 fabricatam,
1743 4559 1801 4604 et
1819 4559 2033 4610 sancti-

2133 3271 2314 3331 rieris,
2341 3271 2394 3321 id
2421 3276 2530 3333 est,
2555 3270 2648 3323 vel
2681 3269 2742 3321 in
2769 3270 2894 3334 ipsa
2922 3269 3270 3322 Judaaorum
3299 3272 3539 3333 regione
3581 3281 3729 3332 quam

2133 3343 2400 3395 videlicet
2436 3342 2592 3406 prius
2617 3340 2914 3404 sacrilegia
2935 3341 3180 3406 civium,
3208 3341 3493 3406 deinceps
3515 3354 3640 3393 vero
3659 3339 3730 3391 fa-

2134 3416 2327 3466 cinora
2337 3414 2594 3466 hostium
2609 3413 2959 3478 polluerunt:
2983 3413 3076 3465 vel
3088 3419 3246 3464 certe
3270 3413 3337 3464 in
3353 3414 3611 3464 barbaris
3621 3411 3729 3462 tini-

2132 3487 2260 3550 bus,
2287 3498 2434 3550 quos
2459 3498 2684 3550 semper
2698 3497 2831 3537 esse
2851 3483 2872 3513 "
2897 3485 3281 3549 politissimos
3309 3485 3660 3543 mstimastis,
3682 3489 3729 3534 et

2132 3556 2307 3610 Israel
2329 3558 2389 3609 in
2412 3556 2650 3608 exilium
2682 3557 2908 3609 turbine
2932 3557 3295 3622 captivitatis
3325 3557 3607 3622 abigetur.
3631 3553 3724 3607 Sed

2131 3629 2436 3683 videamus
2459 3633 2518 3682 et
2545 3629 2780 3693 reliqua.

2721 3753 2956 3805 CAPUT
2994 3753 3145 3804 VIII.

2197 3847 2356 3897 VerS.
2385 3843 2517 3899 1.-3.
2544 3871 2606 3881 -
2643 3843 2764 3892 Haec
2783 3841 3010 3892 ostendit
3033 3842 3179 3891 mihi
3217 3843 3498 3893 Dominus
3530 3845 3668 3906 Deus,
3689 3853 3725 3891 ct

2131 3933 2238 3967 ecce
2252 3917 2489 3966 uncinus
2496 3929 2806 3980 pomorum.
2819 3914 2886 3963 Et
2901 3913 3046 3962 dixit
3068 3927 3082 3964 :
3101 3913 3250 3972 Quid
3268 3919 3329 3963 tu
3356 3916 3523 3980 vides,
3541 3918 3688 3966 Amos
3703 3918 3726 3964 Ῡ

2131 3992 2197 4042 Et
2223 3990 2362 4046 dixi,
2391 3988 2636 4037 Uninum
2657 4000 2962 4051 pomorum.
2989 3983 3058 4034 Et
3078 3985 3227 4034 dixit
3243 3986 3521 4037 Dominus
3547 3989 3616 4038 ad
3641 4002 3723 4046 me,

2143 4064 2290 4114 Venit
2318 4060 2446 4123 ﬁnis
2461 4073 2620 4123 super
2643 4055 2908 4123 populum
2933 4071 3114 4105 meum
3139 4057 3342 4107 Israel:
3363 4075 3478 4108 non
3495 4061 3718 4124 adjiciam

2132 4135 2280 4184 ultra
2294 4138 2730 4196 utpertranseam
2755 4143 2894 4178 eum.
2927 4127 2995 4177 Et
3018 4127 3332 4178 stridebunt
3350 4132 3598 4181 cardines
3618 4139 3720 4180 lem-

2133 4207 2210 4272 pli
2246 4207 2306 4254 in
2335 4204 2420 4252 die
2442 4202 2555 4262 illa,
2582 4201 2709 4250 dicit
2731 4201 3002 4272 Dominus
3025 4201 3166 4249 Deus
3197 4218 3207 4249 :
3239 4202 3406 4252 multi
3431 4205 3718 4253 morientur.

2133 4271 2195 4327 in
2215 4277 2366 4326 omni
2388 4276 2496 4324 loco
2524 4273 2839 4338 projicielur
2859 4271 3160 4322 silentium.
3189 4273 3483 4336 Usquead
3509 4287 3720 4340 presen-

2137 4355 2252 4401 tem
2268 4347 2459 4400 locum
2484 4343 2922 4397 denuntiaverat
2943 4342 3334 4408 calamitates,
3352 4358 3492 4409 qua:
3511 4349 3720 4396 debeban-

2137 4427 2231 4473 tur
2242 4416 2835 4480 criminibus,ilxaque
2847 4415 3047 4466 aeterni
3054 4413 3181 4478 judi
3191 4415 3275 4466 cis
3288 4418 3720 4470 sententiamne-

2131 4493 2273 4554 neri,
2291 4494 2356 4542 ut
2379 4488 2601 4554 profani
2623 4485 2958 4549 neutiquam
2981 4485 3306 4539 evaderent
3330 4487 3617 4554 impuniti.
3633 4487 3717 4542 Sed

2133 4577 2267 4616 cum
2293 4562 2462 4625 longa
2483 4560 2592 4612 hoc
2609 4559 2904 4610 sonuisset
2928 4558 3020 4609 vis
3037 4557 3340 4620 orationis,
3356 4573 3521 4612 nunc
3538 4563 3651 4625 jam
3663 4559 3722 4610 fe-

429 4622 728 4698 ﬂcationes
753 4623 924 4698 regis,
943 4621 1209 4698 videlicet
1233 4620 1622 4698 simulacrum,
1637 4625 1804 4688 cuius
1823 4640 2028 4682 sumus
2053 4623 2108 4698 D
2132 4620 2440 4688 rendarum
2459 4643 2760 4697 pmnarum
2778 4628 3034 4682 vicinum
3057 4629 3238 4681 etiam
3263 4633 3500 4696 tempus
3515 4620 3718 4686 ostendit,

429 4693 755 4745 cultuicum
784 4695 911 4758 ipso
923 4694 1176 4759 principe
1194 4694 1522 4758 mancipati,
1563 4708 1634 4748 ne
1657 4709 1864 4762 pergas
1883 4701 2030 4753 ulte-

428 4765 548 4818 rius
572 4767 859 4830 ejusmodi
881 4766 1123 4818 vocibus
1148 4779 1472 4830 personare,
1496 4779 1643 4830 quas
1656 4782 2030 4835 nequaquam

433 4836 532 4888 tibi
557 4836 699 4888 forte
727 4837 1044 4900 impunitas
1077 4838 1382 4902 intelliges.

493 4909 654 4959 Vers.
685 4907 768 4960 14.
797 4907 883 4962 15.
915 4937 974 4945 -
999 4910 1287 4973 Respondit
1311 4910 1494 4971 Amos,
1520 4915 1565 4960 et
1591 4911 1730 4960 dixit
1769 4915 1842 4963 ad
1863 4915 2031 4965 Ama-

429 4979 737 5029 siamzNon
769 4993 890 5028 sum
914 4981 1194 5044 propheta,
1221 4986 1266 5030 et
1292 4997 1402 5029 non
1427 4997 1547 5031 sum
1571 4983 1719 5044 filius
1738 4988 2025 5051 prophetae,

429 5051 520 5100 sed
539 5051 908 5099 armentarius
926 5066 1018 5114 ego
1037 5066 1179 5108 sum,
1203 5052 1452 5102 vellicans
1471 5068 1793 5118 sycomoros.
1822 5059 1886 5106 Et
1908 5059 2029 5107 tulit

430 5137 514 5172 me
537 5123 935 5172 Dominuscum
948 5137 1191 5185 sequerer
1201 5137 1427 5187 gregem,
1447 5131 1492 5173 et
1509 5126 1652 5174 dixit
1669 5128 1740 5175 ad
1762 5143 1862 5191 me,
1889 5130 2030 5181 Vade

425 5196 687 5259 propheta
714 5194 788 5243 ad
810 5193 1072 5258 papulum
1107 5208 1287 5242 meum
1307 5195 1488 5247 Israel.
1515 5198 1597 5247 De
1627 5202 2029 5254 occasionibus

431 5268 872 5331 responsionum
887 5268 1056 5316 etiam
1082 5278 1215 5330 quae
1242 5267 1410 5317 tacita
1427 5273 1564 5318 sunt
1587 5267 1927 5335 plerumque
1942 5274 2030 5325 in-

432 5338 741 5402 telligenda
774 5345 1134 5398 succurrunt,
1161 5339 1311 5390 sicut
1332 5351 1485 5390 nunc
1510 5343 1800 5406 propheta,
1826 5359 1956 5398 cum
1975 5348 2026 5398 ei

431 5422 680 5474 aruspex
694 5410 940 5462 dixisset
960 5416 1028 5462 ut
1050 5411 1290 5475 fugeret,
1303 5413 1603 5476 respondit
1618 5427 1723 5465 nec
1735 5428 1797 5467 se
1813 5417 1883 5468 de
1907 5434 2027 5479 pro-

431 5481 732 5545 phetarum
749 5481 1095 5536 descendere
1111 5483 1305 5548 stirpe,
1323 5496 1428 5536 nec
1443 5484 1550 5536 hoc
1562 5498 1778 5538 munus
1788 5489 1862 5539 ab
1878 5493 2026 5539 initio

435 5554 779 5616 suscepisse,
797 5567 904 5606 nec
915 5553 1042 5609 ideo
1061 5559 1253 5608 tamen
1269 5556 1436 5620 quasi
1452 5556 1594 5609 falsa
1619 5559 2025 5614 vaticinantem

497 5701 516 5720 ·
539 5691 818 5746 Edisserit
839 5697 1290 5761 subsequentem
1317 5699 1672 5754 versiculum
1689 5700 1773 5756 10.
1791 5702 1858 5752 Ει
1881 5704 2026 5754 misit

435 5761 690 5838 Amasias
702 5767 943 5838 sacerdos
956 5769 1137 5819 Bethel
1163 5771 1238 5819 ad
1258 5770 1542 5822 Jeroboam
1562 5788 1737 5838 regem
1759 5774 1926 5826 Israel
1940 5777 2028 5827 di-

437 5842 574 5889 cens,
589 5831 866 5885 Rebellavit
881 5844 1068 5889 contra
1083 5844 1127 5888 te
1153 5842 1316 5891 Amos
1336 5843 1396 5892 in
1416 5843 1587 5895 medio
1611 5831 1802 5896 domus
1825 5847 1987 5901 Israel
2012 5867 2024 5900 :

2131 4719 2199 4759 ac
2224 4705 2544 4758 secundum
2570 4714 2785 4754 morem
2810 4701 3247 4766 prophetarum,
3274 4702 3593 4767 imaginem
3611 4713 3718 4768 qua

2127 4777 2380 4842 idipsum
2413 4774 2776 4838 exprimeret,
2809 4771 3140 4824 intromisit.
3191 4773 3357 4824 Sicut
3388 4775 3548 4826 enim
3571 4784 3719 4838 supra

2128 4846 2298 4899 trulla
2315 4857 2530 4898 cmmen
2538 4845 2665 4896 tarii
2676 4855 2873 4895 curam
2886 4843 3272 4906 providentiae
3285 4845 3718 4908 publicavit,qum

2128 4920 2198 4972 de
2235 4931 2412 4970 manu
2436 4929 2543 4969 sua
2562 4916 2746 4980 judex
2769 4914 3292 4978 subindignatione
3316 4915 3616 4980 deponens
3636 4915 3719 4968 do-

2128 4991 2264 5050 cuit,
2296 4989 2449 5054 quod
2475 5002 2574 5040 eos
2595 4989 2714 5052 jam
2739 4991 3033 5052 protegere
3057 4988 3446 5039 cessavisset:
3487 4990 3567 5040 ita
3585 4998 3716 5040 nunc

2127 5062 2482 5115 vicinitatem
2500 5059 2882 5111 damnationis
2906 5057 3250 5114 ostendens,
3278 5061 3557 5124 corripuit
3581 5059 3717 5111 unci—

2127 5146 2265 5186 num
2296 5144 2616 5197 pomorum.
2641 5129 2698 5181 id
2722 5134 2828 5190 est,
2855 5141 3029 5192 quem
3053 5127 3133 5179 illi
3157 5130 3375 5181 habere
3411 5131 3619 5186 solent.
3639 5128 3716 5192 qui

2128 5204 2446 5256 ascendunt
2484 5203 2544 5254 in
2568 5204 2800 5254 arbores
2833 5204 2898 5252 ut
2921 5213 3094 5264 poma
3117 5201 3502 5265 distringam,
3526 5209 3584 5256 et
3604 5201 3715 5266 quia

2129 5289 2228 5341 per
2242 5275 2682 5327 teneritudinem
2711 5285 3001 5324 ramorum
3026 5274 3375 5336 progrediad
3391 5281 3611 5324 extrema
3631 5285 3712 5320 non

2128 5352 2388 5414 possunt,
2405 5347 2794 5398 consistentes
2805 5345 2860 5395 in
2877 5343 3084 5408 solido,
3100 5343 3176 5396 ad
3189 5358 3254 5396 se
3266 5345 3712 5405 inﬂectuntcapita

2126 5431 2440 5479 ramorum,
2473 5431 2642 5483 poma
2678 5429 2811 5482 quae
2841 5420 3068 5466 matura
3099 5416 3356 5468 viderint
3383 5417 3710 5482 colligentes.

2128 5493 2275 5556 Ergo
2300 5503 2430 5542 cum
2455 5495 2507 5542 et
2533 5490 2719 5554 judex
2739 5487 3127 5551 seternusjam
3150 5494 3544 5554 opportunam
3563 5500 3706 5538 cerne-

2126 5569 2211 5616 ret
2226 5563 2524 5622 ultionem,
2539 5561 2706 5626 quasi
2717 5559 3072 5613 maturuisse
3090 5560 3167 5612 ad
3180 5561 3608 5627 suscipiendam
3620 5571 3705 5609 eam

2124 5723 2238 5759 non
2258 5707 2454 5774 poterit
2478 5712 2625 5757 terra
2648 5707 2907 5756 sustinere
2933 5706 3222 5758 universos
3245 5721 3518 5758 sermones
3539 5705 3652 5772 ejus.

2189 5780 2210 5810 ⁵
2234 5779 2483 5834 Omnino
2506 5778 2741 5832 rescribi
2763 5777 2936 5832 velim
2957 5777 3373 5844 pollutissimos,
3399 5779 3704 5832 tomide-

2126 5851 2320 5918 phettn
2347 5856 2522 5916 atque
2548 5851 2878 5916 Interpretis
2899 5854 3182 5903 contextu
3205 5852 3495 5916 exigente.
