3910 6238
232 357 347 432 217

1677 319 2023 421 DlALOGtiS
2053 360 2150 424 tu.

3361 405 3376 413 ς
3437 353 3558 437 948,

227 477 371 550 ipsa
408 476 643 536 virtutes
689 476 987 536 visibiliter
1031 478 1243 536 servire
1297 476 1531 536 lartino
1584 476 1840 535 humanis
1864 473 2065 568 A‘rat,
2113 480 2364 540 tribunos
2400 495 2616 539 summa
2648 490 2921 552 potestate
2963 490 3206 539 armatos
3237 477 3309 538 ad
3349 479 3549 553 Hispa-

227 573 396 630 etiam
440 571 616 628 oculis
661 579 1047 630 cernerentur.
1081 571 1248 630 idem
1289 582 1474 629 autem
1505 571 1840 644 Befrigerius

229 667 367 723 mihi
393 667 548 726 testis
591 678 724 735 est,
753 665 1040 726 mulierem
1067 652 1338 739 proﬂuvio
1380 665 1663 739 sanguinis
1691 665 1854 724 labo-‘

227 769 468 829 rantem,
501 768 626 817 cum
656 759 878 818 Martini
904 762 1112 818 vestem
1140 758 1672 832 eaemplo'mutieris
1691 757 1842 816 illius

229 851 577 926 Evangelica:
591 855 941 929 contigisset,
963 855 1067 914 sub
1082 861 1364 912 momento
1385 855 1651 928 temporis
1675 852 1841 912 fuisse

227 959 496 1007 sanatam.
527 950 775 1022 Serpens
822 948 1027 1008 flumen
1064 949 1306 1018 secabat,
1349 955 1411 1006 et
1453 949 1588 1022 ripa:
1633 948 1690 1006 in
1732 941 1855 1021 qua'

227 1044 688 1109 contulerimus,
720 1042 1022 1101 adnatabat
1045 1059 1058 1096 :
1084 1041 1152 1100 'ln
1199 1042 1697 1111 nomine,‘inquit,
1726 1040 1850 1098 θυι

231 1131 368 1193 misi
382 1135 558 1205 iubeo
585 1145 638 1192 te
668 1135 874 1194 redire.
903 1135 1024 1193 ilo:
1047 1151 1111 1194 se
1139 1135 1285 1194 mala
1310 1126 1488 1207 bestia
1517 1134 1588 1192 ad
1613 1135 1837 1193 verbum

229 1230 418 1322 Sancti
436 1232 684 1301 retorsit,
705 1242 765 1290 et
783 1231 839 1290 in
866 1231 1188 1290 ulteriorem
1216 1229 1394 1308 ripam
1421 1229 1583 1297 nobis
1611 1233 1848 1300 easpec—'

227 1328 470 1386 tantibus
495 1328 877 1386 transmeavit‘.
897 1328 1056 1396 Quod
1079 1342 1204 1385 cum
1234 1341 1426 1384 omnes
1447 1343 1554 1384 non
1577 1326 1701 1383 sine
1727 1324 1853 1382 mi-'

223 1415 419 1481 racqu
443 1438 799 1482 cerneremus
817 1467 833 1493 ,
861 1423 1028 1481 altius
1059 1422 1430 1494 ingemiscens
1457 1422 1565 1492 ait,
1596 1421 1851 1494 Serpen-'

225 1527 318 1578 tes
345 1534 438 1578 me
468 1519 716 1589 audiunt,
742 1532 797 1577 et
823 1521 1080 1579 homines
1105 1517 1220 1576 non
1237 1519 1490 1600 audiunt.

304 1612 372 1671 Χ.
413 1613 622 1672 Piscem
645 1613 873 1673 Pascha
898 1614 1096 1672 diebus
1123 1615 1292 1672 edere
1315 1605 1635 1681 consuetus,
1669 1612 1836 1685 paulo

221 1715 360 1766 ante
384 1706 574 1774 horam
602 1708 925 1767 refectionis
955 1710 1266 1791 ipterrogat
1287 1751 1302 1776 ,
1349 1722 1420 1766 an
1453 1707 1750 1788 haberetur
1778 1708 1832 1763 in

221 1791 507 1873 promptu.
531 1801 671 1859 Tum
710 1801 847 1858 Cato
875 1802 1139 1858 diaconus
1163 1843 1178 1870 ,
1209 1799 1279 1857 ad
1317 1815 1481 1873 quem
1512 1797 1832 1857 monasterii

1944 573 2068 630 nias
2092 574 2335 656 mittere,
2359 568 2458 648 qui
2474 575 3123 650 Nauticus-inquirerent
3153 595 3167 633 :
3190 574 3550 648 deprehensis

1945 664 2118 724 vitam
2140 677 2197 724 et
2227 668 2371 726 bona
2413 667 2746 727 adimerent.
2795 669 2909 727 Nec
2952 670 3178 728 dubium
3223 678 3381 738 erat,
3413 667 3546 741 quin

1939 771 2258 819 sanctorum
2303 756 2469 820 etiam
2511 763 2804 821 maximam
2850 764 3066 822 turbant
3111 771 3408 836 tempestas
3441 755 3558 818 ista

1940 857 2275 930 depopulata
2323 867 2495 929 esset,
2526 852 2704 933 parvo
2733 859 3055 918 discrimine
3085 861 3233 918 inter
3260 857 3543 916 hominum

1939 967 2175 1025 genera;
2207 953 2415 1010 etenim
2445 964 2560 1012 tum
2603 953 2743 1012 solis
2767 956 2948 1013 oculis
2985 947 3372 1028 indicabatur.
3417 967 3547 1011 cum

1938 1046 2062 1120 quis
2088 1046 2302 1118 pallore
2327 1048 2514 1120 potius
2536 1056 2636 1106 aut
2681 1060 2837 1106 veste
2858 1091 2874 1117 ,
2913 1064 3082 1122 quam
3113 1046 3222 1106 ﬁde
3251 1038 3558 1104 haereticus

1938 1137 2329 1196 assumantur.
2388 1139 2518 1196 lico
2571 1123 2917 1214 nequaquam
2978 1124 3248 1213 placitura
3312 1132 3568 1196 Iartino'

1936 1230 2184 1305 episcOpi
2214 1226 2565 1290 sentiebant:
2597 1237 2696 1292 sed
2723 1235 2868 1292 male
2896 1234 3134 1293 consciis
3165 1234 3256 1292 illa
3285 1233 3373 1292 vel
3417 1249 3543 1291 mo-

1938 1326 2228 1384 lestissima
2253 1339 2375 1386 erat
2413 1343 2571 1396 cura,
2614 1345 2684 1387 ne
2729 1344 2790 1386 se
2811 1321 2813 1323 ’
2833 1330 2904 1386 ab
2931 1345 3124 1389 eorum
3152 1312 3546 1389 communione

1935 1420 2240 1480 adveniens
2266 1421 2614 1494 abstineret,
2661 1439 2772 1482 non
2811 1424 3083 1484 defuturis
3124 1426 3214 1499 qui
3250 1425 3396 1505 tanti
3438 1417 3564 1483 viri‘

1935 1515 2306 1572 constantia
2390 1511 2692 1588 praemissa
2754 1519 3085 1576 auctoritate
3150 1525 3542 1590 sequerentur.

1937 1607 2133 1667 Ineunt
2158 1625 2285 1667 cum
2315 1609 2649 1682 imperatore
2674 1611 2990 1679 consilium,
3021 1604 3292 1669 ut'missis
3321 1599 3540 1670 obviam

1936 1701 2177 1776 Magistri
2210 1703 2556 1762 ofﬁcialibus
2583 1705 2780 1762 urbem
2822 1706 2971 1763 illam
3006 1704 3234 1778 propius
3258 1714 3544 1763 vetaretur

1933 1797 2221 1864 accedere,
2253 1797 2356 1868 nisi
2387 1813 2449 1855 se
2485 1813 2612 1855 cum
2658 1815 2795 1871 pace
2821 1792 3214 1872 episcoporum
3251 1798 3331 1856 ibi
3355 1788 3560 1857 censi?

219 1893 632 1984 administratio
670 1883 1003 1968 pertinebat,
1034 1899 1232 1953 doctus
1261 1896 1384 1967 ipse
1408 1894 1629 1968 piscari,
1668 1905 1829 1965 negat
1857 1883 2194 1966 Bustentium
2223 1890 2417 1951 adfore
2458 1893 2746 1952 fateretur.
2775 1895 2928 1967 Quos
2956 1895 3048 1953 ille
3071 1895 3278 1954 callide
3307 1891 3558 1984 frustra?

219 1985 335 2062 ι)οέ
359 1998 532 2046 totum
553 1986 706 2049 diem
745 1990 849 2047 sibi
881 1991 1048 2048 ullam
1089 1990 1324 2048 cessisse
1365 1999 1688 2062 capturam;
1732 1988 1831 2046 sed

220 2099 406 2157 neque
433 2085 573 2148 alios
621 2085 948 2156 piscatores,
979 2079 1073 2158 qui
1107 2084 1349 2144 vendere
1378 2085 1652 2154 solebant,
1671 2084 1831 2158 quid-

219 2191 390 2250 quam
429 2191 593 2250 agere
636 2177 901 2251 quivisse.
954 2177 1143 2246 Vade,
1189 2177 1407 2250 inquit,
1459 2177 1619 2234 mitte
1658 2177 1829 2233 linum

219 2262 380 2328 tinum
405 2287 420 2326 :
448 2282 674 2342 captura
704 2272 1012 2344 proveniet.
1043 2269 1313 2344 Contigua
1345 2267 1580 2338 flumini,
1619 2280 1680 2327 ut
1706 2269 1833 2327 Sul-

214 2363 398 2438 picius
434 2364 541 2422 iste
567 2361 900 2436 descripsit,
949 2363 1288 2423 habebamus
1320 2365 1668 2422 habitacula:
1701 2378 1833 2436 pro—

217 2457 492 2518 cessimus
519 2462 728 2527 cuncti,
773 2469 964 2533 utpote
994 2460 1207 2518 feriatis
1241 2461 1435 2517 diebus
1456 2501 1471 2524 ,
1499 2460 1694 2517 videre
1719 2451 1833 2532 pisi-

143 2615 148 2620 ,
214 2562 481 2624 cantem,
527 2553 779 2612 omnium
827 2555 1034 2626 Spebus
1080 2554 1342 2620 intentis,
1392 2568 1499 2610 non
1551 2553 1827 2611 incassum

215 2649 403 2706 futura
446 2652 796 2721 tentamina,
843 2649 1048 2722 quibus
1094 2649 1264 2723 piscis
1318 2649 1552 2707 Hartino
1601 2659 1830 2706 auctore

214 2739 438 2824 Ilartini
488 2742 682 2802 usibus
732 2755 1094 2817 quaereretur.
1125 2745 1210 2802 Ad
1256 2746 1488 2817 primum
1531 2745 1738 2824 iactum
1773 2744 1827 2801 in

217 2849 337 2898 rete
358 2841 677 2912 permodico
707 2841 1002 2898 immanem
1025 2855 1243 2898 esocem
1267 2839 1541 2896 diaconus
1567 2834 1845 2907 extraxit,‘

217 2942 280 2992 et
323 2934 392 2992 ad
434 2935 832 2992 monasterium
882 2935 1040 2992 ltetus
1089 2948 1414 2999 accurrena,
1462 2932 1718 2989 nimirum
1769 2941 1829 2990 ut

215 3017 355 3090 dixit
387 3045 545 3105 poeta
567 3027 762 3091 nescio
780 3026 903 3105 quis
925 3031 945 3097 ί
952 3022 1158 3088 utimur
1182 3033 1329 3088 enim
1357 3045 1519 3086 versu
1541 3029 1830 3087 scholasti-

217 3123 634 3199 co,'quia'in'ter
658 3125 1020 3183 scholasticos
1041 3124 1372 3196 fabulamur)
1401 3143 1417 3180 :
1737 3133 1740 3136 ‘

372 3265 729 3330 thptivumque
746 3226 891 3316 suem
910 3263 1197 3316 mirantibus
1217 3262 1383 3318 intulit
1399 3264 1568 3326 Argis.

294 3388 457 3457 Vere,
478 3389 586 3448 iste
606 3390 808 3447 Christi
832 3390 1159 3462 discipulus,
1182 3398 1459 3464 gestarum
1484 3409 1513 3444 a
1537 3389 1826 3451 Salvatoro

214 3485 520 3552 virtutum,
563 3499 704 3556 quas
748 3483 808 3540 in
853 3483 1168 3555 exemplum
1201 3483 1412 3541 sanctis
1454 3483 1573 3541 suis
1601 3484 1823 3552 edidit,

213 3575 509 3636 imulator
531 3620 548 3646 ,
579 3578 860 3634 Christum
894 3580 946 3633 in
995 3592 1058 3635 se
1088 3579 1431 3634 monstrabat
1457 3589 1780 3650 operantem
1807 3617 1824 3646 ,

212 3672 310 3745 qui
357 3680 610 3750 sanctum
642 3686 800 3728 suum
843 3686 1230 3744 usquequaque
1258 3671 1574 3743 gloriflcans
1596 3713 1614 3741 ,
1644 3671 1828 3728 diver-

213 3779 403 3822 saru
431 3781 664 3823 munera
690 3767 994 3837 gratiarum
1025 3766 1079 3822 in
1123 3781 1293 3822 unum
1336 3765 1615 3822 hominem
1641 3764 1828 3822 confe-

212 3859 392 3919 rebat.
444 3860 707 3917 Testatur
725 3860 1022 3917 .Arborius
1063 3860 1465 3931 capra-tecto,
1521 3860 1722 3916 vidisse
1761 3873 1827 3917 se

211 3952 437 4012 lartini
465 3970 688 4011 manum
715 3955 1047 4012 sacriﬁcium
1074 3954 1384 4021 uﬂerentis,
1404 3956 1660 4010 vestitam
1686 3969 1823 4024 quo-

213 4047 514 4105 dammodo
542 4046 904 4104 nobilissimis
931 4048 1194 4119 gemmis,
1234 4045 1362 4105 luce
1389 4049 1594 4103 micare
1621 4053 1828 4118 purpu-’

211 4156 332 4211 res,
359 4151 418 4199 et
443 4143 514 4199 ad
540 4153 754 4199 motum
773 4144 984 4200 dextra:
1006 4142 1331 4200 collisurum
1363 4142 1510 4201 inter
1546 4156 1610 4199 se
1639 4143 1822 4216 frago-

212 4254 336 4298 rem
363 4238 586 4296 audisse
612 4254 982 4313 gemmarum.

241 4349 256 4362 λ
286 4331 386 4392 XI.
427 4333 660 4391 Veniam
703 4334 772 4390 ad
813 4333 947 4389 illud
985 4334 1134 4408 quod
1184 4341 1409 4407 propter
1453 4343 1636 4390 notam
1687 4341 1826 4390 tem-

215 4441 415 4502 porum
460 4444 684 4502 semper
752 4429 1090 4496 occultavit;
1157 4421 1417 4487 aeduos
1479 4430 1663 4488 celare
1713 4444 1823 4485 non

215 4524 436 4598 potuit:
467 4526 522 4581 in
556 4541 668 4596 quo
701 4525 835 4581 illud
877 4529 963 4582 est
995 4525 1266 4595 miraculi,
1297 4525 1443 4598 quod
1470 4524 1608 4584 facie
1644 4526 1714 4584 ad
1742 4525 1826 4582 fa—

214 4620 360 4678 ciem
389 4633 516 4675 cum
545 4633 616 4676 eo
649 4627 736 4676 est
776 4619 1005 4691 angelus
1048 4619 1380 4676 collocutus.
1421 4619 1689 4676 ﬂeximus
1717 4620 1820 4676 im-

1935 1995 2025 2042 tus
2054 1987 2343 2060 profitetur
2366 2028 2383 2055 ,
2422 2003 2484 2045 se
2523 2002 2649 2045 cum
2677 1999 2813 2060 pace
2837 1987 3043 2046 Christi
3069 1984 3194 2048 esse
3223 1979 3536 2048 venturum.

1935 2081 2224 2139 Postremo
2251 2081 2537 2155 ingressus
2578 2089 2850 2141 nocturno
2879 2093 3127 2156 tempore
3150 2125 3166 2152 ,
3201 2083 3340 2141 adiit
3363 2081 3544 2141 eccle-

1933 2177 2071 2236 siam
2091 2185 2302 2232 tantum
2333 2167 2602 2234 orationis
2623 2178 2801 2250 gratia
2828 2196 2843 2234 :
2871 2176 3137 2248 postridie
3157 2176 3420 2251 palatium
3444 2172 3560 2248 pe;

1935 2269 2021 2326 tit.
2053 2271 2258 2327 Praeter
2283 2271 2488 2328 multas
2511 2313 2530 2340 ,
2570 2286 2709 2344 quas
2736 2272 2996 2330 evolvere
3040 2273 3259 2346 longum
3288 2281 3407 2341 est,
3439 2273 3542 2330 has

1934 2362 2267 2435 principales
2295 2365 2591 2435 petitiOnes
2618 2364 2857 2423 habebat
2885 2385 2899 2421 :
2931 2380 3029 2436 pro
3059 2362 3290 2423 Narsete
3310 2368 3534 2435 comite,

1931 2463 1986 2513 et
2030 2455 2310 2513 Leucadio
2340 2457 2577 2528 praside
2600 2500 2615 2526 ,
2647 2474 2881 2531 quorum
2924 2462 3090 2516 ambo
3119 2459 3368 2518 Gratiani
3412 2474 3541 2530 par-

1933 2549 2069 2604 tium
2110 2549 2361 2617 fuerant,
2393 2552 2848 2623 pertin'aciurihus
2874 2544 3090 2610 studiis
3113 2540 3288 2627 {quas
3318 2571 3425 2611 non
3453 2550 3561 2612 est'

1932 2639 2094 2714 hujus
2124 2647 2384 2714 temporis
2415 2645 2718 2716 explicare,
2753 2647 2890 2704 iram
2925 2648 3146 2705 victoris
3169 2647 3406 2706 emeriti.
3439 2645 3538 2704 illa

1931 2738 2206 2812 praecipua
2236 2755 2390 2806 cura,
2437 2756 2507 2798 ne
2538 2742 2738 2800 tribuni
2771 2758 2896 2800 cum
2933 2744 3056 2815 jure
3103 2733 3410 2816 gladiorum
3465 2743 3538 2802 ad

1928 2831 2222 2904 Hispanias
2266 2835 2624 2892 mitterentur
2666 2854 2678 2892 :
2730 2837 2817 2908 pia
2862 2839 3013 2894 enim
3061 2846 3180 2895 erat
3217 2838 3538 2896 sollicitudo

1928 2926 2183 2996 ﬂartino,
2209 2940 2270 2986 ut
2296 2947 2405 2986 non
2427 2931 2606 2986 solent
2639 2930 2982 2990 Christianos
3010 2932 3102 3004 qui
3131 2933 3234 2988 sub
3263 2931 3355 2989 illa
3377 2941 3538 2988 erant

1929 3026 2225 3083 occasione
2266 3023 2536 3092 vexandi,
2566 3026 2660 3081 sed
2694 3025 2843 3097 ipsos
2868 3025 3036 3081 etiam
3069 3025 3360 3082 tumreticos
3401 3023 3538 3080 libc-

1927 3132 2096 3179 roret.
2133 3111 2338 3176 Verum
2366 3118 2542 3190 primo
2573 3120 2662 3176 die
2690 3131 2858 3192 atque
2896 3121 3076 3177 altero
3111 3118 3398 3190 suspendit
3430 3114 3559 3175 lto:

1929 3214 2134 3273 minem
2162 3213 2395 3271 callidus
2422 3214 2746 3288 imperator,
2779 3216 2896 3271 sive
2918 3206 3083 3272 ut'rei
3115 3213 3328 3283 pondus
3355 3214 3535 3285 impo-

1850 3288 1902 3357 α
1930 3320 2121 3378 ueret,
2170 3307 2290 3370 sive
2316 3311 2448 3382 quia
2492 3305 2656 3367 nimis
2696 3308 2800 3367 sibi
2848 3308 3210 3380 implacabilis
3247 3317 3405 3374 erat,
3436 3322 3536 3366 seu

1929 3405 2078 3478 quia,
2109 3414 2171 3462 ut
2217 3399 2465 3475 plerique
2495 3403 2607 3460 tum
2637 3403 3070 3480 arbitrabantur,
3111 3401 3342 3459 avaritia
3373 3416 3538 3474 repu-

1927 3502 2130 3572 gnabat
2154 3517 2169 3556 :
2198 3501 2470 3573 siquidem
2499 3500 2554 3572 in
2587 3500 2726 3555 bona
2752 3514 2946 3556 eorum
2975 3489 3307 3555 initiaverat.
3333 3495 3537 3555 Fertur

1927 3597 2074 3652 enim
2104 3593 2199 3650 ille
2232 3594 2315 3649 vir
2339 3592 2530 3648 multis
2558 3591 2829 3664 bonisque
2859 3588 3074 3647 actibus
3105 3591 3400 3659 praeditus,
3434 3589 3536 3645 ad-

1928 3703 2120 3744 versus
2165 3686 2451 3744 avaritiam
2499 3701 2690 3757 parum
2723 3684 3074 3743 consuluisse
3100 3700 3120 3736 :
3148 3682 3254 3740 nisi
3301 3679 3552 3740 fortasse"

1927 3778 2084 3850 regni
2143 3773 2536 3845 necessitate,
2569 3777 2772 3850 quippe
2823 3776 3094 3833 exhausto
3154 3770 3558 3848 superioribus

1929 3872 2264 3946 principibus
2291 3872 2608 3943 reipublicae
2639 3871 2858 3937 aerario,
2901 3883 3042 3941 pene
3099 3881 3323 3943 semper
3354 3867 3409 3923 in
3436 3881 3534 3923 ea-

1927 3967 2212 4040 peditlone
2241 3975 2406 4040 atque
2442 3967 2724 4037 procinctu
2755 3964 3025 4021 bellorum
3054 3961 3292 4018 civilium
3323 3958 3557 4018 constt?

1927 4057 2115 4129 tutus,
2146 4061 2307 4118 facile
2345 4060 2729 4126 excusabitur,
2774 4056 3110 4130 quibuslibet
3153 4053 3534 4114 occasionibus

1925 4155 2169 4213 subsidia
2199 4155 2433 4228 imperio
2463 4149 2767 4226 paravisse.

1965 4247 1968 4252 ’
1997 4247 2115 4304 XII.
2140 4248 2355 4305 interea
2386 4246 2630 4318 episcopi
2655 4261 2890 4319 quorum
2918 4243 3368 4302 communionem
3390 4241 3535 4298 hlar-

1929 4343 2075 4399 tintts
2106 4357 2213 4398 non
2233 4341 2429 4408 inibat,
2455 4340 2658 4410 trepidi
2686 4339 2755 4396 ad
2787 4355 2975 4411 regem
3007 4345 3366 4404 concurrunt,
3391 4350 3536 4406 prte-

1926 4435 2216 4492 damnatos
2240 4451 2302 4491 se
2339 4440 2778 4508 conquerentes:
2809 4445 2992 4488 actum
3017 4445 3143 4488 csse
3186 4420 3260 4487 de
3285 4445 3384 4485 suo
3415 4443 3532 4485 om-

1927 4530 2077 4587 nium
2105 4537 2276 4597 statu,
2299 4529 2346 4584 si
2373 4507 2695 4600 Tlieognisti
2723 4525 3103 4597 pertinaciam,
3135 4521 3230 4595 qui
3261 4530 3357 4580 eos
3378 4521 3533 4578 solus
3613 4507 3634 4527 ⁸

1927 4627 2106 4697 palam
2141 4627 2251 4682 lata
2284 4624 2560 4681 sententia
2587 4622 3078 4684 condemnavcrat,
3108 4614 3330 4676 Ilartiui
3352 4629 3533 4672 arma-

217 4724 462 4786 perator.
494 4712 634 4770 alias
664 4728 798 4768 sane
827 4716 1029 4774 bonus.
1072 4711 1408 4785 depravatus
1446 4713 1695 4770 corzsiliis
1737 4728 1822 4768 sa-

1932 4730 2012 4776 ret
2040 4717 2339 4775 auctoritas
2363 4735 2378 4771 :
2411 4732 2522 4773 non
2551 4717 2867 4786 Oportuisse
2898 4713 3174 4769 hominem
3193 4710 3362 4782 recipi
3393 4709 3558 4767 mm?

217 4806 524 4871 oerdotum,
557 4815 683 4878 post
711 4801 1043 4864 Priscilliani
1090 4821 1284 4864 necem
1312 4806 1580 4866 ithacium
1612 4807 1826 4878 cpisco-

217 4914 347 4973 μω
376 4899 708 4957 Priscitliaui
756 4909 1138 4956 accusatorem
1183 4894 1524 4972 ueteresque
1550 4899 1697 4957 illius
1735 4913 1827 4956 so-

217 4995 373 5061 cios.
403 5009 545 5066 quos
570 4993 842 5050 nominari
885 5008 994 5050 non
1039 5002 1128 5052 est
1152 5008 1402 5062 necesse,
1435 4992 1494 5050 vi
1531 4995 1678 5066 regia
1711 5003 1828 5050 tue-

217 5087 402 5156 batur,
434 5104 508 5144 ne
553 5087 680 5158 quis
709 5086 763 5144 ei
803 5086 1022 5144 crimini
1048 5089 1226 5157 daret,
1251 5103 1418 5158 opera
1450 5088 1596 5145 illius
1637 5089 1825 5156 cuius-

217 5177 610 5254 eumquernodi
669 5183 950 5238 hominem
1001 5181 1173 5240 fuisse
1220 5183 1558 5238 damnatum.
1610 5181 1820 5239 interea

217 5274 487 5352 lanians
517 5275 707 5332 multis
734 5275 1104 5347 gravibusque
1144 5275 1511 5332 laborantium
1536 5277 1718 5332 causis
1756 5276 1825 5332 ad

216 5370 544 5432 comitatum
592 5371 681 5428 ire
708 5371 1046 5441 compulsus.
1095 5371 1392 5440 procellam
1440 5371 1612 5441 ipsam
1659 5369 1827 5427 totius

221 5467 570 5540 tempestatis
635 5463 884 5521 incurrit.
946 5463 1272 5538 Congregati
1341 5463 1486 5535 apud
1550 5463 1826 5523 Treveros

217 5559 466 5632 episcopi
511 5552 889 5626 tenebantur,
933 5560 1030 5631 qui
1067 5557 1313 5630 quotidie
1356 5558 1830 5618 communicantes

215 5647 424 5722 Ithaeio
467 5665 826 5712 communem
863 5645 983 5708 sibi
1007 5667 1228 5710 causam
1276 5655 1545 5712 fecerant.
1593 5652 1691 5711 His
1738 5655 1829 5715 ubi

219 5751 535 5810 nuntiatum
563 5757 657 5806 est
683 5744 1094 5820 inopinantibus
1122 5747 1316 5804 adesse
1351 5749 1665 5818 Martinum,
1704 5751 1830 5807 totis

219 5835 420 5906 abillis
735 5840 1028 5900 mussitare
1047 5853 1100 5899 et
1124 5843 1400 5915 trepidare
1427 5847 1735 5917 cuperent.
1760 5845 1828 5902 Et

213 5937 548 6020 βλάϐη
569 5926 885 6012 inperator
921 5947 1000 5997 ex’
1035 5949 1226 5999 corum
1254 5941 1525 6002 sententia
1569 5941 1831 6002 decreve-

237 6109 302 6137 ΔΑ
319 6115 350 6137 ι-

1928 4811 2090 4869 uibus
2109 4853 2123 4880 ,
2147 4810 2303 4867 illurn
2325 4811 2440 4884 jam
2469 4827 2576 4866 non
2601 4809 2950 4867 defensorem
2972 4807 3357 4863 haereticorum
3380 4807 3530 4870 esse,

1927 4907 2024 4964 sed
2045 4907 2314 4965 vindicent
2343 4927 2357 4961 :
2379 4906 2514 4963 nihil
2540 4915 2721 4962 actum
2746 4913 2923 4962 morte
2943 4899 3296 4969 Priscilliani,
3321 4900 3366 4955 si
3388 4899 3531 4958 lar-

1929 5003 2081 5059 tinus
2110 5012 2369 5060 exerceat
2420 5003 2569 5058 illius
2598 5001 2882 5066 ultionem.
2936 4999 3222 5054 Postremo
3268 4993 3552 5068 prostrati

1927 5085 2052 5152 cum
2080 5095 2215 5154 ﬂetu
2241 5108 2299 5153 et
2326 5096 2719 5153 lamentatione
2747 5102 3075 5168 potestatem
3104 5090 3312 5162 regiam
3335 5087 3531 5158 implo-

1929 5201 2074 5259 rant,
2110 5202 2165 5247 ut
2197 5200 2381 5247 utatur
2406 5189 2672 5247 adversus
2701 5204 2868 5244 unum
2893 5186 3174 5243 hominem
3207 5184 3255 5238 vi
3277 5197 3396 5240 sua.
3420 5180 3533 5237 Nec

1930 5275 2162 5344 multum
2191 5288 2401 5350 aberat,
2431 5286 2559 5356 quin
2592 5295 2885 5356 cogeretur
2915 5282 3213 5354 imperator
3240 5277 3529 5335 Martinam

1929 5393 2054 5436 eum
2108 5376 2488 5434 haereticorum
2536 5386 2688 5431 sorte
2737 5373 2993 5430 iniecere.
3052 5371 3161 5426 Sed
3208 5369 3340 5434 ille,
3400 5367 3534 5425 licet

1926 5471 2206 5546 episcopis
2261 5471 2430 5528 nimio
2473 5469 2658 5527 favore
2705 5478 2853 5525 esset
2890 5466 3210 5536 obnoxius,
3261 5479 3369 5521 non
3415 5473 3534 5522 erat

1929 5570 2173 5636 nescius,
2205 5566 2495 5624 Martinum
2520 5565 2648 5628 ﬁde.
2687 5566 2980 5621 sanctitate
3006 5550 3072 5621 et
3091 5564 3296 5619 Virtute
3321 5551 3546 5618 cunctis

1931 5670 2197 5736 praestare
2226 5661 2548 5718 mortalibus
2573 5678 2587 5714 :
2615 5659 2720 5716 alia
2749 5662 2907 5730 iunge
2931 5659 3014 5714 via
3037 5659 3287 5714 sanctum
3311 5657 3533 5711 vincere

1933 5772 2087 5829 parat
2113 5772 2209 5812 :ac
2236 5755 2412 5827 primo
2439 5764 2653 5811 secreto
2680 5754 3003 5809 accersitum
3031 5751 3234 5808 blande
3262 5747 3530 5824 appellat:

1932 5847 2221 5905 hmreticos
2260 5851 2384 5919 jure
2413 5848 2704 5903 damnatos
2735 5861 2888 5902 more
2923 5845 3251 5918 iudiciorum
3283 5843 3532 5916 publico-

1932 5931 2053 6002 rum
2084 5942 2260 6018 potius
2296 5958 2458 6017 quam
2509 5939 2971 6002 ittsccwtionibus
3005 5929 3534 6011 sacer'dotumfnun
