3866 6206
63 359 212 413 1093

1277 365 1346 413 IN
1384 364 1578 414 AMOS
1621 365 2202 416 COMMENTARIUS.

3241 369 3381 424 1094

58 471 332 536 populos
360 472 488 552 fecit
519 471 779 552 intelligi,
806 471 1255 552 pronunciatque
1267 485 1479 524 munus
1494 487 1690 525 susce-
1710 483 1761 552 Α
1789 476 2001 552 scelera
2017 477 2599 552 miscuisti_s._Quando
2615 479 2768 531 enim
2791 480 3031 531 aiebatis
3065 497 3074 528 :
3112 481 3380 533 Transibit

59 545 110 606 pi
124 557 227 594 sse
251 544 663 602 vindietmpec
680 543 1280 607 ulteriusimpunitum
1298 548 1526 593 lsrtlclem
1542 562 1685 606 posse

59 617 420 664 «:OIISistOi‘e.
453 616 572 662 Non
604 614 864 676 adjiciam
895 615 1033 662 ultra
1082 621 1133 662 ut
1168 624 1534 678 pel-transeam
1564 633 1685 664 eum

61 687 145 735 sic
157 692 221 735 ut
237 687 866 747 videlicet,collectores
881 700 1177 748 pomorum
1194 700 1323 749 qua)
1336 691 1499 736 adhuc
1511 692 1686 736 acerba

67 757 299 807 Vident.
342 763 766 820 pertranseunt,
784 770 915 819 quae
933 772 1064 807 vero
1080 762 1215 808 sunt
1228 761 1349 809 esui
1367 765 1497 822 apta
1513 763 1686 807 decer-

67 835 237 889 punt.
271 832 426 892 Ergo
452 842 571 891 jam
597 835 825 892 tempus
844 829 1148 891 implendai
1168 833 1466 881 sentcntiae
1492 831 1684 881 uncini

63 902 258 951 l'oriiia
287 901 640 951 monstravit
668 919 676 948 :
707 915 804 950 eos
833 900 1061 959 scilicet,
1091 903 1186 964 qui
1216 903 1551 953 videbantur
1578 906 1684 953 ilo—

65 986 192 1021 rcrc
221 973 450 1022 divitiis
478 977 531 1021 et
565 972 856 1022 abundare
883 970 1056 1038 547
1080 973 1319 1035 liliis,ad
1343 974 1531 1024 debita
1559 989 1689 1037 sup-

64 1042 240 1104 plicio
272 1043 683 1106 pertrahentis.
714 1044 1023 1091 Sti‘ialebunt
1049 1045 1294 1092 Cur/lines
1320 1047 1500 1108 templi
1521 1047 1574 1093 in
1603 1046 1686 1093 die

69 1114 168 1162 illa
201 1115 345 1162 dicit
379 1116 671 1173 Dominus;
714 1115 867 1162 multi
905 1117 1241 1163 morientur:
1281 1117 1336 1164 in
1387 1118 1538 1165 omni
1578 1117 1686 1166 loco

64 1187 422 1247 proﬁciatur.
450 1187 727 1234 silentium
763 1189 874 1237 Nec
897 1187 1192 1248 anibigum
1226 1192 1414 1250 putes,
1446 1202 1477 1236 0
1506 1194 1565 1238 tu
1591 1202 1689 1251 po-

67 1257 223 1319 pule,
265 1258 411 1320 quid
437 1257 563 1308 haec
595 1258 786 1308 uiicini
813 1258 994 1310 forma
1016 1260 1344 1309 denuntiet:
1382 1259 1687 1308 Stridebnnt

65 1330 334 1377 nui-dines
352 1330 536 1392 templi
555 1344 566 1378 :
585 1330 641 1379 id
666 1335 771 1390 est,
798 1343 928 1380 cum
955 1331 1196 1380 urbibus
1220 1331 1460 1381 delubra
1476 1333 1686 1395 omnia,

65 1401 122 1448 in
169 1402 399 1463 quibus
437 1401 628 1458 Iiditis,
669 1401 1054 1452 destruentur.
1086 1415 1273 1464 neque
1305 1404 1458 1453 enim
1493 1404 1689 1467 jaiiutte

67 1485 279 1522 eorum
299 1473 520 1524 sensim
538 1486 634 1535 pro
654 1476 1054 1524 venerantium
1069 1475 1433 1525 recludentur
1448 1477 1649 1524 olliciis
1677 1491 1687 1524 :

67 1549 363 1594 caeterum
392 1545 446 1594 vi
473 1548 932 1608 expugnantium
951 1546 1371 1609 dissilibunt,et
1389 1550 1689 1609 profanum

73 1615 292 1678 vulgus
315 1617 558 1666 confusa
575 1617 731 1666 crede
747 1619 1047 1668 morietur:
1077 1619 1271 1680 sicque
1289 1621 1538 1682 compita
1559 1631 1690 1680 qua:

73 1687 457 1737 multitudine
499 1687 712 1738 civium
742 1691 1188 1752 perstrepebant,
1217 1691 1442 1753 lugubri
1470 1691 1692 1741 silentio

72 1770 203 1807 com
215 1759 546 1820 plebuntur.
559 1758 1058 1809 Videreturautem
1073 1761 1302 1810 nomine
1319 1763 1532 1824 templi,
1549 1764 1624 1819 cui
1638 1778 1692 1809 us

71 1830 151 1878 ait
177 1829 452 1879 cardines
480 1829 732 1891 stridere,
757 1832 924 1881 Judae
951 1844 1180 1894 quoque
1207 1833 1604 1896 calamitatem,
1633 1839 1688 1884 et

78 1901 280 1962 templi
309 1900 463 1964 apud
485 1902 799 1951 Jerusalem
825 1905 1013 1965 positi,
1040 1905 1376 1955 denuntiare
1395 1909 1684 1966 perniciem.

75 1971 191 2020 nisi
219 1976 384 2021 totus
404 1973 522 2034 ipse
546 1978 855 2024 contextus
871 1974 1069 2024 decem
1088 1977 1313 2039 magnis
1332 1980 1561 2026 tribubus
1575 1994 1688 2026 cori-

81 2042 330 2093 veniret.
359 2045 505 2106 Ergo
523 2045 650 2106 ejus
672 2045 930 2096 cardines
952 2047 1142 2109 templi
1161 2051 1516 2096 Coi'ivelleiidos
1544 2051 1688 2112 dixit,

80 2116 150 2163 de
199 2126 327 2176 quo
374 2118 427 2165 et
473 2117 737 2178 superius
782 2119 862 2167 ait
899 2119 1046 2182 (Cap.
1076 2124 1182 2167 7.v.
1208 2120 1296 2182 9.),
1325 2121 1692 2169 Demolientur

79 2184 288 2232 cccels't
336 2187 482 2244 idoli,
530 2194 573 2235 et
608 2190 1054 2250 sancti/icalioncs
1089 2191 1252 2239 Israel
1291 2192 1689 2254 desolabuntur,

85 2262 134 2305 et
185 2260 327 2319 post
356 2267 370 2284 '
397 2272 579 2320 pauca
624 2261 910 2323 apertius:
945 2262 1047 2318 Qui
1072 2262 1281 2324 juravit
1306 2265 1363 2311 in
1391 2265 1572 2312 delicto
1600 2265 1694 2313 Sa-

85 2330 300 2391 mariae,
329 2334 384 2379 et
415 2330 560 2380 dixit
593 2345 605 2380 :
662 2333 793 2380 Vivit
819 2333 1086 2382 Dominus
1109 2334 1247 2383 Deus
1274 2342 1414 2399 tuus,
1439 2337 1580 2399 Dan,
1600 2337 1694 2384 via:

86 2399 359 2448 Bersabeaz
382 2403 587 2464 cadent,
612 2408 655 2450 et
681 2419 788 2451 non
811 2412 1084 2468 resurgenl
1112 2406 1272 2455 ultra.

151 2472 322 2521 Vers.
350 2472 400 2524 4.
432 2473 483 2525 ti.
520 2501 578 2508 —
604 2474 796 2523 Audite
822 2477 941 2533 hoc,
967 2477 1064 2539 qui
1089 2479 1357 2525 conteritis
1379 2494 1692 2542 pauperem,

85 2549 128 2588 rt
178 2543 402 2604 (le/Fcere
449 2544 628 2605 facitis
672 2561 861 2609 egenos
904 2554 1067 2609 terrm,
1117 2548 1354 2597 Dicentes
1409 2567 1417 2597 :
1467 2551 1694 2608 Quando

89 2615 344 2662 transibit
389 2617 605 2674 mensis,
651 2624 694 2665 et
741 2619 1172 2667 eenundabimus
1199 2636 1426 2670 merces:
1460 2628 1502 2669 et
1536 2622 1696 2670 Saba-

88 2687 264 2745 t/ium,
301 2693 344 2733 et
375 2688 675 2750 aperiemus
693 2688 1050 2750 frumentum,
1069 2692 1697 2742 utimminuamusmen.-

88 2771 306 2813 suram,
342 2764 385 2804 et
415 2774 711 2821 augeamus
735 2761 942 2820 siclum,
993 2769 1036 2809 et
1070 2778 1442 2826 supponamus
1476 2771 1697 2813 slateras

93 2828 323 2876 dolosas.
360 2830 421 2876 Ut
456 2831 820 2893 possideamus
844 2834 903 2879 in
933 2840 1154 2895 argento
1183 2849 1383 2895 egenos,
1421 2841 1464 2882 et
1488 2852 1696 2899 paupe-

97 2915 172 2946 res
214 2916 320 2963 pro
355 2901 738 2963 calceamentis,
783 2908 828 2952 et
853 2905 1180 2967 quisquilias
1210 2906 1474 2966 [rancenti
1500 2910 1698 2955 venda.-

101 2986 236 3019 mus.
256 2972 470 3022 Iisdem
485 2974 712 3036 regulis,
729 2975 937 3037 quibus
953 2978 1255 3027 institutus
1269 2983 1374 3040 est,
1394 2982 1700 3037 [iii'oplietalis

104 3056 297 3093 sermo
310 3045 651 3104 contexitur,
671 3051 734 3096 ut
750 3058 1081 3109 quanquam
1100 3061 1269 3111 super
1285 3050 1475 3099 omnia
1489 3052 1554 3098 eri
1565 3053 1700 3097 mina

102 3117 326 3164 cultum
347 3119 578 3166 accuset
601 3116 900 3180 idolorum,
927 3131 1041 3181 quo
1069 3120 1347 3178 videlicet,
1367 3120 1696 3172 deserentes

103 3187 308 3247 Deum,
335 3187 720 3250 profanissiini
741 3189 1154 3242 reddebantur:
1178 3200 1367 3243 tamen
1383 3193 1556 3244 etiam
1572 3197 1697 3241 alias

1719 1855 1771 1928 B

1787 547 1996 606 mensis,
2024 553 2068 594 et
2091 547 2397 596 renundabi
2406 564 2519 599 mus
2542 566 2732 599 merces
2752 569 2761 599 :
2783 557 2827 600 et
2849 552 3156 612 subat/tum,
3181 560 3226 600 et
3255 569 3377 618 ape-

1778 619 1982 665 riet/ius
2001 618 2357 678 frumentum,
2381 626 2432 667 ut
2459 623 2852 670 imminiuunus
2873 639 3204 681 mensuram,
3221 629 3379 674 elau-

1780 705 1999 752 geamus
2041 691 2234 738 siclum
2263 696 2306 738 et
2344 707 2712 754 snpponumus
2749 701 2974 743 statrras
3000 695 3226 745 dolosas.
3255 699 3380 748 Non

1781 763 1973 832 minus
2000 775 2132 824 ergo
2157 761 2358 813 avariti
2379 778 2411 822 ι,
2431 775 2601 824 quam
2623 765 2916 825 iniquitate
2941 773 3246 829 peccantes
3270 782 3378 832 pu-

1783 831 1987 882 blicam
2005 834 2396 896 expectabat—is
2415 840 2471 883 et
2495 836 2777 896 optaliatis
2794 837 3043 899 inopiam
3060 853 3070 887 :
3088 831 3377 899 quanquam

1782 904 2224 955 luxuriosissiini
2255 918 2466 968 perque
2487 904 2593 954 hoc
2616 906 2962 968 iiiertissiuii,
2995 915 3187 960 tamen
3216 911 3381 962 fasti-

1781 976 2024 1025 diebatis
2042 976 2176 1026 feria
2194 977 2622 1032 sabbatliorum,
2641 977 2776 1038 quia
2793 979 3001 1028 indicto
3019 982 3153 1038 otio,
3177 998 3278 1030 uno
3291 985 3381 1029 sal-

1785 1049 1896 1096 tem
1929 1047 2019 1096 die
2040 1059 2141 1096 vos
2163 1061 2196 1096 a
2226 1047 2520 1097 fraudibus
2543 1047 2931 1097 continebant.
2959 1052 3103 1113 Ergo
3135 1053 3386 1115 increpa-

1785 1117 1952 1180 batis,
1979 1119 2180 1180 inquit,
2209 1119 2562 1170 transeuntis
2589 1118 2688 1168 otii
2717 1119 3156 1171 tarditatemzad
3185 1131 3384 1171 actuosa

1785 1189 2056 1239 nimirum
2093 1195 2346 1253 tempora
2387 1191 2741 1247 festinantes,
2773 1190 2833 1239 in
2870 1191 3080 1252 quibus
3109 1195 3384 1244 esurienti

1788 1273 1856 1323 po
1865 1261 1994 1323 pulo
2020 1262 2242 1323 magnis
2259 1260 2462 1324 preciis
2481 1260 2804 1311 venderetis
2821 1274 2937 1310 non
2962 1263 3148 1312 solum
3168 1266 3388 1311 frumen-

1789 1338 1861 1395 ta,
1890 1333 1990 1382 sed
2023 1333 2191 1383 etiam
2219 1333 2580 1395 quisquilias,
2607 1346 2752 1394 quas
2785 1335 2982 1395 utique
2999 1335 3272 1397 projicere
3298 1348 3390 1386 so-

1786 1405 2007 1464 lebatis,
2032 1404 2167 1454 talia
2180 1404 2330 1466 apud
2349 1417 2449 1454 vos
2465 1403 2981 1466 mutuainiquitate
2995 1409 3312 1468 meditantes,
3332 1415 3382 1454 ui

1788 1476 2128 1537 possideatis
2153 1477 2209 1525 in
2244 1481 2481 1539 argento
2505 1488 2734 1536 egenos,
2763 1481 2821 1526 et
2844 1490 3123 1540 pauperes
3147 1491 3249 1541 pro
3274 1478 3389 1528 cal-

1789 1549 2117 1597 ceiinentis.
2147 1548 2286 1596 Cum
2319 1559 2454 1608 ergo
2481 1560 2584 1597 vos
2608 1547 2686 1597 ita
2701 1548 2994 1609 gesseritis
3009 1549 3390 1601 humanitatis

1789 1619 2068 1677 inimicos,
2120 1623 2181 1668 ut
2225 1630 2340 1680 quo
2386 1618 2558 1668 eratis
2605 1619 2828 1668 caeteris
2860 1619 3114 1683 ditiores,
3141 1621 3250 1672 hoc
3286 1633 3392 1673 vos

1792 1689 2134 1740 crudeliores
2180 1690 2389 1739 civium
2425 1690 2590 1738 turba
2614 1690 2846 1740 sentiret
2873 1705 2884 1740 :
2911 1696 2968 1741 et
2992 1705 3097 1743 nec
3121 1692 3249 1756 ipsa
3283 1707 3391 1744 vos

1794 1775 1980 1811 rerum
1999 1762 2159 1824 copia
2181 1761 2253 1811 ad
2279 1761 2638 1823 largiendum
2655 1773 2808 1811 vocal
2825 1765 2900 1822 et,
2918 1761 3141 1814 debetis
3167 1766 3388 1824 profecto

1795 1831 2011 1881 nullam
2057 1831 2335 1893 consequi
2371 1830 2443 1879 ab
2469 1834 2683 1881 aeterno
2705 1831 2896 1892 judice
2921 1833 3388 1894 misericordiam,

1796 1916 1969 1965 quam
2014 1904 2290 1966 proximis
2341 1901 2549 1952 vestris
2586 1906 2747 1952 tanta
2770 1903 3171 1968 obstinatione,
3200 1910 3388 1957 tanta-

1788 1987 1898 2037 que
1923 1975 2276 2037 impudentia
2297 1973 2646 2036 denegastis.

1853 2049 2012 2096 Vers.
2041 2046 2090 2098 7.
2131 2074 2188 2083 —
2220 2046 2436 2094 Juravit
2470 2046 2735 2093 Dominus
2771 2044 2828 2092 in
2862 2045 3168 2108 superbiam
3208 2048 3389 2098 ιῘαοοὶι.

1787 2119 1833 2166 si
1857 2118 2046 2166 oblitus
2077 2119 2232 2180 fuero
2270 2133 2436 2181 usque
2454 2117 2526 2166 ad
2548 2120 2710 2179 ﬁnem
2737 2116 2926 2164 omnia
2952 2132 3114 2180 opera
3139 2134 3324 2167 eorum
3354 2128 3387 2170 τ.

1793 2189 2574 2252 L‘Iagnitudineminiquitatis
2595 2193 2725 2248 tua},
2739 2199 2772 2236 o
2790 2188 2982 2247 Israel,
2999 2192 3242 2237 Creatoris
3256 2193 3392 2238 iudi—

1791 2261 1986 2327 gnatio
2020 2261 2348 2324 publicavit,
2369 2260 2466 2322 qui
2483 2273 2541 2309 se
2559 2259 2732 2309 etiam
2750 2259 3125 2309 obtestatione
3144 2265 3391 2309 constrin-

1793 2335 1896 2389 xit.
1924 2334 2078 2395 quod
2103 2332 2298 2382 nullus
2326 2330 2697 2382 totmalorum
2716 2328 3390 2382 immemorredderetur:

1795 2407 1895 2458 sed
1921 2406 2102 2456 donec
2129 2404 2360 2454 ultimos
2385 2416 2483 2453 eos
2510 2402 2697 2451 ﬁniret
2711 2401 2901 2461 exitio,
2924 2402 3038 2451 vim
3072 2403 3391 2454 severitatis

1794 2477 2136 2528 intenderet.
2163 2475 2344 2526 Simul
2359 2476 2530 2525 etiam
2556 2473 2799 2524 latentes
2825 2485 3052 2524 reorum
3076 2475 3392 2525 detexitaf-

1793 2550 1997 2604 fectus,
2026 2548 2123 2610 qui
2149 2560 2280 2597 cum
2306 2547 2641 2596 viderentur
2663 2544 2722 2593 in
2748 2544 2940 2594 fraude
2967 2557 3391 2609 mensurarum,

1795 2627 1850 2672 et
1876 2620 2190 2684 ponderum
2216 2632 2315 2681 per
2339 2619 2519 2668 solam
2545 2616 2848 2667 avaritiam
2871 2616 3276 2679 deliquisse,in
3295 2632 3391 2668 su-

1794 2694 2048 2758 perbiam
2072 2703 2268 2742 eorum
2296 2702 2357 2740 se
2384 2693 2774 2758 surrecturum
2787 2689 3037 2738 minatur
3057 2690 3393 2740 :ostendens

1797 2757 2066 2829 profecto,
2115 2764 2249 2825 quia
2292 2773 2594 2822 nunquam
2630 2757 2710 2808 illi
2753 2763 2833 2808 tot
2865 2759 3122 2820 crimina,
3148 2761 3261 2809 nisi
3293 2773 3392 2823 per

1797 2841 2148 2886 contemtum
2179 2833 2321 2894 legis
2366 2831 2752 2889 admitterent,
2792 2831 2966 2890 atque
2994 2835 3053 2880 ut
3090 2833 3392 2892 pecuniam

1796 2908 2117 2966 immodice,
2145 2907 2222 2955 ita
2255 2904 2426 2954 etiam
2446 2906 2731 2965 praecepta
2746 2901 2841 2950 Dei
2863 2901 3047 2950 viliter
3069 2905 3387 2950 testinmrent.

1799 2982 1923 3030 Non
1968 2983 2070 3038 est,
2102 2978 2306 3039 inquit,
2354 2975 2508 3036 quod
2543 2985 2741 3023 eorum
2781 2972 2992 3022 fastum
3026 2976 3392 3026 contumeliis

1800 3053 2031 3113 inepuiu
2061 3047 2395 3105 terminetis,
2421 3047 2590 3107 longe
2616 3043 2853 3094 ulterius
2888 3043 3160 3096 effrenata
3182 3046 3394 3109 impio-

1798 3136 1928 3174 rum
1970 3121 2247 3185 processit
2276 3118 2532 3174 audacia,
2581 3121 2843 3166 nostruin
2876 3116 3116 3177 inquam
3151 3117 3393 3168 hausere

1800 3198 2176 3245 contemtum:
2206 3193 2432 3254 prOpter
2461 3190 2615 3250 quod
2642 3187 2864 3248 merito,
2879 3189 3119 3248 quisum
3144 3191 3396 3248 inspector

101 3257 234 3308 vitae
262 3264 472 3321 partes,
493 3259 549 3308 id
566 3265 671 3323 est,
687 3260 902 3324 reliqua
918 3276 1141 3313 morum
1156 3265 1361 3315 delicta
1375 3279 1490 3316 non
1505 3267 1693 3315 sileat:
1722 3267 1770 3341 ρ
1796 3261 2494 3341 animorum,superbiam
2517 3271 2712 3338 eorum
2736 3257 3019 3337 detestor:
3058 3259 3397 3341 e't'juraeiin

101 3331 299 3391 sicque
332 3331 423 3379 vel
461 3332 742 3392 ostendat,
771 3333 902 3394 quia
922 3336 1318 3394 magisterium
1351 3337 1494 3399 legis
1522 3350 1698 3388 saeue

101 3399 578 3452 vitiorumamore
591 3405 1016 3465 conteinserint,
1033 3406 1120 3458 Vel
1137 3408 1337 3469 quales
1355 3422 1580 3459 morum
1593 3411 1703 3457 fru-

101 3476 230 3522 ctus
283 3473 546 3535 impietas
591 3475 856 3536 proferat,
902 3490 1033 3539 qua:
1074 3478 1205 3529 licet
1240 3493 1336 3542 per
1358 3493 1560 3531 omnes
1587 3480 1699 3532 fere

103 3544 323 3605 species
373 3546 754 3608 improbitatis
789 3554 1052 3611 vagetur,
1089 3555 1282 3601 tamen
1324 3565 1442 3615 pra}
1476 3553 1700 3603 caeteris

101 3615 360 3665 avaritia}
390 3617 579 3666 studet
607 3633 617 3666 2
646 3631 779 3680 qua:
804 3627 860 3670 et
885 3623 1038 3683 apud
1064 3624 1404 3685 Apostoluin
1431 3625 1702 3673 idolorum

100 3687 327 3733 servitus
353 3691 591 3738 vocatur
618 3690 752 3748 (Gal.
781 3689 829 3742 ὃ.
864 3689 968 3753 :20.)
997 3694 1143 3754 Ergo
1160 3699 1216 3744 et
1241 3694 1332 3745 hic
1351 3708 1539 3746 sermo
1565 3699 1702 3743 divi-

103 3771 213 3806 nus
250 3771 384 3807 cum
414 3760 720 3822 sacrilegos
744 3764 1046 3825 arguisset,
1081 3765 1276 3827 eisque
1303 3779 1422 3829 jam
1451 3768 1701 3819 vicinum

109 3831 427 3901 minaretur
438 3833 697 3894 exitium,
711 3834 1055 3884 exclamavit
1074 3838 1280 3897 subito,
1295 3838 1460 3900 quasi
1475 3840 1572 3901 qui
1588 3855 1704 3898 pro-

108 3898 372 3950 fanorum
404 3901 570 3952 vellet
589 3916 852 3967 rumpere
876 3907 1234 3969 surditatem,
1259 3898 1330 3958 ut
1347 3912 1394 3960 si
1420 3898 1704 3959 (le—studio-

108 3983 234 4044 rum
285 3973 505 4044 meritis
546 3975 805 4036 judicare
840 3978 1214 4040 negligerent,
1251 3981 1345 4030 sed
1387 3993 1517 4044 quas
1544 3987 1706 4033 erant

108 4040 261 4116 find-ii
302 4043 561 4116 pulchris
585 4052 640 4096 et
664 4047 682 4072 δ
722 4048 936 4098 vilibus
960 4055 1320 4112 anteferrent,
1342 4040 1564 4116 saltem,
1584 4056 1704 4116 jam

109 4113 278 4163 rebus
297 4115 354 4164 in
373 4121 690 4178 angustum
714 4118 977 4182 redactis,
998 4127 1052 4171 et
1070 4126 1242 4172 mota:
1266 4122 1497 4174 ultionis
1514 4113 1705 4184 fragore

109 4187 374 4258 cominus
402 4194 664 4251 sonante,
689 4191 1028 4254 aspicerent,
1056 4194 1112 4243 in
1145 4207 1313 4256 quem
1341 4209 1512 4246 usuin
1539 4210 1708 4258 pecu-

110 4256 261 4329 niam
289 4267 720 4322 congregarent,
738 4275 889 4325 quoq
900 4277 966 4314 ue
985 4277 1097 4315 aere
1119 4268 1410 4329 marsupia
1431 4256 1708 4315 niterentur

109 4327 361 4391 implere.
414 4343 544 4391 quae
580 4336 718 4382 certi
745 4341 942 4386 essent
969 4340 1208 4387 Ventura
1235 4327 1497 4400 protinus
1524 4341 1581 4388 in
1605 4339 1709 4390 lio-

111 4400 287 4450 Slium
319 4406 678 4464 potestatem.
725 4405 944 4468 Audite,
985 4408 1172 4469 inquit
1197 4409 1291 4456 hoc
1315 4409 1411 4472 qui
1435 4411 1708 4459 conler-itis

109 4485 420 4536 pauperem,
467 4479 511 4521 et
556 4475 767 4538 tle/icere
788 4479 984 4539 facitis
1029 4495 1215 4543 egenos
1251 4485 1399 4528 terra:
1428 4481 1586 4544 (Psal.
1616 4482 1706 4544 4.).

117 4544 579 4616 li‘iliiliominum,
610 4560 914 4611 usquequo
947 4564 1155 4613 graves
1180 4552 1366 4615 corde,
1405 4552 1612 4616 utquid
1637 4554 1715 4604 di-

115 4613 288 4675 ligitis
314 4617 647 4679 vanitatem,
676 4625 733 4670 et
762 4621 976 4672 divitiis
999 4613 1372 4674 mendacibus
1395 4613 1713 4684 impudenter

115 4684 390 4736 inhiatis'?
416 4688 562 4738 Nihil
598 4692 666 4740 de
692 4691 780 4741 his
803 4693 1021 4753 auxilii,
1050 4693 1191 4744 nihil
1213 4695 1328 4746 imo
1360 4697 1548 4746 solatii
1584 4710 1710 4749 sen-

118 4756 286 4820 tietis,
327 4771 457 4820 quae
497 4761 659 4810 vobis
693 4767 751 4812 et
784 4763 1078 4826 culparum
1111 4779 1376 4816 caussam
1409 4767 1625 4819 faciunt
1657 4775 1716 4820 et

121 4841 440 4890 pmnarum.
467 4833 590 4890 Qua
612 4846 712 4895 spe
748 4836 964 4886 credita
991 4837 1172 4892 vobis.
1195 4838 1716 4899 judicantiummu-

120 4912 251 4951 nera
281 4905 634 4965 corrupistis,
657 4910 716 4954 ut
733 4905 804 4956 de
824 4911 1110 4971 oppressis
1127 4910 1460 4972 necitisque
1482 4916 1719 4971 pauperi-

123 4973 247 5045 bus,
282 4971 460 5039 548
484 4977 663 5038 spolia
687 4987 924 5030 cruenta
948 4982 1290 5045 reciperetis,
1316 4971 1422 5032 nec
1446 4986 1607 5032 ullum
1634 4987 1713 5032 in-

123 5043 355 5118 dustria:
380 5062 564 5107 genus
592 5050 873 5101 haberetis
903 5043 1198 5105 innoxium
1227 5071 1236 5105 :
1263 5069 1449 5118 neque
1473 5059 1608 5104 enim
1632 5072 1717 5103 5o-

123 5115 234 5166 lum
261 5120 623 5182 corruptione
650 5125 1059 5176 sententiarum
1080 5115 1380 5187 iiijudiciis
1405 5130 1713 5192 deliquislis,

126 5194 218 5238 sel
234 5192 408 5240 etiam
426 5205 554 5240 cum
575 5193 643 5243 de
668 5207 931 5258 agrorum
961 5198 1238 5248 fructibus
1259 5199 1554 5261 pecuniam
1575 5203 1716 5248 redi-

125 5273 250 5321 gere
281 5265 620 5325 pci'gebatis,
658 5266 782 5328 ipsa
824 5281 952 5330 qua:
979 5272 1218 5320 honeste
1242 5272 1360 5333 geri
1393 5271 1718 5333 potuissent

125 5339 464 5386 commercia
489 5337 806 5398 polluentes
823 5353 1114 5393 concessa}
1131 5342 1432 5394 industriae
1451 5347 1714 5394 votorum

187 5487 202 5506 ·
226 5480 291 5528 In
327 5478 502 5541 hujus
534 5480 751 5534 scilicet
781 5483 893 5534 line
919 5484 1139 5547 capitis,
1166 5487 1263 5536 ubi
1289 5487 1458 5550 paulo
1483 5488 1717 5550 quidem

127 5547 285 5600 aliter
332 5563 493 5600 sacer
524 5553 740 5603 Textus
774 5554 833 5603 in
859 5557 1052 5606 verbis
1087 5557 1274 5621 habet,
1292 5547 1407 5609 “sed
1433 5547 1568 5621 quia
1590 5559 1717 5609 heic

129 5623 403 5694 tanquam
413 5624 709 5686 peregrino
729 5625 789 5674 in
811 5626 936 5677 loco
961 5627 1246 5693 laudatur,
1271 5630 1409 5682 satis
1427 5630 1718 5694 proposito

127 5695 226 5752 est,
254 5693 410 5754 quod
434 5695 667 5745 minime
691 5696 749 5745 in
774 5709 953 5748 sensu
974 5698 1258 5752 abhorret.

187 5764 205 5790 ’³
234 5766 354 5814 Aut
380 5765 599 5815 ‘ttltlllltls
620 5768 1049 5820 rescribendum
1067 5775 1172 5829 est,
1190 5777 1291 5824 aut
1311 5773 1571 5835 vilia,aut
1587 5784 1718 5835 sup-

129 5835 398 5898 plendum
425 5852 568 5885 vana
591 5839 827 5900 utilibus,
854 5848 954 5891 aut
979 5842 1091 5893 tale
1115 5843 1429 5907 quidpiam.

189 5921 205 5941 ο
229 5912 370 5968 Quae
402 5916 742 5972 sequuntur.
769 5913 1200 5975 magnitudinem
1218 5914 1529 5980 iniquitatis
1553 5918 1718 5976 tinem

1802 3342 1887 3386 ira
1928 3353 2062 3397 mea,
2105 3335 2151 3381 si
2195 3330 2495 3380 introibant
2527 3331 2579 3377 in
2610 3330 2846 3392 requiem
2873 3344 3045 3377 meam
3083 3331 3397 3393 (1’sal.94.).

1803 3415 1941 3472 Quae
1977 3411 2128 3458 enim
2170 3408 2359 3468 potest
2394 3413 2698 3452 censuram
2743 3400 3032 3452 miseratio
3067 3405 3396 3464 temperare,

1803 3494 1933 3532 cum
1965 3479 2059 3531 tili
2094 3476 2389 3527 atrocitate
2424 3477 2778 3536 grassentur,
2817 3477 2878 3521 ut
2913 3472 3182 3524 universa
3204 3487 3400 3525 eorum

1801 3556 1954 3615 regio
1989 3553 2278 3600 mercatur
2308 3547 2630 3604 intremere,
2665 3543 2899 3607 cupiens
2926 3557 3126 3595 eorum
3152 3546 3399 3609 pondere

1803 3639 1950 3688 quos
1980 3623 2288 3684 degeneres
2314 3617 2471 3679 aluit,
2499 3616 2745 3688 liberari.

1870 3697 2024 3744 Vers.
2057 3695 2107 3745 ὅ.
2155 3717 2216 3727 —
2240 3687 2510 3751 Nunquid
2533 3702 2693 3750 super
2718 3687 2815 3735 isto
2840 3702 2953 3735 non
2987 3688 3402 3736 commovebitur

1807 3778 1956 3816 terra:
1979 3772 2021 3813 et
2047 3763 2237 3826 lugebit
2264 3761 2442 3808 omnis
2477 3757 2748 3806 habitator
2763 3757 2877 3821 ejus
2905 3775 2913 3806 :
2942 3765 2987 3806 et
3012 3760 3251 3808 ascendet
3269 3776 3402 3824 qua-

1803 3840 1849 3888 si
1873 3839 2068 3902 ﬂuvius
2109 3835 2407 3895 universus,
2459 3836 2502 3878 ct
2537 3831 2776 3893 ejicietur
2799 3837 2842 3877 et
2866 3830 3049 3893 de/luet
3073 3833 3232 3893 qilasi
3255 3834 3404 3883 rivus

1805 3910 2061 3974 Ᾱῖςίῃριίἷὶ
2085 3905 2231 3967 Quid
2256 3909 2410 3955 esset
2456 3906 2662 3951 terram
2703 3905 2936 3974 moveri,
2963 3902 3117 3963 quod
3148 3916 3244 3966 per
3273 3905 3407 3956 che-

1807 3969 1899 4034 ina
1918 3969 2121 4042 utique
2146 3976 2377 4029 terroris
2404 3974 2678 4028 edixerat,
2700 3969 2874 4037 549
2904 3975 3164 4034 subjecto
3181 3989 3407 4025 sermone

1808 4052 2072 4117 patefecit
2118 4047 2378 4117 dicendo,
2431 4044 2494 4092 Et
2541 4043 2731 4117 lugebit
2764 4043 2941 4117 omnis
2977 4043 3250 4117 habitator
3273 4048 3404 4108 ejus,

1809 4112 2027 4182 Veniet,
2055 4119 2258 4183 inquit,
2285 4116 2420 4168 olim
2446 4114 2725 4178 promissa
2748 4112 3404 4168 ethactenusdelataca-

1807 4195 2040 4259 ptivitas
2068 4205 2079 4240 :
2121 4194 2243 4255 jam
2277 4189 2484 4252 quippe
2513 4183 2744 4234 ultionis
2775 4185 3088 4259 negotium,
3115 4186 3207 4259 ille
3231 4199 3404 4249 quem

1811 4255 2109 4330 supradixi
2134 4261 2435 4314 sententiae
2456 4261 2671 4308 DOSLP‘EB
2688 4255 2936 4305 uncinus
2948 4258 3201 4308 attraxit.
3217 4260 3287 4310 Et
3304 4261 3409 4307 im-

1811 4337 2054 4402 plebitur
2079 4347 2268 4396 omne,
2297 4332 2447 4395 quod
2481 4334 2598 4380 tam
2628 4332 2952 4402 contemtus
2979 4330 3203 4391 protuli,
3232 4343 3407 4394 quam

1806 4400 2053 4475 juratus,
2080 4408 2384 4468 omnisque
2411 4403 2633 4453 Israelis
2670 4400 2926 4475 populus
2947 4414 3061 4451 non
3075 4403 3277 4466 majori
3296 4404 3407 4455 dif-

1813 4473 2083 4544 ﬁcultate,
2110 4491 2283 4542 quam
2307 4478 2466 4528 rivus
2501 4473 2744 4538 zEgypti,
2764 4473 3218 4538 videlicetNilus,
3246 4480 3412 4526 emuet

1812 4561 1985 4618 atque
2011 4554 2081 4604 ad
2107 4550 2376 4614 Assyrios
2395 4549 2635 4600 transire
2653 4549 2906 4609 cogetur.
2929 4547 3102 4609 Cujus
3130 4550 3406 4612 temporis

1738 4643 1795 4713 Β
1821 4631 1925 4713 erit
1969 4632 2083 4707 tam
2124 4625 2306 4713 tristis
2338 4621 2622 4702 etacerba
2647 4618 3307 4713 facies,‘dmut'dniehmedio
3325 4624 3411 4713 sol

1820 4699 2098 4749 defecisse
2143 4701 2201 4747 et
2243 4707 2359 4744 nox
2398 4693 2632 4742 irruisse
2665 4690 2941 4741 videatur.
2975 4694 3059 4742 Ita
3083 4693 3237 4744 enim
3259 4694 3415 4747 nulla

1815 4771 2080 4820 ordinum
2117 4765 2427 4828 distinctio,
2464 4763 2567 4814 lux
2605 4763 2830 4812 consilii
2869 4762 3027 4814 nulla
3079 4768 3414 4826 remanebit,

1816 4855 1881 4892 ac
1925 4842 1972 4891 si
2007 4840 2312 4904 palpabiles
2358 4838 2610 4888 tenebrae
2641 4841 2851 4887 terrain
2889 4841 2946 4886 et
2971 4839 3181 4890 omium
3207 4841 3415 4904 pariter

1815 4914 2152 4964 mist-rarum
2183 4910 2365 4962 oculis
2390 4908 2791 4958 abstulissent.

1881 4986 2038 5034 γεγε,
2082 4983 2162 5035 10,
2190 4982 2338 5029 —Et
2362 4985 2683 5038 convertam,
2729 4980 2935 5042 inquit,
2987 4980 3292 5042 festivitates
3337 5000 3414 5033 υεο

1814 5062 1951 5104 stras
1977 5056 2028 5101 in
2059 5055 2279 5111 luctum,
2305 5058 2349 5099 et
2374 5052 2563 5099 omnia
2587 5052 2799 5099 cantica
2827 5059 2994 5100 vestra
3019 5054 3074 5101 in
3096 5055 3378 5116 planctum.
3400 5075 3409 5104 :

1815 5137 1858 5176 et
1884 5127 2144 5175 inducam
2168 5139 2328 5188 super
2351 5139 2506 5172 omne
2534 5121 2754 5170 dorsum
2782 5129 3008 5172 vestrum
3025 5140 3254 5185 saccum,
3272 5132 3315 5172 et
3332 5143 3417 5174 su-

1814 5215 1909 5263 per
1933 5213 2088 5246 omne
2121 5204 2280 5260 caput.
2308 5196 2601 5243 calvitium.
2643 5195 2710 5242 Et
2738 5209 2942 5258 ponam
2967 5209 3081 5242 eam
3109 5195 3411 5259 [AnLeum-j

1818 5286 1974 5335 quas:
2001 5270 2201 5317 luctum.
2237 5268 2521 5330 unigeniti,
2550 5272 2592 5314 et
2618 5268 2912 5314 novissima
2936 5265 3050 5327 ejus
3086 5267 3244 5327 quasi
3276 5267 3417 5314 diem

1819 5358 2092 5393 alnarmn.
2121 5340 2400 5402 Quoniam
2425 5353 2544 5389 non
2573 5349 2747 5388 unam
2775 5347 3100 5400 personam,
3127 5336 3226 5386 sed
3252 5350 3408 5401 popu

1820 5486 2002 5540 Israel,
2028 5482 2484 5546 praecedentibus
2512 5486 2784 5540 tanquam
2818 5477 2961 5527 sacri
2988 5479 3207 5528 Textus
3237 5481 3417 5531 verba

1811 5557 2184 5622 jungebatur.
2211 5553 2550 5615 Hujusmodi
2569 5550 2832 5613 pleraque
2853 5547 3042 5622 alia,et
3066 5548 3415 5611 cumfprimis

1821 5625 2301 5691 interpunctionis
2325 5625 2484 5698 vitia,
2512 5621 2663 5698 taciti
2694 5619 3088 5698 emendamus.
3129 5690 3138 5698 .

1882 5700 1901 5727 "
1927 5690 2287 5761 Explicatum
2316 5695 2497 5758 pergit
2521 5694 2968 5754 subsequentem
2996 5690 3344 5742 versiculum
3361 5694 3414 5747 9.

1819 5772 1885 5819 Et
1920 5771 2018 5817 erit
2056 5770 2116 5817 in.
2154 5768 2238 5816 die
2268 5766 2382 5828 illa,
2409 5765 2540 5813 dicit
2561 5764 2827 5812 Dominus
2851 5762 3010 5826 Deus,
3035 5762 3228 5811 occidet
3249 5764 3330 5813 sol
3354 5767 3414 5813 in

1820 5841 2060 5899 meridie,
2087 5846 2132 5890 et
2156 5839 2492 5889 tenebrescere
2513 5836 2718 5900 faciam
2745 5839 2944 5882 terram
2966 5835 3030 5881 in
3050 5833 3134 5881 die
3164 5833 3415 5886 luminis.
