  <div class='ocr_page' id='page_1' title='image "/cluster/home/n/w/nwhite01/storage/ocr_20150623/20-21/uva.x000826555/1161.png"; bbox 0 0 3866 6206; ppageno 0'>
   <div class='ocr_carea' id='block_1_1' title="bbox 498 365 638 423">
    <p class='ocr_par' dir='ltr' id='par_1_1' title="bbox 498 365 638 423">
     <span class='ocr_line' id='line_1_1' title="bbox 498 365 638 423; baseline 0 -1"><span class='ocrx_word' id='word_1_1' title='bbox 498 365 638 423; x_wconf 84' lang='grc'>1095</span> 
     </span>
    </p>
   </div>
   <div class='ocr_carea' id='block_1_2' title="bbox 1559 331 2740 425">
    <p class='ocr_par' dir='ltr' id='par_1_2' title="bbox 1559 331 2740 425">
     <span class='ocr_line' id='line_1_2' title="bbox 1559 331 2740 425; baseline 0.003 -5"><span class='ocrx_word' id='word_1_2' title='bbox 1559 331 1824 422; x_wconf 78' lang='lat' dir='ltr'>Rurmo</span> <span class='ocrx_word' id='word_1_3' title='bbox 1859 369 2318 423; x_wconf 73' lang='lat' dir='ltr'>pnnssv&#39;rsno</span> <span class='ocrx_word' id='word_1_4' title='bbox 2351 370 2740 425; x_wconf 82' lang='lat' dir='ltr'>ASCRIPTUS</span> 
     </span>
    </p>
   </div>
   <div class='ocr_carea' id='block_1_3' title="bbox 3686 370 3839 425">
    <p class='ocr_par' dir='ltr' id='par_1_3' title="bbox 3686 370 3839 425">
     <span class='ocr_line' id='line_1_3' title="bbox 3686 370 3839 425; baseline 0 0"><span class='ocrx_word' id='word_1_5' title='bbox 3686 370 3839 425; x_wconf 70' lang='lat'>1096</span> 
     </span>
    </p>
   </div>
   <div class='ocr_carea' id='block_1_4' title="bbox 495 476 3836 557">
    <p class='ocr_par' dir='ltr' id='par_1_4' title="bbox 495 476 3836 557">
     <span class='ocr_line' id='line_1_4' title="bbox 495 476 3836 557; baseline 0.002 -29"><span class='ocrx_word' id='word_1_6' title='bbox 495 477 616 557; x_wconf 82' lang='lat' dir='ltr'>lum</span> <span class='ocrx_word' id='word_1_7' title='bbox 640 477 811 557; x_wconf 82' lang='lat' dir='ltr'>simul</span> <span class='ocrx_word' id='word_1_8' title='bbox 841 477 1146 557; x_wconf 76' lang='lat' dir='ltr'>institutus</span> <span class='ocrx_word' id='word_1_9' title='bbox 1161 487 1354 557; x_wconf 74' lang='lat' dir='ltr'>sermo</span> <span class='ocrx_word' id='word_1_10' title='bbox 1377 476 1814 557; x_wconf 75' lang='lat' dir='ltr'>designat,ideo</span> <span class='ocrx_word' id='word_1_11' title='bbox 1839 486 2098 557; x_wconf 78' lang='lat' dir='ltr'>permuta—</span> <span class='ocrx_word' id='word_1_12' title='bbox 2125 486 2178 557; x_wconf 77' lang='grc' dir='ltr'><strong>Α</strong></span> <span class='ocrx_word' id='word_1_13' title='bbox 2207 480 2624 557; x_wconf 77' lang='lat' dir='ltr'>subjugandos,</span> <span class='ocrx_word' id='word_1_14' title='bbox 2650 491 2849 557; x_wconf 83' lang='lat' dir='ltr'>verum</span> <span class='ocrx_word' id='word_1_15' title='bbox 2880 478 3257 557; x_wconf 32' lang='lat' dir='ltr'>aliahmajore</span> <span class='ocrx_word' id='word_1_16' title='bbox 3296 476 3650 557; x_wconf 77' lang='lat' dir='ltr'>calamitate,</span> <span class='ocrx_word' id='word_1_17' title='bbox 3674 486 3724 557; x_wconf 72' lang='lat' dir='ltr'>et</span> <span class='ocrx_word' id='word_1_18' title='bbox 3759 494 3836 535; x_wconf 73' lang='lat' dir='ltr'>ea</span> 
     </span>
    </p>
   </div>
   <div class='ocr_carea' id='block_1_5' title="bbox 497 547 2096 615">
    <p class='ocr_par' dir='ltr' id='par_1_5' title="bbox 497 547 2096 615">
     <span class='ocr_line' id='line_1_5' title="bbox 497 547 2096 615; baseline 0.001 -15"><span class='ocrx_word' id='word_1_19' title='bbox 497 549 575 600; x_wconf 88' lang='lat' dir='ltr'>tio</span> <span class='ocrx_word' id='word_1_20' title='bbox 601 551 658 600; x_wconf 91' lang='lat' dir='ltr'>et</span> <span class='ocrx_word' id='word_1_21' title='bbox 672 550 898 601; x_wconf 86' lang='lat' dir='ltr'>numeri</span> <span class='ocrx_word' id='word_1_22' title='bbox 920 547 1203 612; x_wconf 84' lang='lat' dir='ltr'>contingit</span> <span class='ocrx_word' id='word_1_23' title='bbox 1225 552 1283 598; x_wconf 90' lang='lat' dir='ltr'>et</span> <span class='ocrx_word' id='word_1_24' title='bbox 1304 549 1554 611; x_wconf 78' lang='lat' dir='ltr'>generis:</span> <span class='ocrx_word' id='word_1_25' title='bbox 1577 554 1638 600; x_wconf 92' lang='lat' dir='ltr'>ut</span> <span class='ocrx_word' id='word_1_26' title='bbox 1663 555 1786 602; x_wconf 89' lang='lat' dir='ltr'>tum</span> <span class='ocrx_word' id='word_1_27' title='bbox 1803 551 2096 615; x_wconf 83' lang='lat' dir='ltr'>pluraliter</span> 
     </span>
    </p>
   </div>
   <div class='ocr_carea' id='block_1_6' title="bbox 497 619 2098 686">
    <p class='ocr_par' dir='ltr' id='par_1_6' title="bbox 497 619 2098 686">
     <span class='ocr_line' id='line_1_6' title="bbox 497 619 2098 686; baseline 0 -16"><span class='ocrx_word' id='word_1_28' title='bbox 497 622 619 670; x_wconf 90' lang='lat' dir='ltr'>tum</span> <span class='ocrx_word' id='word_1_29' title='bbox 643 619 1006 684; x_wconf 75' lang='lat' dir='ltr'>singulariter</span> <span class='ocrx_word' id='word_1_30' title='bbox 1020 619 1358 682; x_wconf 89' lang='lat' dir='ltr'>alloquatur.</span> <span class='ocrx_word' id='word_1_31' title='bbox 1388 621 1705 670; x_wconf 83' lang='lat' dir='ltr'>Convertam</span> <span class='ocrx_word' id='word_1_32' title='bbox 1727 623 1931 686; x_wconf 90' lang='lat' dir='ltr'>inquit,</span> <span class='ocrx_word' id='word_1_33' title='bbox 1948 623 2098 684; x_wconf 77' lang='lat' dir='ltr'>festi-</span> 
     </span>
    </p>
   </div>
   <div class='ocr_carea' id='block_1_7' title="bbox 497 691 2093 758">
    <p class='ocr_par' dir='ltr' id='par_1_7' title="bbox 497 691 2093 758">
     <span class='ocr_line' id='line_1_7' title="bbox 497 691 2093 758; baseline 0.001 -18"><span class='ocrx_word' id='word_1_34' title='bbox 497 692 681 740; x_wconf 78' lang='lat' dir='ltr'>vitales</span> <span class='ocrx_word' id='word_1_35' title='bbox 706 697 904 741; x_wconf 83' lang='lat' dir='ltr'>vestras</span> <span class='ocrx_word' id='word_1_36' title='bbox 919 693 977 739; x_wconf 85' lang='lat' dir='ltr'>in</span> <span class='ocrx_word' id='word_1_37' title='bbox 999 691 1220 749; x_wconf 83' lang='lat' dir='ltr'>luctum,</span> <span class='ocrx_word' id='word_1_38' title='bbox 1237 697 1283 739; x_wconf 87' lang='lat' dir='ltr'>el</span> <span class='ocrx_word' id='word_1_39' title='bbox 1295 693 1504 740; x_wconf 82' lang='lat' dir='ltr'>cantica</span> <span class='ocrx_word' id='word_1_40' title='bbox 1522 699 1691 741; x_wconf 78' lang='lat' dir='ltr'>vestra</span> <span class='ocrx_word' id='word_1_41' title='bbox 1715 693 1776 741; x_wconf 81' lang='lat' dir='ltr'>in</span> <span class='ocrx_word' id='word_1_42' title='bbox 1791 694 2093 758; x_wconf 77' lang='lat' dir='ltr'>planctum,</span> 
     </span>
    </p>
   </div>
   <div class='ocr_carea' id='block_1_8' title="bbox 493 762 2099 828">
    <p class='ocr_par' dir='ltr' id='par_1_8' title="bbox 493 762 2099 828">
     <span class='ocr_line' id='line_1_8' title="bbox 493 762 2099 828; baseline 0.004 -16"><span class='ocrx_word' id='word_1_43' title='bbox 493 762 550 813; x_wconf 93' lang='lat' dir='ltr'>id</span> <span class='ocrx_word' id='word_1_44' title='bbox 576 767 683 824; x_wconf 91' lang='lat' dir='ltr'>est,</span> <span class='ocrx_word' id='word_1_45' title='bbox 707 763 1084 814; x_wconf 72' lang='lat' dir='ltr'>mmulalmtis</span> <span class='ocrx_word' id='word_1_46' title='bbox 1107 767 1315 813; x_wconf 91' lang='lat' dir='ltr'>cuncta</span> <span class='ocrx_word' id='word_1_47' title='bbox 1342 763 1675 827; x_wconf 78' lang='lat' dir='ltr'>succedent,</span> <span class='ocrx_word' id='word_1_48' title='bbox 1702 770 1760 816; x_wconf 88' lang='lat' dir='ltr'>et</span> <span class='ocrx_word' id='word_1_49' title='bbox 1781 777 1913 828; x_wconf 66' lang='lat' dir='ltr'>qua:</span> <span class='ocrx_word' id='word_1_50' title='bbox 1938 765 2099 818; x_wconf 85' lang='lat' dir='ltr'>liberi</span> 
     </span>
    </p>
   </div>
   <div class='ocr_carea' id='block_1_9' title="bbox 493 833 2100 898">
    <p class='ocr_par' dir='ltr' id='par_1_9' title="bbox 493 833 2100 898">
     <span class='ocr_line' id='line_1_9' title="bbox 493 833 2100 898; baseline 0.002 -13"><span class='ocrx_word' id='word_1_51' title='bbox 493 834 565 886; x_wconf 89' lang='lat' dir='ltr'>ad</span> <span class='ocrx_word' id='word_1_52' title='bbox 583 837 936 898; x_wconf 87' lang='lat' dir='ltr'>voluptatem</span> <span class='ocrx_word' id='word_1_53' title='bbox 954 835 1218 896; x_wconf 81' lang='lat' dir='ltr'>parastis,</span> <span class='ocrx_word' id='word_1_54' title='bbox 1245 833 1427 884; x_wconf 92' lang='lat' dir='ltr'>luctui</span> <span class='ocrx_word' id='word_1_55' title='bbox 1451 837 1717 898; x_wconf 89' lang='lat' dir='ltr'>subjiciet</span> <span class='ocrx_word' id='word_1_56' title='bbox 1731 837 1994 888; x_wconf 89' lang='lat' dir='ltr'>immissa</span> <span class='ocrx_word' id='word_1_57' title='bbox 2007 850 2100 888; x_wconf 86' lang='lat' dir='ltr'>ca-</span> 
     </span>
    </p>
   </div>
   <div class='ocr_carea' id='block_1_10' title="bbox 499 905 2100 971">
    <p class='ocr_par' dir='ltr' id='par_1_10' title="bbox 499 905 2100 971">
     <span class='ocr_line' id='line_1_10' title="bbox 499 905 2100 971; baseline 0.003 -17"><span class='ocrx_word' id='word_1_58' title='bbox 499 905 735 965; x_wconf 90' lang='lat' dir='ltr'>ptivitas</span> <span class='ocrx_word' id='word_1_59' title='bbox 756 920 768 956; x_wconf 93' lang='lat'>:</span> <span class='ocrx_word' id='word_1_60' title='bbox 793 917 1144 968; x_wconf 83' lang='lat' dir='ltr'>corporaque</span> <span class='ocrx_word' id='word_1_61' title='bbox 1182 905 1461 956; x_wconf 84' lang='lat' dir='ltr'>nobilium</span> <span class='ocrx_word' id='word_1_62' title='bbox 1493 907 1753 969; x_wconf 77' lang='lat' dir='ltr'>pretiOsis</span> <span class='ocrx_word' id='word_1_63' title='bbox 1777 908 1943 971; x_wconf 85' lang='lat' dir='ltr'>paulo</span> <span class='ocrx_word' id='word_1_64' title='bbox 1964 912 2100 959; x_wconf 88' lang='lat' dir='ltr'>ante</span> 
     </span>
    </p>
   </div>
   <div class='ocr_carea' id='block_1_11' title="bbox 497 975 2098 1040">
    <p class='ocr_par' dir='ltr' id='par_1_11' title="bbox 497 975 2098 1040">
     <span class='ocr_line' id='line_1_11' title="bbox 497 975 2098 1040; baseline 0.003 -13"><span class='ocrx_word' id='word_1_65' title='bbox 497 981 650 1028; x_wconf 89' lang='lat' dir='ltr'>tecta</span> <span class='ocrx_word' id='word_1_66' title='bbox 687 981 1060 1040; x_wconf 86' lang='lat' dir='ltr'>ornamentis,</span> <span class='ocrx_word' id='word_1_67' title='bbox 1095 975 1345 1026; x_wconf 86' lang='lat' dir='ltr'>cilicium</span> <span class='ocrx_word' id='word_1_68' title='bbox 1391 978 1680 1040; x_wconf 86' lang='lat' dir='ltr'>pannique</span> <span class='ocrx_word' id='word_1_69' title='bbox 1717 981 2098 1032; x_wconf 87' lang='lat' dir='ltr'>convestient.</span> 
     </span>
    </p>
   </div>
   <div class='ocr_carea' id='block_1_12' title="bbox 493 1047 2096 1115">
    <p class='ocr_par' dir='ltr' id='par_1_12' title="bbox 493 1047 2096 1115">
     <span class='ocr_line' id='line_1_12' title="bbox 493 1047 2096 1115; baseline 0.001 -18"><span class='ocrx_word' id='word_1_70' title='bbox 493 1047 657 1108; x_wconf 89' lang='lat' dir='ltr'>Quod</span> <span class='ocrx_word' id='word_1_71' title='bbox 685 1053 868 1099; x_wconf 91' lang='lat' dir='ltr'>totum</span> <span class='ocrx_word' id='word_1_72' title='bbox 899 1053 1148 1111; x_wconf 77' lang='lat' dir='ltr'>tempore</span> <span class='ocrx_word' id='word_1_73' title='bbox 1168 1048 1518 1110; x_wconf 70' lang='lat' dir='ltr'>captivitatis</span> <span class='ocrx_word' id='word_1_74' title='bbox 1539 1050 1856 1114; x_wconf 86' lang='lat' dir='ltr'>obtingere,</span> <span class='ocrx_word' id='word_1_75' title='bbox 1883 1055 2096 1115; x_wconf 85' lang='lat' dir='ltr'>utinam,</span> 
     </span>
    </p>
   </div>
   <div class='ocr_carea' id='block_1_13' title="bbox 491 1118 2099 1182">
    <p class='ocr_par' dir='ltr' id='par_1_13' title="bbox 491 1118 2099 1182">
     <span class='ocr_line' id='line_1_13' title="bbox 491 1118 2099 1182; baseline 0.002 -13"><span class='ocrx_word' id='word_1_76' title='bbox 491 1119 737 1169; x_wconf 89' lang='lat' dir='ltr'>lectione</span> <span class='ocrx_word' id='word_1_77' title='bbox 771 1125 993 1170; x_wconf 86' lang='lat' dir='ltr'>tantum</span> <span class='ocrx_word' id='word_1_78' title='bbox 1024 1118 1330 1180; x_wconf 78' lang='lat' dir='ltr'>indicante,</span> <span class='ocrx_word' id='word_1_79' title='bbox 1367 1131 1694 1182; x_wconf 85' lang='lat' dir='ltr'>nossemus,</span> <span class='ocrx_word' id='word_1_80' title='bbox 1719 1121 1825 1172; x_wconf 85' lang='lat' dir='ltr'>Sed</span> <span class='ocrx_word' id='word_1_81' title='bbox 1853 1126 1967 1173; x_wconf 90' lang='lat' dir='ltr'>tam</span> <span class='ocrx_word' id='word_1_82' title='bbox 1987 1121 2099 1173; x_wconf 84' lang='lat' dir='ltr'>fre-</span> 
     </span>
    </p>
   </div>
   <div class='ocr_carea' id='block_1_14' title="bbox 493 1190 2100 1254">
    <p class='ocr_par' dir='ltr' id='par_1_14' title="bbox 493 1190 2100 1254">
     <span class='ocr_line' id='line_1_14' title="bbox 493 1190 2100 1254; baseline 0.002 -14"><span class='ocrx_word' id='word_1_83' title='bbox 493 1201 680 1253; x_wconf 86' lang='lat' dir='ltr'>quens</span> <span class='ocrx_word' id='word_1_84' title='bbox 702 1191 917 1241; x_wconf 86' lang='lat' dir='ltr'>nostris</span> <span class='ocrx_word' id='word_1_85' title='bbox 943 1190 1297 1253; x_wconf 87' lang='lat' dir='ltr'>temporibus</span> <span class='ocrx_word' id='word_1_86' title='bbox 1322 1191 1611 1254; x_wconf 82' lang='lat' dir='ltr'>ejusmodi</span> <span class='ocrx_word' id='word_1_87' title='bbox 1633 1197 1724 1243; x_wconf 91' lang='lat' dir='ltr'>est</span> <span class='ocrx_word' id='word_1_88' title='bbox 1739 1193 1889 1244; x_wconf 86' lang='lat' dir='ltr'>facta</span> <span class='ocrx_word' id='word_1_89' title='bbox 1906 1194 2100 1244; x_wconf 87' lang='lat' dir='ltr'>condi-</span> 
     </span>
    </p>
   </div>
   <div class='ocr_carea' id='block_1_15' title="bbox 499 1261 2099 1326">
    <p class='ocr_par' dir='ltr' id='par_1_15' title="bbox 499 1261 2099 1326">
     <span class='ocr_line' id='line_1_15' title="bbox 499 1261 2099 1326; baseline 0.003 -14"><span class='ocrx_word' id='word_1_90' title='bbox 499 1261 594 1323; x_wconf 90' lang='lat' dir='ltr'>tio,</span> <span class='ocrx_word' id='word_1_91' title='bbox 609 1265 672 1312; x_wconf 93' lang='lat' dir='ltr'>ut</span> <span class='ocrx_word' id='word_1_92' title='bbox 697 1263 1014 1324; x_wconf 84' lang='lat' dir='ltr'>quidquam</span> <span class='ocrx_word' id='word_1_93' title='bbox 1039 1263 1244 1312; x_wconf 88' lang='lat' dir='ltr'>melius</span> <span class='ocrx_word' id='word_1_94' title='bbox 1259 1263 1615 1326; x_wconf 88' lang='lat' dir='ltr'>sperantium</span> <span class='ocrx_word' id='word_1_95' title='bbox 1628 1276 1901 1315; x_wconf 85' lang='lat' dir='ltr'>miremur</span> <span class='ocrx_word' id='word_1_96' title='bbox 1922 1265 2099 1316; x_wconf 88' lang='lat' dir='ltr'>auda-</span> 
     </span>
    </p>
   </div>
   <div class='ocr_carea' id='block_1_16' title="bbox 491 1333 2099 1397">
    <p class='ocr_par' dir='ltr' id='par_1_16' title="bbox 491 1333 2099 1397">
     <span class='ocr_line' id='line_1_16' title="bbox 491 1333 2099 1397; baseline 0.001 -14"><span class='ocrx_word' id='word_1_97' title='bbox 491 1333 658 1384; x_wconf 87' lang='lat' dir='ltr'>ciam.</span> <span class='ocrx_word' id='word_1_98' title='bbox 699 1334 983 1396; x_wconf 84' lang='lat' dir='ltr'>lnducam,</span> <span class='ocrx_word' id='word_1_99' title='bbox 1009 1334 1214 1396; x_wconf 79' lang='lat' dir='ltr'>inquit,</span> <span class='ocrx_word' id='word_1_100' title='bbox 1249 1347 1409 1397; x_wconf 83' lang='lat' dir='ltr'>super</span> <span class='ocrx_word' id='word_1_101' title='bbox 1441 1350 1599 1384; x_wconf 87' lang='lat' dir='ltr'>omne</span> <span class='ocrx_word' id='word_1_102' title='bbox 1623 1335 1844 1384; x_wconf 81' lang='lat' dir='ltr'>dorsum</span> <span class='ocrx_word' id='word_1_103' title='bbox 1867 1342 2099 1385; x_wconf 76' lang='lat' dir='ltr'>vestrum</span> 
     </span>
    </p>
   </div>
   <div class='ocr_carea' id='block_1_17' title="bbox 488 1405 2101 1468">
    <p class='ocr_par' dir='ltr' id='par_1_17' title="bbox 488 1405 2101 1468">
     <span class='ocr_line' id='line_1_17' title="bbox 488 1405 2101 1468; baseline 0.004 -16"><span class='ocrx_word' id='word_1_104' title='bbox 488 1419 724 1466; x_wconf 80' lang='lat' dir='ltr'>saccum,</span> <span class='ocrx_word' id='word_1_105' title='bbox 750 1410 796 1452; x_wconf 87' lang='lat' dir='ltr'>et</span> <span class='ocrx_word' id='word_1_106' title='bbox 817 1419 979 1468; x_wconf 82' lang='lat' dir='ltr'>super</span> <span class='ocrx_word' id='word_1_107' title='bbox 1003 1411 1163 1468; x_wconf 87' lang='lat' dir='ltr'>caput</span> <span class='ocrx_word' id='word_1_108' title='bbox 1187 1405 1502 1455; x_wconf 86' lang='lat' dir='ltr'>calvicium:</span> <span class='ocrx_word' id='word_1_109' title='bbox 1527 1412 1586 1458; x_wconf 88' lang='lat' dir='ltr'>et</span> <span class='ocrx_word' id='word_1_110' title='bbox 1609 1410 1949 1459; x_wconf 87' lang='lat' dir='ltr'>ornamenta</span> <span class='ocrx_word' id='word_1_111' title='bbox 1977 1421 2101 1458; x_wconf 88' lang='lat' dir='ltr'>cor-</span> 
     </span>
    </p>
   </div>
   <div class='ocr_carea' id='block_1_18' title="bbox 489 1476 2102 1541">
    <p class='ocr_par' dir='ltr' id='par_1_18' title="bbox 489 1476 2102 1541">
     <span class='ocr_line' id='line_1_18' title="bbox 489 1476 2102 1541; baseline 0.003 -15"><span class='ocrx_word' id='word_1_112' title='bbox 489 1487 716 1540; x_wconf 86' lang='lat' dir='ltr'>porum,</span> <span class='ocrx_word' id='word_1_113' title='bbox 732 1477 1094 1526; x_wconf 82' lang='lat' dir='ltr'>ilrmamenta</span> <span class='ocrx_word' id='word_1_114' title='bbox 1111 1476 1318 1527; x_wconf 88' lang='lat' dir='ltr'>virium</span> <span class='ocrx_word' id='word_1_115' title='bbox 1340 1477 1612 1541; x_wconf 87' lang='lat' dir='ltr'>perdetis,</span> <span class='ocrx_word' id='word_1_116' title='bbox 1635 1483 1700 1530; x_wconf 91' lang='lat' dir='ltr'>ut</span> <span class='ocrx_word' id='word_1_117' title='bbox 1729 1479 1994 1532; x_wconf 67' lang='lat' dir='ltr'>caesaries</span> <span class='ocrx_word' id='word_1_118' title='bbox 2014 1480 2102 1531; x_wconf 89' lang='lat' dir='ltr'>vel</span> 
     </span>
    </p>
   </div>
   <div class='ocr_carea' id='block_1_19' title="bbox 488 1547 2098 1612">
    <p class='ocr_par' dir='ltr' id='par_1_19' title="bbox 488 1547 2098 1612">
     <span class='ocr_line' id='line_1_19' title="bbox 488 1547 2098 1612; baseline 0.001 -14"><span class='ocrx_word' id='word_1_119' title='bbox 488 1547 752 1609; x_wconf 88' lang='lat' dir='ltr'>ludibrio,</span> <span class='ocrx_word' id='word_1_120' title='bbox 789 1551 878 1598; x_wconf 87' lang='lat' dir='ltr'>vel</span> <span class='ocrx_word' id='word_1_121' title='bbox 916 1548 1115 1598; x_wconf 89' lang='lat' dir='ltr'>morbo</span> <span class='ocrx_word' id='word_1_122' title='bbox 1148 1548 1379 1612; x_wconf 88' lang='lat' dir='ltr'>incipiat</span> <span class='ocrx_word' id='word_1_123' title='bbox 1415 1555 1794 1602; x_wconf 88' lang='lat' dir='ltr'>consumente</span> <span class='ocrx_word' id='word_1_124' title='bbox 1811 1552 2098 1602; x_wconf 85' lang='lat' dir='ltr'>deﬂuere:</span> 
     </span>
    </p>
   </div>
   <div class='ocr_carea' id='block_1_20' title="bbox 489 1618 2100 1686">
    <p class='ocr_par' dir='ltr' id='par_1_20' title="bbox 489 1618 2100 1686">
     <span class='ocr_line' id='line_1_20' title="bbox 489 1618 2100 1686; baseline 0.003 -20"><span class='ocrx_word' id='word_1_125' title='bbox 489 1624 752 1682; x_wconf 84' lang='lat' dir='ltr'>etponam</span> <span class='ocrx_word' id='word_1_126' title='bbox 778 1633 897 1667; x_wconf 87' lang='lat' dir='ltr'>eam</span> <span class='ocrx_word' id='word_1_127' title='bbox 919 1619 1078 1682; x_wconf 84' lang='lat' dir='ltr'>quasi</span> <span class='ocrx_word' id='word_1_128' title='bbox 1096 1618 1299 1668; x_wconf 84' lang='lat' dir='ltr'>luctum</span> <span class='ocrx_word' id='word_1_129' title='bbox 1320 1623 1606 1684; x_wconf 84' lang='lat' dir='ltr'>unigeniti,</span> <span class='ocrx_word' id='word_1_130' title='bbox 1625 1623 1976 1671; x_wconf 85' lang='lat' dir='ltr'>ctnovissima</span> <span class='ocrx_word' id='word_1_131' title='bbox 1988 1621 2100 1686; x_wconf 78' lang='lat' dir='ltr'>ejus</span> 
     </span>
    </p>
   </div>
   <div class='ocr_carea' id='block_1_21' title="bbox 490 1689 2098 1755">
    <p class='ocr_par' dir='ltr' id='par_1_21' title="bbox 490 1689 2098 1755">
     <span class='ocr_line' id='line_1_21' title="bbox 490 1689 2098 1755; baseline 0.004 -17"><span class='ocrx_word' id='word_1_132' title='bbox 490 1691 650 1753; x_wconf 79' lang='lat' dir='ltr'>quasi</span> <span class='ocrx_word' id='word_1_133' title='bbox 667 1691 809 1739; x_wconf 88' lang='lat' dir='ltr'>diem</span> <span class='ocrx_word' id='word_1_134' title='bbox 832 1706 1110 1750; x_wconf 79' lang='lat' dir='ltr'>amarunt,</span> <span class='ocrx_word' id='word_1_135' title='bbox 1122 1689 1179 1741; x_wconf 91' lang='lat' dir='ltr'>id</span> <span class='ocrx_word' id='word_1_136' title='bbox 1201 1696 1306 1754; x_wconf 85' lang='lat' dir='ltr'>est,</span> <span class='ocrx_word' id='word_1_137' title='bbox 1335 1694 1528 1755; x_wconf 81' lang='lat' dir='ltr'>gentis</span> <span class='ocrx_word' id='word_1_138' title='bbox 1557 1695 1882 1746; x_wconf 73' lang='lat' dir='ltr'>israeliticae</span> <span class='ocrx_word' id='word_1_139' title='bbox 1909 1698 2098 1744; x_wconf 82' lang='lat' dir='ltr'>status</span> 
     </span>
    </p>
   </div>
   <div class='ocr_carea' id='block_1_22' title="bbox 486 1761 2096 1824">
    <p class='ocr_par' dir='ltr' id='par_1_22' title="bbox 486 1761 2096 1824">
     <span class='ocr_line' id='line_1_22' title="bbox 486 1761 2096 1824; baseline 0.001 -14"><span class='ocrx_word' id='word_1_140' title='bbox 486 1762 559 1811; x_wconf 89' lang='lat' dir='ltr'>ab</span> <span class='ocrx_word' id='word_1_141' title='bbox 592 1772 722 1812; x_wconf 86' lang='lat' dir='ltr'>arce</span> <span class='ocrx_word' id='word_1_142' title='bbox 747 1761 1028 1812; x_wconf 87' lang='lat' dir='ltr'>felicitatis</span> <span class='ocrx_word' id='word_1_143' title='bbox 1057 1763 1314 1824; x_wconf 69' lang='lat' dir='ltr'>antiqua:</span> <span class='ocrx_word' id='word_1_144' title='bbox 1337 1763 1409 1813; x_wconf 89' lang='lat' dir='ltr'>ad</span> <span class='ocrx_word' id='word_1_145' title='bbox 1439 1764 1554 1814; x_wconf 86' lang='lat' dir='ltr'>ima</span> <span class='ocrx_word' id='word_1_146' title='bbox 1577 1765 1876 1815; x_wconf 76' lang='lat' dir='ltr'>descendit</span> <span class='ocrx_word' id='word_1_147' title='bbox 1900 1770 2096 1813; x_wconf 69' lang='lat' dir='ltr'>miserm</span> 
     </span>
    </p>
   </div>
   <div class='ocr_carea' id='block_1_23' title="bbox 486 1833 2096 1899">
    <p class='ocr_par' dir='ltr' id='par_1_23' title="bbox 486 1833 2096 1899">
     <span class='ocr_line' id='line_1_23' title="bbox 486 1833 2096 1899; baseline 0.001 -17"><span class='ocrx_word' id='word_1_148' title='bbox 486 1833 782 1885; x_wconf 85' lang='lat' dir='ltr'>servitutis</span> <span class='ocrx_word' id='word_1_149' title='bbox 807 1847 819 1883; x_wconf 90' lang='lat'>:</span> <span class='ocrx_word' id='word_1_150' title='bbox 850 1838 913 1884; x_wconf 92' lang='lat' dir='ltr'>ut</span> <span class='ocrx_word' id='word_1_151' title='bbox 937 1837 1054 1884; x_wconf 87' lang='lat' dir='ltr'>tam</span> <span class='ocrx_word' id='word_1_152' title='bbox 1091 1837 1295 1885; x_wconf 81' lang='lat' dir='ltr'>aeerbo</span> <span class='ocrx_word' id='word_1_153' title='bbox 1319 1835 1476 1885; x_wconf 86' lang='lat' dir='ltr'>luctu</span> <span class='ocrx_word' id='word_1_154' title='bbox 1499 1835 1675 1899; x_wconf 86' lang='lat' dir='ltr'>digna</span> <span class='ocrx_word' id='word_1_155' title='bbox 1697 1839 1788 1899; x_wconf 90' lang='lat' dir='ltr'>sit,</span> <span class='ocrx_word' id='word_1_156' title='bbox 1811 1849 1986 1899; x_wconf 84' lang='lat' dir='ltr'>quam</span> <span class='ocrx_word' id='word_1_157' title='bbox 2007 1841 2096 1884; x_wconf 85' lang='lat' dir='ltr'>illa</span> 
     </span>
    </p>
   </div>
   <div class='ocr_carea' id='block_1_24' title="bbox 487 1903 2090 1968">
    <p class='ocr_par' dir='ltr' id='par_1_24' title="bbox 487 1903 2090 1968">
     <span class='ocr_line' id='line_1_24' title="bbox 487 1903 2090 1968; baseline 0.002 -13"><span class='ocrx_word' id='word_1_158' title='bbox 487 1903 723 1964; x_wconf 87' lang='lat' dir='ltr'>orbitas,</span> <span class='ocrx_word' id='word_1_159' title='bbox 751 1917 886 1968; x_wconf 76' lang='lat' dir='ltr'>qum</span> <span class='ocrx_word' id='word_1_160' title='bbox 916 1905 987 1955; x_wconf 89' lang='lat' dir='ltr'>de</span> <span class='ocrx_word' id='word_1_161' title='bbox 1012 1905 1326 1968; x_wconf 85' lang='lat' dir='ltr'>unigenitis</span> <span class='ocrx_word' id='word_1_162' title='bbox 1361 1907 1665 1958; x_wconf 86' lang='lat' dir='ltr'>consuevit</span> <span class='ocrx_word' id='word_1_163' title='bbox 1690 1908 1963 1967; x_wconf 86' lang='lat' dir='ltr'>accidere,</span> <span class='ocrx_word' id='word_1_164' title='bbox 1995 1909 2090 1958; x_wconf 87' lang='lat' dir='ltr'>ubi</span> 
     </span>
    </p>
   </div>
   <div class='ocr_carea' id='block_1_25' title="bbox 484 1977 2093 2042">
    <p class='ocr_par' dir='ltr' id='par_1_25' title="bbox 484 1977 2093 2042">
     <span class='ocr_line' id='line_1_25' title="bbox 484 1977 2093 2042; baseline 0.003 -16"><span class='ocrx_word' id='word_1_165' title='bbox 484 1988 604 2026; x_wconf 91' lang='lat' dir='ltr'>non</span> <span class='ocrx_word' id='word_1_166' title='bbox 629 1977 815 2026; x_wconf 89' lang='lat' dir='ltr'>solum</span> <span class='ocrx_word' id='word_1_167' title='bbox 838 1988 1054 2026; x_wconf 86' lang='lat' dir='ltr'>amissa</span> <span class='ocrx_word' id='word_1_168' title='bbox 1077 1977 1336 2040; x_wconf 76' lang='lat' dir='ltr'>pignora,</span> <span class='ocrx_word' id='word_1_169' title='bbox 1361 1978 1460 2028; x_wconf 91' lang='lat' dir='ltr'>sed</span> <span class='ocrx_word' id='word_1_170' title='bbox 1475 1979 1644 2030; x_wconf 86' lang='lat' dir='ltr'>etiam</span> <span class='ocrx_word' id='word_1_171' title='bbox 1663 1983 1966 2042; x_wconf 83' lang='lat' dir='ltr'>posteritas</span> <span class='ocrx_word' id='word_1_172' title='bbox 1989 1992 2093 2031; x_wconf 88' lang='lat' dir='ltr'>ex-</span> 
     </span>
    </p>
   </div>
   <div class='ocr_carea' id='block_1_26' title="bbox 491 2046 1759 2111">
    <p class='ocr_par' dir='ltr' id='par_1_26' title="bbox 491 2046 1759 2111">
     <span class='ocr_line' id='line_1_26' title="bbox 491 2046 1759 2111; baseline 0.003 -15"><span class='ocrx_word' id='word_1_173' title='bbox 491 2046 668 2097; x_wconf 87' lang='lat' dir='ltr'>tincta</span> <span class='ocrx_word' id='word_1_174' title='bbox 692 2047 942 2110; x_wconf 89' lang='lat' dir='ltr'>lugetur.</span> <span class='ocrx_word' id='word_1_175' title='bbox 977 2049 1084 2096; x_wconf 69' lang='lat' dir='ltr'>Sed</span> <span class='ocrx_word' id='word_1_176' title='bbox 1114 2047 1412 2097; x_wconf 83' lang='lat' dir='ltr'>videamus</span> <span class='ocrx_word' id='word_1_177' title='bbox 1435 2053 1494 2098; x_wconf 91' lang='lat' dir='ltr'>et</span> <span class='ocrx_word' id='word_1_178' title='bbox 1518 2050 1759 2111; x_wconf 79' lang='lat' dir='ltr'>reliqua.</span> 
     </span>
    </p>
   </div>
   <div class='ocr_carea' id='block_1_27' title="bbox 551 2119 2093 2181">
    <p class='ocr_par' dir='ltr' id='par_1_27' title="bbox 551 2119 2093 2181">
     <span class='ocr_line' id='line_1_27' title="bbox 551 2119 2093 2181; baseline 0.001 -14"><span class='ocrx_word' id='word_1_179' title='bbox 551 2119 712 2169; x_wconf 87' lang='lat' dir='ltr'>Vers.</span> <span class='ocrx_word' id='word_1_180' title='bbox 753 2119 839 2171; x_wconf 90' lang='grc'>11.</span> <span class='ocrx_word' id='word_1_181' title='bbox 886 2144 948 2153; x_wconf 89' lang='grc'>--</span> <span class='ocrx_word' id='word_1_182' title='bbox 981 2119 1110 2166; x_wconf 75' lang='lat' dir='ltr'>Ecce</span> <span class='ocrx_word' id='word_1_183' title='bbox 1143 2119 1254 2167; x_wconf 83' lang='lat' dir='ltr'>dies</span> <span class='ocrx_word' id='word_1_184' title='bbox 1288 2120 1528 2181; x_wconf 84' lang='lat' dir='ltr'>veniunt,</span> <span class='ocrx_word' id='word_1_185' title='bbox 1578 2121 1706 2168; x_wconf 87' lang='lat' dir='ltr'>dicit</span> <span class='ocrx_word' id='word_1_186' title='bbox 1742 2121 2024 2180; x_wconf 78' lang='lat' dir='ltr'>Dominus,</span> <span class='ocrx_word' id='word_1_187' title='bbox 2048 2125 2093 2168; x_wconf 89' lang='lat' dir='ltr'>et</span> 
     </span>
    </p>
   </div>
   <div class='ocr_carea' id='block_1_28' title="bbox 487 2189 2094 2255">
    <p class='ocr_par' dir='ltr' id='par_1_28' title="bbox 487 2189 2094 2255">
     <span class='ocr_line' id='line_1_28' title="bbox 487 2189 2094 2255; baseline 0.002 -18"><span class='ocrx_word' id='word_1_188' title='bbox 487 2189 702 2237; x_wconf 83' lang='lat' dir='ltr'>mittam</span> <span class='ocrx_word' id='word_1_189' title='bbox 733 2189 938 2250; x_wconf 80' lang='lat' dir='ltr'>famem</span> <span class='ocrx_word' id='word_1_190' title='bbox 967 2189 1027 2236; x_wconf 80' lang='lat' dir='ltr'>in</span> <span class='ocrx_word' id='word_1_191' title='bbox 1064 2195 1264 2237; x_wconf 84' lang='lat' dir='ltr'>terram</span> <span class='ocrx_word' id='word_1_192' title='bbox 1292 2209 1302 2238; x_wconf 93' lang='lat'>:</span> <span class='ocrx_word' id='word_1_193' title='bbox 1339 2204 1452 2238; x_wconf 84' lang='lat' dir='ltr'>non</span> <span class='ocrx_word' id='word_1_194' title='bbox 1474 2190 1677 2250; x_wconf 81' lang='lat' dir='ltr'>famem</span> <span class='ocrx_word' id='word_1_195' title='bbox 1714 2193 1900 2255; x_wconf 73' lang='lat' dir='ltr'>panis,</span> <span class='ocrx_word' id='word_1_196' title='bbox 1927 2207 2094 2255; x_wconf 85' lang='lat' dir='ltr'>neque</span> 
     </span>
    </p>
   </div>
   <div class='ocr_carea' id='block_1_29' title="bbox 485 2259 2094 2323">
    <p class='ocr_par' dir='ltr' id='par_1_29' title="bbox 485 2259 2094 2323">
     <span class='ocr_line' id='line_1_29' title="bbox 485 2259 2094 2323; baseline 0.004 -17"><span class='ocrx_word' id='word_1_197' title='bbox 485 2260 632 2307; x_wconf 81' lang='lat' dir='ltr'>sitim</span> <span class='ocrx_word' id='word_1_198' title='bbox 655 2261 929 2323; x_wconf 66' lang='lat' dir='ltr'>aquc,sed</span> <span class='ocrx_word' id='word_1_199' title='bbox 952 2260 1216 2308; x_wconf 77' lang='lat' dir='ltr'>audiendi</span> <span class='ocrx_word' id='word_1_200' title='bbox 1241 2259 1460 2308; x_wconf 80' lang='lat' dir='ltr'>verbum</span> <span class='ocrx_word' id='word_1_201' title='bbox 1489 2261 1734 2313; x_wconf 81' lang='lat' dir='ltr'>Domini.</span> <span class='ocrx_word' id='word_1_202' title='bbox 1765 2264 1832 2310; x_wconf 68' lang='lat' dir='ltr'>bl</span> <span class='ocrx_word' id='word_1_203' title='bbox 1857 2278 2094 2312; x_wconf 87' lang='lat' dir='ltr'>commo-</span> 
     </span>
    </p>
   </div>
   <div class='ocr_carea' id='block_1_30' title="bbox 487 2330 2093 2398">
    <p class='ocr_par' dir='ltr' id='par_1_30' title="bbox 487 2330 2093 2398">
     <span class='ocr_line' id='line_1_30' title="bbox 487 2330 2093 2398; baseline 0.003 -20"><span class='ocrx_word' id='word_1_204' title='bbox 487 2330 799 2379; x_wconf 81' lang='lat' dir='ltr'>vebuntura</span> <span class='ocrx_word' id='word_1_205' title='bbox 824 2331 970 2378; x_wconf 85' lang='lat' dir='ltr'>mari</span> <span class='ocrx_word' id='word_1_206' title='bbox 997 2346 1163 2394; x_wconf 84' lang='lat' dir='ltr'>usque</span> <span class='ocrx_word' id='word_1_207' title='bbox 1183 2331 1256 2378; x_wconf 87' lang='lat' dir='ltr'>ad</span> <span class='ocrx_word' id='word_1_208' title='bbox 1282 2346 1448 2391; x_wconf 84' lang='lat' dir='ltr'>mare,</span> <span class='ocrx_word' id='word_1_209' title='bbox 1475 2339 1518 2380; x_wconf 89' lang='lat' dir='ltr'>et</span> <span class='ocrx_word' id='word_1_210' title='bbox 1551 2333 1616 2381; x_wconf 82' lang='lat' dir='ltr'>ab</span> <span class='ocrx_word' id='word_1_211' title='bbox 1639 2335 1909 2396; x_wconf 79' lang='lat' dir='ltr'>Aquilone</span> <span class='ocrx_word' id='word_1_212' title='bbox 1926 2349 2093 2398; x_wconf 84' lang='lat' dir='ltr'>usque</span> 
     </span>
    </p>
   </div>
   <div class='ocr_carea' id='block_1_31' title="bbox 487 2401 2092 2464">
    <p class='ocr_par' dir='ltr' id='par_1_31' title="bbox 487 2401 2092 2464">
     <span class='ocr_line' id='line_1_31' title="bbox 487 2401 2092 2464; baseline 0.002 -14"><span class='ocrx_word' id='word_1_213' title='bbox 487 2403 560 2450; x_wconf 86' lang='lat' dir='ltr'>ad</span> <span class='ocrx_word' id='word_1_214' title='bbox 585 2404 854 2451; x_wconf 79' lang='lat' dir='ltr'>Orientem</span> <span class='ocrx_word' id='word_1_215' title='bbox 874 2401 1197 2460; x_wconf 85' lang='lat' dir='ltr'>circuibunt,</span> <span class='ocrx_word' id='word_1_216' title='bbox 1227 2409 1516 2464; x_wconf 67' lang='lat' dir='ltr'>quaerentes</span> <span class='ocrx_word' id='word_1_217' title='bbox 1542 2404 1758 2452; x_wconf 81' lang='lat' dir='ltr'>verbum</span> <span class='ocrx_word' id='word_1_218' title='bbox 1778 2407 2020 2464; x_wconf 79' lang='lat' dir='ltr'>Domini,</span> <span class='ocrx_word' id='word_1_219' title='bbox 2047 2412 2092 2454; x_wconf 86' lang='lat' dir='ltr'>et</span> 
     </span>
    </p>
   </div>
   <div class='ocr_carea' id='block_1_32' title="bbox 487 2474 2094 2540">
    <p class='ocr_par' dir='ltr' id='par_1_32' title="bbox 487 2474 2094 2540">
     <span class='ocr_line' id='line_1_32' title="bbox 487 2474 2094 2540; baseline 0.005 -20"><span class='ocrx_word' id='word_1_220' title='bbox 487 2488 600 2521; x_wconf 82' lang='lat' dir='ltr'>non</span> <span class='ocrx_word' id='word_1_221' title='bbox 625 2474 917 2520; x_wconf 82' lang='lat' dir='ltr'>invenient.</span> <span class='ocrx_word' id='word_1_222' title='bbox 946 2475 1102 2523; x_wconf 91' lang='lat' dir='ltr'>Inter</span> <span class='ocrx_word' id='word_1_223' title='bbox 1124 2477 1418 2523; x_wconf 86' lang='lat' dir='ltr'>extremas</span> <span class='ocrx_word' id='word_1_224' title='bbox 1455 2474 1812 2526; x_wconf 76' lang='lat' dir='ltr'>calamitates</span> <span class='ocrx_word' id='word_1_225' title='bbox 1843 2481 1972 2540; x_wconf 90' lang='lat' dir='ltr'>ejus</span> <span class='ocrx_word' id='word_1_226' title='bbox 1995 2490 2094 2540; x_wconf 86' lang='lat' dir='ltr'>po-</span> 
     </span>
    </p>
   </div>
   <div class='ocr_carea' id='block_1_33' title="bbox 490 2543 2092 2608">
    <p class='ocr_par' dir='ltr' id='par_1_33' title="bbox 490 2543 2092 2608">
     <span class='ocr_line' id='line_1_33' title="bbox 490 2543 2092 2608; baseline 0.002 -13"><span class='ocrx_word' id='word_1_227' title='bbox 490 2544 627 2608; x_wconf 87' lang='lat' dir='ltr'>puli,</span> <span class='ocrx_word' id='word_1_228' title='bbox 649 2547 748 2608; x_wconf 88' lang='lat' dir='ltr'>qui</span> <span class='ocrx_word' id='word_1_229' title='bbox 789 2544 956 2607; x_wconf 86' lang='lat' dir='ltr'>Legis</span> <span class='ocrx_word' id='word_1_230' title='bbox 994 2543 1320 2595; x_wconf 89' lang='lat' dir='ltr'>conditione</span> <span class='ocrx_word' id='word_1_231' title='bbox 1357 2549 1643 2605; x_wconf 80' lang='lat' dir='ltr'>ﬂoruerat,</span> <span class='ocrx_word' id='word_1_232' title='bbox 1669 2556 2092 2599; x_wconf 80' lang='lat' dir='ltr'>numerandum</span> 
     </span>
    </p>
   </div>
   <div class='ocr_carea' id='block_1_34' title="bbox 487 2615 2091 2682">
    <p class='ocr_par' dir='ltr' id='par_1_34' title="bbox 487 2615 2091 2682">
     <span class='ocr_line' id='line_1_34' title="bbox 487 2615 2091 2682; baseline 0.003 -16"><span class='ocrx_word' id='word_1_233' title='bbox 487 2629 619 2667; x_wconf 90' lang='lat' dir='ltr'>esse</span> <span class='ocrx_word' id='word_1_234' title='bbox 642 2615 995 2667; x_wconf 85' lang='lat' dir='ltr'>monstravit</span> <span class='ocrx_word' id='word_1_235' title='bbox 1009 2620 1295 2666; x_wconf 85' lang='lat' dir='ltr'>delectum</span> <span class='ocrx_word' id='word_1_236' title='bbox 1310 2617 1652 2668; x_wconf 84' lang='lat' dir='ltr'>salutarium</span> <span class='ocrx_word' id='word_1_237' title='bbox 1665 2621 2091 2682; x_wconf 81' lang='lat' dir='ltr'>magistrorum.</span> 
     </span>
    </p>
   </div>
   <div class='ocr_carea' id='block_1_35' title="bbox 487 2688 2094 2748">
    <p class='ocr_par' dir='ltr' id='par_1_35' title="bbox 487 2688 2094 2748">
     <span class='ocr_line' id='line_1_35' title="bbox 487 2688 2094 2748; baseline 0.002 -10"><span class='ocrx_word' id='word_1_238' title='bbox 487 2688 692 2748; x_wconf 82' lang='lat' dir='ltr'>Quidni</span> <span class='ocrx_word' id='word_1_239' title='bbox 732 2701 864 2738; x_wconf 90' lang='lat' dir='ltr'>cum</span> <span class='ocrx_word' id='word_1_240' title='bbox 890 2700 960 2738; x_wconf 89' lang='lat' dir='ltr'>ea</span> <span class='ocrx_word' id='word_1_241' title='bbox 975 2688 1050 2737; x_wconf 85' lang='lat' dir='ltr'>sit</span> <span class='ocrx_word' id='word_1_242' title='bbox 1081 2688 1350 2744; x_wconf 90' lang='lat' dir='ltr'>conditio,</span> <span class='ocrx_word' id='word_1_243' title='bbox 1380 2694 1442 2737; x_wconf 91' lang='lat' dir='ltr'>ut</span> <span class='ocrx_word' id='word_1_244' title='bbox 1475 2690 1522 2738; x_wconf 89' lang='lat' dir='ltr'>si</span> <span class='ocrx_word' id='word_1_245' title='bbox 1547 2690 1823 2740; x_wconf 86' lang='lat' dir='ltr'>discenda</span> <span class='ocrx_word' id='word_1_246' title='bbox 1848 2704 1966 2743; x_wconf 88' lang='lat' dir='ltr'>non</span> <span class='ocrx_word' id='word_1_247' title='bbox 1989 2706 2094 2742; x_wconf 83' lang='lat' dir='ltr'>au-</span> 
     </span>
    </p>
   </div>
   <div class='ocr_carea' id='block_1_36' title="bbox 486 2759 2093 2824">
    <p class='ocr_par' dir='ltr' id='par_1_36' title="bbox 486 2759 2093 2824">
     <span class='ocr_line' id='line_1_36' title="bbox 486 2759 2093 2824; baseline 0 -14"><span class='ocrx_word' id='word_1_248' title='bbox 486 2761 629 2822; x_wconf 86' lang='lat' dir='ltr'>dias,</span> <span class='ocrx_word' id='word_1_249' title='bbox 661 2760 866 2810; x_wconf 80' lang='lat' dir='ltr'>subeat</span> <span class='ocrx_word' id='word_1_250' title='bbox 890 2759 1190 2821; x_wconf 88' lang='lat' dir='ltr'>imperitia,</span> <span class='ocrx_word' id='word_1_251' title='bbox 1217 2771 1432 2822; x_wconf 81' lang='lat' dir='ltr'>perque</span> <span class='ocrx_word' id='word_1_252' title='bbox 1456 2760 1566 2810; x_wconf 87' lang='lat' dir='ltr'>hoc</span> <span class='ocrx_word' id='word_1_253' title='bbox 1592 2764 1928 2824; x_wconf 77' lang='lat' dir='ltr'>ignoranti-ae</span> <span class='ocrx_word' id='word_1_254' title='bbox 1954 2772 2093 2811; x_wconf 74' lang='lat' dir='ltr'>nocte</span> 
     </span>
    </p>
   </div>
   <div class='ocr_carea' id='block_1_37' title="bbox 486 2830 2096 2895">
    <p class='ocr_par' dir='ltr' id='par_1_37' title="bbox 486 2830 2096 2895">
     <span class='ocr_line' id='line_1_37' title="bbox 486 2830 2096 2895; baseline 0 -11"><span class='ocrx_word' id='word_1_255' title='bbox 486 2833 752 2891; x_wconf 89' lang='lat' dir='ltr'>verseris,</span> <span class='ocrx_word' id='word_1_256' title='bbox 783 2837 958 2894; x_wconf 88' lang='lat' dir='ltr'>atque</span> <span class='ocrx_word' id='word_1_257' title='bbox 983 2843 1044 2880; x_wconf 88' lang='lat' dir='ltr'>in</span> <span class='ocrx_word' id='word_1_258' title='bbox 1065 2830 1415 2894; x_wconf 81' lang='lat' dir='ltr'>multiplices</span> <span class='ocrx_word' id='word_1_259' title='bbox 1445 2835 1723 2895; x_wconf 84' lang='lat' dir='ltr'>miserias,</span> <span class='ocrx_word' id='word_1_260' title='bbox 1744 2837 1902 2884; x_wconf 90' lang='lat' dir='ltr'>velut</span> <span class='ocrx_word' id='word_1_261' title='bbox 1927 2835 2096 2884; x_wconf 90' lang='lat' dir='ltr'>lumi-</span> 
     </span>
    </p>
   </div>
   <div class='ocr_carea' id='block_1_38' title="bbox 485 2901 2096 2968">
    <p class='ocr_par' dir='ltr' id='par_1_38' title="bbox 485 2901 2096 2968">
     <span class='ocr_line' id='line_1_38' title="bbox 485 2901 2096 2968; baseline 0.002 -15"><span class='ocrx_word' id='word_1_262' title='bbox 485 2905 658 2954; x_wconf 88' lang='lat' dir='ltr'>nibus</span> <span class='ocrx_word' id='word_1_263' title='bbox 681 2909 904 2966; x_wconf 84' lang='lat' dir='ltr'>captus,</span> <span class='ocrx_word' id='word_1_264' title='bbox 920 2902 1219 2952; x_wconf 84' lang='lat' dir='ltr'>incurras?</span> <span class='ocrx_word' id='word_1_265' title='bbox 1243 2901 1347 2963; x_wconf 89' lang='lat' dir='ltr'>Qui</span> <span class='ocrx_word' id='word_1_266' title='bbox 1368 2902 1539 2964; x_wconf 89' lang='lat' dir='ltr'>enim,</span> <span class='ocrx_word' id='word_1_267' title='bbox 1568 2909 1628 2952; x_wconf 91' lang='lat' dir='ltr'>ut</span> <span class='ocrx_word' id='word_1_268' title='bbox 1651 2907 1798 2954; x_wconf 85' lang='lat' dir='ltr'>alius</span> <span class='ocrx_word' id='word_1_269' title='bbox 1821 2905 2096 2968; x_wconf 83' lang='lat' dir='ltr'>prOpbeta</span> 
     </span>
    </p>
   </div>
   <div class='ocr_carea' id='block_1_39' title="bbox 486 2972 2096 3038">
    <p class='ocr_par' dir='ltr' id='par_1_39' title="bbox 486 2972 2096 3038">
     <span class='ocr_line' id='line_1_39' title="bbox 486 2972 2096 3038; baseline 0.002 -14"><span class='ocrx_word' id='word_1_270' title='bbox 486 2975 808 3034; x_wconf 88' lang='lat' dir='ltr'>denuntiat,</span> <span class='ocrx_word' id='word_1_271' title='bbox 835 2986 946 3024; x_wconf 90' lang='lat' dir='ltr'>nou</span> <span class='ocrx_word' id='word_1_272' title='bbox 972 2972 1238 3022; x_wconf 76' lang='lat' dir='ltr'>didicerit</span> <span class='ocrx_word' id='word_1_273' title='bbox 1257 2975 1562 3035; x_wconf 85' lang='lat' dir='ltr'>justitiam,</span> <span class='ocrx_word' id='word_1_274' title='bbox 1579 2987 1749 3038; x_wconf 87' lang='lat' dir='ltr'>super</span> <span class='ocrx_word' id='word_1_275' title='bbox 1771 2979 1976 3026; x_wconf 88' lang='lat' dir='ltr'>terram</span> <span class='ocrx_word' id='word_1_276' title='bbox 1999 2991 2096 3027; x_wconf 89' lang='lat' dir='ltr'>ve-</span> 
     </span>
    </p>
   </div>
   <div class='ocr_carea' id='block_1_40' title="bbox 487 3043 2095 3108">
    <p class='ocr_par' dir='ltr' id='par_1_40' title="bbox 487 3043 2095 3108">
     <span class='ocr_line' id='line_1_40' title="bbox 487 3043 2095 3108; baseline 0 -12"><span class='ocrx_word' id='word_1_277' title='bbox 487 3047 713 3096; x_wconf 84' lang='lat' dir='ltr'>ritatem</span> <span class='ocrx_word' id='word_1_278' title='bbox 744 3058 860 3095; x_wconf 90' lang='lat' dir='ltr'>non</span> <span class='ocrx_word' id='word_1_279' title='bbox 899 3044 1055 3105; x_wconf 82' lang='lat' dir='ltr'>facit,</span> <span class='ocrx_word' id='word_1_280' title='bbox 1085 3043 1284 3106; x_wconf 89' lang='lat' dir='ltr'>sicque</span> <span class='ocrx_word' id='word_1_281' title='bbox 1308 3044 1606 3095; x_wconf 81' lang='lat' dir='ltr'>mendacia</span> <span class='ocrx_word' id='word_1_282' title='bbox 1631 3047 1934 3108; x_wconf 86' lang='lat' dir='ltr'>loquentes</span> <span class='ocrx_word' id='word_1_283' title='bbox 1960 3051 2095 3108; x_wconf 82' lang='lat' dir='ltr'>peri-</span> 
     </span>
    </p>
   </div>
   <div class='ocr_carea' id='block_1_41' title="bbox 485 3117 2095 3184">
    <p class='ocr_par' dir='ltr' id='par_1_41' title="bbox 485 3117 2095 3184">
     <span class='ocr_line' id='line_1_41' title="bbox 485 3117 2095 3184; baseline 0.003 -17"><span class='ocrx_word' id='word_1_284' title='bbox 485 3118 646 3167; x_wconf 89' lang='lat' dir='ltr'>bunt.</span> <span class='ocrx_word' id='word_1_285' title='bbox 675 3119 908 3179; x_wconf 77' lang='lat' dir='ltr'>Propter</span> <span class='ocrx_word' id='word_1_286' title='bbox 926 3119 1106 3177; x_wconf 87' lang='lat' dir='ltr'>quOd,</span> <span class='ocrx_word' id='word_1_287' title='bbox 1125 3121 1181 3164; x_wconf 89' lang='lat' dir='ltr'>et</span> <span class='ocrx_word' id='word_1_288' title='bbox 1215 3121 1444 3178; x_wconf 90' lang='lat' dir='ltr'>populo,</span> <span class='ocrx_word' id='word_1_289' title='bbox 1463 3117 1556 3166; x_wconf 91' lang='lat' dir='ltr'>cui</span> <span class='ocrx_word' id='word_1_290' title='bbox 1587 3130 1685 3180; x_wconf 84' lang='lat' dir='ltr'>per</span> <span class='ocrx_word' id='word_1_291' title='bbox 1697 3125 1844 3169; x_wconf 81' lang='lat' dir='ltr'>Usce</span> <span class='ocrx_word' id='word_1_292' title='bbox 1863 3121 2095 3184; x_wconf 87' lang='lat' dir='ltr'>propbe-</span> 
     </span>
    </p>
   </div>
   <div class='ocr_carea' id='block_1_42' title="bbox 487 3187 2091 3258">
    <p class='ocr_par' dir='ltr' id='par_1_42' title="bbox 487 3187 2091 3258">
     <span class='ocr_line' id='line_1_42' title="bbox 487 3187 2091 3258; baseline -0.002 -18"><span class='ocrx_word' id='word_1_293' title='bbox 487 3189 1024 3251; x_wconf 77' lang='lat' dir='ltr'>tamexprobratum</span> <span class='ocrx_word' id='word_1_294' title='bbox 1048 3187 1256 3258; x_wconf 61' lang='lat' dir='ltr'>fuerat,</span> <span class='ocrx_word' id='word_1_295' title='bbox 1281 3189 1418 3249; x_wconf 83' lang='lat' dir='ltr'>quia</span> <span class='ocrx_word' id='word_1_296' title='bbox 1443 3189 1744 3239; x_wconf 84' lang='lat' dir='ltr'>scientiam</span> <span class='ocrx_word' id='word_1_297' title='bbox 1773 3193 2091 3258; x_wconf 60' lang='lat' dir='ltr'>repulisset,</span> 
     </span>
    </p>
   </div>
   <div class='ocr_carea' id='block_1_43' title="bbox 2112 1859 2166 1933">
    <p class='ocr_par' dir='ltr' id='par_1_43' title="bbox 2112 1859 2166 1933">
     <span class='ocr_line' id='line_1_43' title="bbox 2112 1859 2166 1933; baseline 0 0"><span class='ocrx_word' id='word_1_298' title='bbox 2112 1859 2166 1933; x_wconf 93' lang='lat' dir='ltr'><strong>B</strong></span> 
     </span>
    </p>
   </div>
   <div class='ocr_carea' id='block_1_44' title="bbox 2206 549 3832 616">
    <p class='ocr_par' dir='ltr' id='par_1_44' title="bbox 2206 549 3832 616">
     <span class='ocr_line' id='line_1_44' title="bbox 2206 549 3832 616; baseline 0.001 -13"><span class='ocrx_word' id='word_1_299' title='bbox 2206 564 2340 616; x_wconf 81' lang='lat' dir='ltr'>quae</span> <span class='ocrx_word' id='word_1_300' title='bbox 2363 551 2436 603; x_wconf 91' lang='lat' dir='ltr'>ad</span> <span class='ocrx_word' id='word_1_301' title='bbox 2469 552 2730 604; x_wconf 91' lang='lat' dir='ltr'>omnium</span> <span class='ocrx_word' id='word_1_302' title='bbox 2754 552 2776 580; x_wconf 69' lang='grc' dir='ltr'>ἰ</span> <span class='ocrx_word' id='word_1_303' title='bbox 2799 550 3053 616; x_wconf 77' lang='lat' dir='ltr'>respicit,</span> <span class='ocrx_word' id='word_1_304' title='bbox 3081 556 3142 602; x_wconf 90' lang='lat' dir='ltr'>et</span> <span class='ocrx_word' id='word_1_305' title='bbox 3185 562 3312 602; x_wconf 92' lang='lat' dir='ltr'>non</span> <span class='ocrx_word' id='word_1_306' title='bbox 3351 549 3546 600; x_wconf 83' lang='lat' dir='ltr'>noxiis</span> <span class='ocrx_word' id='word_1_307' title='bbox 3574 553 3832 604; x_wconf 77' lang='lat' dir='ltr'>accidere</span> 
     </span>
    </p>
   </div>
   <div class='ocr_carea' id='block_1_45' title="bbox 2194 622 3830 688">
    <p class='ocr_par' dir='ltr' id='par_1_45' title="bbox 2194 622 3830 688">
     <span class='ocr_line' id='line_1_45' title="bbox 2194 622 3830 688; baseline 0.002 -14"><span class='ocrx_word' id='word_1_308' title='bbox 2194 635 2312 674; x_wconf 93' lang='lat' dir='ltr'>non</span> <span class='ocrx_word' id='word_1_309' title='bbox 2348 627 2554 686; x_wconf 86' lang='lat' dir='ltr'>potest,</span> <span class='ocrx_word' id='word_1_310' title='bbox 2583 637 2714 676; x_wconf 90' lang='lat' dir='ltr'>esse</span> <span class='ocrx_word' id='word_1_311' title='bbox 2755 622 3112 688; x_wconf 90' lang='lat' dir='ltr'>plectendos,</span> <span class='ocrx_word' id='word_1_312' title='bbox 3153 622 3215 673; x_wconf 88' lang='lat' dir='ltr'>id</span> <span class='ocrx_word' id='word_1_313' title='bbox 3249 625 3365 684; x_wconf 88' lang='lat' dir='ltr'>est,</span> <span class='ocrx_word' id='word_1_314' title='bbox 3405 626 3473 672; x_wconf 90' lang='lat' dir='ltr'>ut</span> <span class='ocrx_word' id='word_1_315' title='bbox 3511 622 3703 674; x_wconf 80' lang='lat' dir='ltr'>divina</span> <span class='ocrx_word' id='word_1_316' title='bbox 3719 639 3830 676; x_wconf 66' lang='grc' dir='ltr'>ρεξτε</span> 
     </span>
    </p>
   </div>
   <div class='ocr_carea' id='block_1_46' title="bbox 2194 693 3823 756">
    <p class='ocr_par' dir='ltr' id='par_1_46' title="bbox 2194 693 3823 756">
     <span class='ocr_line' id='line_1_46' title="bbox 2194 693 3823 756; baseline 0.001 -12"><span class='ocrx_word' id='word_1_317' title='bbox 2194 694 2454 746; x_wconf 88' lang='lat' dir='ltr'>doctrina</span> <span class='ocrx_word' id='word_1_318' title='bbox 2476 708 2593 746; x_wconf 92' lang='lat' dir='ltr'>non</span> <span class='ocrx_word' id='word_1_319' title='bbox 2617 696 2882 756; x_wconf 88' lang='lat' dir='ltr'>instruat,</span> <span class='ocrx_word' id='word_1_320' title='bbox 2911 693 3014 745; x_wconf 89' lang='lat' dir='ltr'>sed</span> <span class='ocrx_word' id='word_1_321' title='bbox 3039 693 3202 744; x_wconf 84' lang='lat' dir='ltr'>auris</span> <span class='ocrx_word' id='word_1_322' title='bbox 3233 693 3823 754; x_wconf 68' lang='lat' dir='ltr'>eorum,etiamsiaci-</span> 
     </span>
    </p>
   </div>
   <div class='ocr_carea' id='block_1_47' title="bbox 2190 764 3822 829">
    <p class='ocr_par' dir='ltr' id='par_1_47' title="bbox 2190 764 3822 829">
     <span class='ocr_line' id='line_1_47' title="bbox 2190 764 3822 829; baseline 0.001 -15"><span class='ocrx_word' id='word_1_323' title='bbox 2190 765 2389 828; x_wconf 89' lang='lat' dir='ltr'>jurent</span> <span class='ocrx_word' id='word_1_324' title='bbox 2406 778 2468 816; x_wconf 90' lang='lat' dir='ltr'>se</span> <span class='ocrx_word' id='word_1_325' title='bbox 2492 766 2714 817; x_wconf 85' lang='lat' dir='ltr'>discere</span> <span class='ocrx_word' id='word_1_326' title='bbox 2729 765 2886 829; x_wconf 82' lang='lat' dir='ltr'>velle,</span> <span class='ocrx_word' id='word_1_327' title='bbox 2905 767 3265 816; x_wconf 89' lang='lat' dir='ltr'>contemnat.</span> <span class='ocrx_word' id='word_1_328' title='bbox 3281 767 3407 825; x_wconf 81' lang='lat' dir='ltr'>Qua</span> <span class='ocrx_word' id='word_1_329' title='bbox 3416 764 3466 814; x_wconf 86' lang='lat' dir='ltr'>si</span> <span class='ocrx_word' id='word_1_330' title='bbox 3483 765 3694 826; x_wconf 82' lang='lat' dir='ltr'>quibus</span> <span class='ocrx_word' id='word_1_331' title='bbox 3703 783 3822 815; x_wconf 69' lang='lat' dir='ltr'>coa-</span> 
     </span>
    </p>
   </div>
   <div class='ocr_carea' id='block_1_48' title="bbox 2202 835 3822 901">
    <p class='ocr_par' dir='ltr' id='par_1_48' title="bbox 2202 835 3822 901">
     <span class='ocr_line' id='line_1_48' title="bbox 2202 835 3822 901; baseline -0.001 -14"><span class='ocrx_word' id='word_1_332' title='bbox 2202 837 2397 888; x_wconf 89' lang='lat' dir='ltr'>veniat</span> <span class='ocrx_word' id='word_1_333' title='bbox 2417 836 2576 899; x_wconf 87' lang='lat' dir='ltr'>illud,</span> <span class='ocrx_word' id='word_1_334' title='bbox 2607 837 2755 901; x_wconf 87' lang='lat' dir='ltr'>quod</span> <span class='ocrx_word' id='word_1_335' title='bbox 2787 837 2940 901; x_wconf 90' lang='lat' dir='ltr'>apud</span> <span class='ocrx_word' id='word_1_336' title='bbox 2954 836 3135 888; x_wconf 86' lang='lat' dir='ltr'>alium</span> <span class='ocrx_word' id='word_1_337' title='bbox 3159 838 3520 900; x_wconf 83' lang='lat' dir='ltr'>prophetam</span> <span class='ocrx_word' id='word_1_338' title='bbox 3544 835 3822 900; x_wconf 74' lang='lat' dir='ltr'>legimus:</span> 
     </span>
    </p>
   </div>
   <div class='ocr_carea' id='block_1_49' title="bbox 2197 907 3820 974">
    <p class='ocr_par' dir='ltr' id='par_1_49' title="bbox 2197 907 3820 974">
     <span class='ocr_line' id='line_1_49' title="bbox 2197 907 3820 974; baseline 0 -17"><span class='ocrx_word' id='word_1_339' title='bbox 2197 907 2471 958; x_wconf 85' lang='lat' dir='ltr'>Peccatori</span> <span class='ocrx_word' id='word_1_340' title='bbox 2506 915 2684 957; x_wconf 88' lang='lat' dir='ltr'>autem</span> <span class='ocrx_word' id='word_1_341' title='bbox 2720 909 2864 958; x_wconf 72' lang='lat' dir='ltr'>dixit</span> <span class='ocrx_word' id='word_1_342' title='bbox 2901 909 3061 969; x_wconf 89' lang='lat' dir='ltr'>Deus,</span> <span class='ocrx_word' id='word_1_343' title='bbox 3097 909 3286 966; x_wconf 81' lang='lat' dir='ltr'>Quare</span> <span class='ocrx_word' id='word_1_344' title='bbox 3317 914 3379 956; x_wconf 87' lang='lat' dir='ltr'>tu</span> <span class='ocrx_word' id='word_1_345' title='bbox 3404 910 3820 974; x_wconf 71' lang='lat' dir='ltr'>enarrasjuui—</span> 
     </span>
    </p>
   </div>
   <div class='ocr_carea' id='block_1_50' title="bbox 2198 979 3820 1043">
    <p class='ocr_par' dir='ltr' id='par_1_50' title="bbox 2198 979 3820 1043">
     <span class='ocr_line' id='line_1_50' title="bbox 2198 979 3820 1043; baseline -0.001 -17"><span class='ocrx_word' id='word_1_346' title='bbox 2198 979 2303 1027; x_wconf 86' lang='lat' dir='ltr'>tias</span> <span class='ocrx_word' id='word_1_347' title='bbox 2331 993 2492 1042; x_wconf 80' lang='lat' dir='ltr'>meas,</span> <span class='ocrx_word' id='word_1_348' title='bbox 2519 985 2565 1026; x_wconf 87' lang='lat' dir='ltr'>et</span> <span class='ocrx_word' id='word_1_349' title='bbox 2589 979 2824 1028; x_wconf 75' lang='lat' dir='ltr'>assumis</span> <span class='ocrx_word' id='word_1_350' title='bbox 2849 982 3227 1027; x_wconf 80' lang='lat' dir='ltr'>testamentum</span> <span class='ocrx_word' id='word_1_351' title='bbox 3253 993 3446 1027; x_wconf 85' lang='lat' dir='ltr'>meum</span> <span class='ocrx_word' id='word_1_352' title='bbox 3468 994 3571 1043; x_wconf 78' lang='lat' dir='ltr'>per</span> <span class='ocrx_word' id='word_1_353' title='bbox 3591 996 3649 1028; x_wconf 76' lang='lat' dir='ltr'>os</span> <span class='ocrx_word' id='word_1_354' title='bbox 3669 989 3820 1029; x_wconf 68' lang='grc' dir='ltr'>τηειιςε</span> 
     </span>
    </p>
   </div>
   <div class='ocr_carea' id='block_1_51' title="bbox 2201 1047 3820 1114">
    <p class='ocr_par' dir='ltr' id='par_1_51' title="bbox 2201 1047 3820 1114">
     <span class='ocr_line' id='line_1_51' title="bbox 2201 1047 3820 1114; baseline 0.001 -17"><span class='ocrx_word' id='word_1_355' title='bbox 2201 1048 2361 1110; x_wconf 78' lang='lat' dir='ltr'>(Psal.</span> <span class='ocrx_word' id='word_1_356' title='bbox 2397 1048 2484 1101; x_wconf 77' lang='grc'>49.</span> <span class='ocrx_word' id='word_1_357' title='bbox 2527 1047 2662 1111; x_wconf 83' lang='grc'>16.),</span> <span class='ocrx_word' id='word_1_358' title='bbox 2702 1049 2938 1114; x_wconf 78' lang='lat' dir='ltr'>tingitur</span> <span class='ocrx_word' id='word_1_359' title='bbox 2973 1061 3188 1100; x_wconf 88' lang='lat' dir='ltr'>sensus</span> <span class='ocrx_word' id='word_1_360' title='bbox 3227 1062 3304 1100; x_wconf 85' lang='lat' dir='ltr'>ex</span> <span class='ocrx_word' id='word_1_361' title='bbox 3349 1050 3655 1110; x_wconf 86' lang='lat' dir='ltr'>omnibus,</span> <span class='ocrx_word' id='word_1_362' title='bbox 3689 1065 3820 1114; x_wconf 77' lang='lat' dir='ltr'>qm.</span> 
     </span>
    </p>
   </div>
   <div class='ocr_carea' id='block_1_52' title="bbox 2199 1119 3818 1184">
    <p class='ocr_par' dir='ltr' id='par_1_52' title="bbox 2199 1119 3818 1184">
     <span class='ocr_line' id='line_1_52' title="bbox 2199 1119 3818 1184; baseline 0.002 -14"><span class='ocrx_word' id='word_1_363' title='bbox 2199 1132 2298 1182; x_wconf 91' lang='lat' dir='ltr'>pro</span> <span class='ocrx_word' id='word_1_364' title='bbox 2336 1119 2666 1182; x_wconf 82' lang='lat' dir='ltr'>sceleribus,</span> <span class='ocrx_word' id='word_1_365' title='bbox 2714 1125 2772 1172; x_wconf 91' lang='lat' dir='ltr'>et</span> <span class='ocrx_word' id='word_1_366' title='bbox 2795 1119 3084 1184; x_wconf 85' lang='lat' dir='ltr'>religionis</span> <span class='ocrx_word' id='word_1_367' title='bbox 3117 1125 3176 1171; x_wconf 92' lang='lat' dir='ltr'>et</span> <span class='ocrx_word' id='word_1_368' title='bbox 3201 1123 3678 1173; x_wconf 86' lang='lat' dir='ltr'>conversationis</span> <span class='ocrx_word' id='word_1_369' title='bbox 3697 1136 3818 1173; x_wconf 73' lang='lat' dir='ltr'>sua:-</span> 
     </span>
    </p>
   </div>
   <div class='ocr_carea' id='block_1_53' title="bbox 2199 1190 3814 1255">
    <p class='ocr_par' dir='ltr' id='par_1_53' title="bbox 2199 1190 3814 1255">
     <span class='ocr_line' id='line_1_53' title="bbox 2199 1190 3814 1255; baseline 0.001 -14"><span class='ocrx_word' id='word_1_370' title='bbox 2199 1190 2518 1255; x_wconf 87' lang='lat' dir='ltr'>captivitati</span> <span class='ocrx_word' id='word_1_371' title='bbox 2532 1192 2791 1242; x_wconf 73' lang='lat' dir='ltr'>barbarse</span> <span class='ocrx_word' id='word_1_372' title='bbox 2807 1193 2834 1242; x_wconf 85' lang='lat' dir='ltr'><strong>J</strong></span> <span class='ocrx_word' id='word_1_373' title='bbox 2845 1192 3143 1254; x_wconf 68' lang='lat' dir='ltr'>udmorum</span> <span class='ocrx_word' id='word_1_374' title='bbox 3156 1205 3307 1254; x_wconf 86' lang='lat' dir='ltr'>gens</span> <span class='ocrx_word' id='word_1_375' title='bbox 3320 1193 3634 1255; x_wconf 89' lang='lat' dir='ltr'>quondam</span> <span class='ocrx_word' id='word_1_376' title='bbox 3646 1197 3814 1242; x_wconf 65' lang='lat' dir='ltr'>dilecta</span> 
     </span>
    </p>
   </div>
   <div class='ocr_carea' id='block_1_54' title="bbox 2199 1261 3819 1327">
    <p class='ocr_par' dir='ltr' id='par_1_54' title="bbox 2199 1261 3819 1327">
     <span class='ocr_line' id='line_1_54' title="bbox 2199 1261 3819 1327; baseline 0.002 -15"><span class='ocrx_word' id='word_1_377' title='bbox 2199 1261 2510 1313; x_wconf 77' lang='lat' dir='ltr'>subdatur:</span> <span class='ocrx_word' id='word_1_378' title='bbox 2539 1263 2638 1324; x_wconf 90' lang='lat' dir='ltr'>qui</span> <span class='ocrx_word' id='word_1_379' title='bbox 2663 1266 2889 1314; x_wconf 89' lang='lat' dir='ltr'>tantum</span> <span class='ocrx_word' id='word_1_380' title='bbox 2913 1275 3055 1314; x_wconf 87' lang='lat' dir='ltr'>sane</span> <span class='ocrx_word' id='word_1_381' title='bbox 3079 1275 3116 1316; x_wconf 87' lang='lat' dir='ltr'>a</span> <span class='ocrx_word' id='word_1_382' title='bbox 3138 1264 3316 1327; x_wconf 88' lang='lat' dir='ltr'>prisci</span> <span class='ocrx_word' id='word_1_383' title='bbox 3341 1263 3819 1317; x_wconf 72' lang='lat' dir='ltr'>decorisarcede—</span> 
     </span>
    </p>
   </div>
   <div class='ocr_carea' id='block_1_55' title="bbox 2198 1332 3808 1400">
    <p class='ocr_par' dir='ltr' id='par_1_55' title="bbox 2198 1332 3808 1400">
     <span class='ocr_line' id='line_1_55' title="bbox 2198 1332 3808 1400; baseline 0.001 -18"><span class='ocrx_word' id='word_1_384' title='bbox 2198 1333 2489 1396; x_wconf 81' lang='lat' dir='ltr'>ﬂuxerint,</span> <span class='ocrx_word' id='word_1_385' title='bbox 2503 1337 2566 1384; x_wconf 92' lang='lat' dir='ltr'>ut</span> <span class='ocrx_word' id='word_1_386' title='bbox 2585 1332 2900 1384; x_wconf 87' lang='lat' dir='ltr'>voluntatis</span> <span class='ocrx_word' id='word_1_387' title='bbox 2915 1345 3039 1386; x_wconf 70' lang='lat' dir='ltr'>sum</span> <span class='ocrx_word' id='word_1_388' title='bbox 3060 1336 3308 1386; x_wconf 90' lang='lat' dir='ltr'>crimina</span> <span class='ocrx_word' id='word_1_389' title='bbox 3322 1344 3746 1400; x_wconf 81' lang='lat' dir='ltr'>recognoscant</span> <span class='ocrx_word' id='word_1_390' title='bbox 3759 1341 3808 1384; x_wconf 82' lang='lat' dir='ltr'>i:</span> 
     </span>
    </p>
   </div>
   <div class='ocr_carea' id='block_1_56' title="bbox 2201 1404 3806 1468">
    <p class='ocr_par' dir='ltr' id='par_1_56' title="bbox 2201 1404 3806 1468">
     <span class='ocr_line' id='line_1_56' title="bbox 2201 1404 3806 1468; baseline 0.003 -14"><span class='ocrx_word' id='word_1_391' title='bbox 2201 1405 2404 1467; x_wconf 76' lang='lat' dir='ltr'>pmnis,</span> <span class='ocrx_word' id='word_1_392' title='bbox 2435 1408 2610 1467; x_wconf 89' lang='lat' dir='ltr'>atque</span> <span class='ocrx_word' id='word_1_393' title='bbox 2637 1406 2886 1456; x_wconf 86' lang='lat' dir='ltr'>ferorum</span> <span class='ocrx_word' id='word_1_394' title='bbox 2905 1404 3214 1456; x_wconf 87' lang='lat' dir='ltr'>tolerantes</span> <span class='ocrx_word' id='word_1_395' title='bbox 3231 1407 3410 1468; x_wconf 90' lang='lat' dir='ltr'>jussa</span> <span class='ocrx_word' id='word_1_396' title='bbox 3424 1406 3806 1468; x_wconf 67' lang='lat' dir='ltr'>dominorum,</span> 
     </span>
    </p>
   </div>
   <div class='ocr_carea' id='block_1_57' title="bbox 2199 1476 3810 1540">
    <p class='ocr_par' dir='ltr' id='par_1_57' title="bbox 2199 1476 3810 1540">
     <span class='ocr_line' id='line_1_57' title="bbox 2199 1476 3810 1540; baseline 0.004 -15"><span class='ocrx_word' id='word_1_397' title='bbox 2199 1476 2521 1526; x_wconf 84' lang='lat' dir='ltr'>doctrinam</span> <span class='ocrx_word' id='word_1_398' title='bbox 2559 1488 2739 1528; x_wconf 71' lang='lat' dir='ltr'>sacrm</span> <span class='ocrx_word' id='word_1_399' title='bbox 2775 1477 2920 1540; x_wconf 83' lang='lat' dir='ltr'>legis</span> <span class='ocrx_word' id='word_1_400' title='bbox 2943 1487 3238 1540; x_wconf 87' lang='lat' dir='ltr'>nusquam</span> <span class='ocrx_word' id='word_1_401' title='bbox 3261 1478 3520 1529; x_wconf 86' lang='lat' dir='ltr'>audiant</span> <span class='ocrx_word' id='word_1_402' title='bbox 3545 1480 3810 1530; x_wconf 85' lang='lat' dir='ltr'>insonan-</span> 
     </span>
    </p>
   </div>
   <div class='ocr_carea' id='block_1_58' title="bbox 2203 1547 3810 1612">
    <p class='ocr_par' dir='ltr' id='par_1_58' title="bbox 2203 1547 3810 1612">
     <span class='ocr_line' id='line_1_58' title="bbox 2203 1547 3810 1612; baseline 0.003 -16"><span class='ocrx_word' id='word_1_403' title='bbox 2203 1551 2345 1596; x_wconf 89' lang='lat' dir='ltr'>tem:</span> <span class='ocrx_word' id='word_1_404' title='bbox 2373 1549 2542 1610; x_wconf 84' lang='lat' dir='ltr'>cujus</span> <span class='ocrx_word' id='word_1_405' title='bbox 2563 1547 2834 1598; x_wconf 87' lang='lat' dir='ltr'>nimirum</span> <span class='ocrx_word' id='word_1_406' title='bbox 2867 1547 3060 1598; x_wconf 88' lang='lat' dir='ltr'>adbuc</span> <span class='ocrx_word' id='word_1_407' title='bbox 3091 1548 3151 1598; x_wconf 89' lang='lat' dir='ltr'>in</span> <span class='ocrx_word' id='word_1_408' title='bbox 3180 1549 3388 1612; x_wconf 83' lang='lat' dir='ltr'>patriis</span> <span class='ocrx_word' id='word_1_409' title='bbox 3412 1549 3682 1600; x_wconf 86' lang='lat' dir='ltr'>collocati</span> <span class='ocrx_word' id='word_1_410' title='bbox 3703 1551 3810 1601; x_wconf 80' lang='lat' dir='ltr'>ﬁni-</span> 
     </span>
    </p>
   </div>
   <div class='ocr_carea' id='block_1_59' title="bbox 2201 1617 3804 1684">
    <p class='ocr_par' dir='ltr' id='par_1_59' title="bbox 2201 1617 3804 1684">
     <span class='ocr_line' id='line_1_59' title="bbox 2201 1617 3804 1684; baseline 0.002 -16"><span class='ocrx_word' id='word_1_411' title='bbox 2201 1619 2328 1680; x_wconf 89' lang='lat' dir='ltr'>bus,</span> <span class='ocrx_word' id='word_1_412' title='bbox 2355 1617 2740 1670; x_wconf 86' lang='lat' dir='ltr'>illuminantia</span> <span class='ocrx_word' id='word_1_413' title='bbox 2761 1631 2823 1670; x_wconf 90' lang='lat' dir='ltr'>se</span> <span class='ocrx_word' id='word_1_414' title='bbox 2836 1621 3125 1684; x_wconf 71' lang='lat' dir='ltr'>prmcspta</span> <span class='ocrx_word' id='word_1_415' title='bbox 3135 1621 3585 1672; x_wconf 86' lang='lat' dir='ltr'>contemserint.</span> <span class='ocrx_word' id='word_1_416' title='bbox 3610 1623 3804 1672; x_wconf 74' lang='lat' dir='ltr'>Verum</span> 
     </span>
    </p>
   </div>
   <div class='ocr_carea' id='block_1_60' title="bbox 2201 1690 3802 1756">
    <p class='ocr_par' dir='ltr' id='par_1_60' title="bbox 2201 1690 3802 1756">
     <span class='ocr_line' id='line_1_60' title="bbox 2201 1690 3802 1756; baseline 0.002 -16"><span class='ocrx_word' id='word_1_417' title='bbox 2201 1695 2264 1740; x_wconf 91' lang='lat' dir='ltr'>ut</span> <span class='ocrx_word' id='word_1_418' title='bbox 2285 1695 2591 1741; x_wconf 84' lang='lat' dir='ltr'>contextus</span> <span class='ocrx_word' id='word_1_419' title='bbox 2614 1691 2797 1754; x_wconf 90' lang='lat' dir='ltr'>ipsius</span> <span class='ocrx_word' id='word_1_420' title='bbox 2819 1690 3086 1742; x_wconf 86' lang='lat' dir='ltr'>lectionis</span> <span class='ocrx_word' id='word_1_421' title='bbox 3109 1691 3528 1756; x_wconf 67' lang='lat' dir='ltr'>intelligentia:</span> <span class='ocrx_word' id='word_1_422' title='bbox 3544 1694 3802 1756; x_wconf 58' lang='lat' dir='ltr'>hujuste</span> 
     </span>
    </p>
   </div>
   <div class='ocr_carea' id='block_1_61' title="bbox 2197 1762 3798 1825">
    <p class='ocr_par' dir='ltr' id='par_1_61' title="bbox 2197 1762 3798 1825">
     <span class='ocr_line' id='line_1_61' title="bbox 2197 1762 3798 1825; baseline 0.002 -13"><span class='ocrx_word' id='word_1_423' title='bbox 2197 1774 2394 1813; x_wconf 89' lang='lat' dir='ltr'>norem</span> <span class='ocrx_word' id='word_1_424' title='bbox 2416 1764 2615 1825; x_wconf 89' lang='lat' dir='ltr'>poscit,</span> <span class='ocrx_word' id='word_1_425' title='bbox 2643 1764 2723 1812; x_wconf 90' lang='lat' dir='ltr'>ita</span> <span class='ocrx_word' id='word_1_426' title='bbox 2743 1763 2918 1813; x_wconf 88' lang='lat' dir='ltr'>etiam</span> <span class='ocrx_word' id='word_1_427' title='bbox 2948 1762 3236 1813; x_wconf 88' lang='lat' dir='ltr'>debemus</span> <span class='ocrx_word' id='word_1_428' title='bbox 3262 1764 3598 1824; x_wconf 79' lang='lat' dir='ltr'>advertere,</span> <span class='ocrx_word' id='word_1_429' title='bbox 3617 1765 3798 1815; x_wconf 66' lang='lat' dir='ltr'>eadm</span> 
     </span>
    </p>
   </div>
   <div class='ocr_carea' id='block_1_62' title="bbox 2196 1833 3794 1899">
    <p class='ocr_par' dir='ltr' id='par_1_62' title="bbox 2196 1833 3794 1899">
     <span class='ocr_line' id='line_1_62' title="bbox 2196 1833 3794 1899; baseline -0.001 -15"><span class='ocrx_word' id='word_1_430' title='bbox 2196 1846 2425 1897; x_wconf 91' lang='lat' dir='ltr'>quoque</span> <span class='ocrx_word' id='word_1_431' title='bbox 2444 1833 2517 1884; x_wconf 87' lang='lat' dir='ltr'>ad</span> <span class='ocrx_word' id='word_1_432' title='bbox 2541 1834 2865 1885; x_wconf 89' lang='lat' dir='ltr'>futurorum</span> <span class='ocrx_word' id='word_1_433' title='bbox 2889 1833 3380 1897; x_wconf 79' lang='lat' dir='ltr'>signiﬁcationem</span> <span class='ocrx_word' id='word_1_434' title='bbox 3408 1834 3625 1899; x_wconf 81' lang='lat' dir='ltr'>valere,</span> <span class='ocrx_word' id='word_1_435' title='bbox 3643 1851 3794 1884; x_wconf 65' lang='lat' dir='ltr'>corus.</span> 
     </span>
    </p>
   </div>
   <div class='ocr_carea' id='block_1_63' title="bbox 2195 1904 3798 1969">
    <p class='ocr_par' dir='ltr' id='par_1_63' title="bbox 2195 1904 3798 1969">
     <span class='ocr_line' id='line_1_63' title="bbox 2195 1904 3798 1969; baseline 0.001 -13"><span class='ocrx_word' id='word_1_436' title='bbox 2195 1905 2460 1956; x_wconf 72' lang='lat' dir='ltr'>videlicet</span> <span class='ocrx_word' id='word_1_437' title='bbox 2473 1909 2815 1969; x_wconf 89' lang='lat' dir='ltr'>temporum,</span> <span class='ocrx_word' id='word_1_438' title='bbox 2827 1905 2884 1954; x_wconf 90' lang='lat' dir='ltr'>in</span> <span class='ocrx_word' id='word_1_439' title='bbox 2902 1904 3116 1966; x_wconf 86' lang='lat' dir='ltr'>quibus</span> <span class='ocrx_word' id='word_1_440' title='bbox 3140 1906 3172 1955; x_wconf 84' lang='lat' dir='ltr'><strong>J</strong></span> <span class='ocrx_word' id='word_1_441' title='bbox 3181 1904 3338 1956; x_wconf 69' lang='lat' dir='ltr'>udaai</span> <span class='ocrx_word' id='word_1_442' title='bbox 3363 1905 3798 1957; x_wconf 79' lang='lat' dir='ltr'>sceleratissime</span> 
     </span>
    </p>
   </div>
   <div class='ocr_carea' id='block_1_64' title="bbox 2190 1975 3794 2040">
    <p class='ocr_par' dir='ltr' id='par_1_64' title="bbox 2190 1975 3794 2040">
     <span class='ocr_line' id='line_1_64' title="bbox 2190 1975 3794 2040; baseline 0.001 -14"><span class='ocrx_word' id='word_1_443' title='bbox 2190 1982 2511 2039; x_wconf 88' lang='lat' dir='ltr'>peccantes,</span> <span class='ocrx_word' id='word_1_444' title='bbox 2536 1975 2878 2039; x_wconf 82' lang='lat' dir='ltr'>gravissime</span> <span class='ocrx_word' id='word_1_445' title='bbox 2893 1975 3297 2026; x_wconf 90' lang='lat' dir='ltr'>conciderunt.</span> <span class='ocrx_word' id='word_1_446' title='bbox 3318 1977 3648 2040; x_wconf 84' lang='lat' dir='ltr'>Postquam</span> <span class='ocrx_word' id='word_1_447' title='bbox 3663 1979 3794 2028; x_wconf 84' lang='lat' dir='ltr'>enim</span> 
     </span>
    </p>
   </div>
   <div class='ocr_carea' id='block_1_65' title="bbox 2193 2046 3797 2113">
    <p class='ocr_par' dir='ltr' id='par_1_65' title="bbox 2193 2046 3797 2113">
     <span class='ocr_line' id='line_1_65' title="bbox 2193 2046 3797 2113; baseline 0 -14"><span class='ocrx_word' id='word_1_448' title='bbox 2193 2049 2360 2100; x_wconf 84' lang='lat' dir='ltr'>vinea</span> <span class='ocrx_word' id='word_1_449' title='bbox 2382 2046 2492 2107; x_wconf 85' lang='lat' dir='ltr'>illa,</span> <span class='ocrx_word' id='word_1_450' title='bbox 2525 2059 2658 2108; x_wconf 65' lang='lat' dir='ltr'>qua:</span> <span class='ocrx_word' id='word_1_451' title='bbox 2693 2049 3052 2097; x_wconf 84' lang='lat' dir='ltr'>translataex</span> <span class='ocrx_word' id='word_1_452' title='bbox 3077 2048 3509 2111; x_wconf 70' lang='lat' dir='ltr'>EgyptoUsai.</span> <span class='ocrx_word' id='word_1_453' title='bbox 3534 2048 3626 2112; x_wconf 84' lang='lat'>5.).</span> <span class='ocrx_word' id='word_1_454' title='bbox 3653 2049 3797 2113; x_wconf 64' lang='lat' dir='ltr'>plan-</span> 
     </span>
    </p>
   </div>
   <div class='ocr_carea' id='block_1_66' title="bbox 2192 2118 3788 2184">
    <p class='ocr_par' dir='ltr' id='par_1_66' title="bbox 2192 2118 3788 2184">
     <span class='ocr_line' id='line_1_66' title="bbox 2192 2118 3788 2184; baseline 0 -14"><span class='ocrx_word' id='word_1_455' title='bbox 2192 2123 2310 2170; x_wconf 81' lang='lat' dir='ltr'>tata</span> <span class='ocrx_word' id='word_1_456' title='bbox 2347 2124 2438 2169; x_wconf 89' lang='lat' dir='ltr'>est</span> <span class='ocrx_word' id='word_1_457' title='bbox 2472 2120 2530 2168; x_wconf 91' lang='lat' dir='ltr'>in</span> <span class='ocrx_word' id='word_1_458' title='bbox 2554 2118 2883 2181; x_wconf 82' lang='lat' dir='ltr'>regionibus</span> <span class='ocrx_word' id='word_1_459' title='bbox 2906 2118 3136 2181; x_wconf 83' lang='lat' dir='ltr'>opimis,</span> <span class='ocrx_word' id='word_1_460' title='bbox 3162 2123 3222 2169; x_wconf 90' lang='lat' dir='ltr'>et</span> <span class='ocrx_word' id='word_1_461' title='bbox 3249 2118 3552 2171; x_wconf 68' lang='lat' dir='ltr'>mdiﬁcato</span> <span class='ocrx_word' id='word_1_462' title='bbox 3581 2128 3685 2172; x_wconf 62' lang='lat' dir='ltr'>tes:</span> <span class='ocrx_word' id='word_1_463' title='bbox 3697 2121 3788 2184; x_wconf 84' lang='lat' dir='ltr'>pio,</span> 
     </span>
    </p>
   </div>
   <div class='ocr_carea' id='block_1_67' title="bbox 2193 2189 3792 2256">
    <p class='ocr_par' dir='ltr' id='par_1_67' title="bbox 2193 2189 3792 2256">
     <span class='ocr_line' id='line_1_67' title="bbox 2193 2189 3792 2256; baseline 0 -15"><span class='ocrx_word' id='word_1_464' title='bbox 2193 2193 2439 2242; x_wconf 86' lang='lat' dir='ltr'>torcular</span> <span class='ocrx_word' id='word_1_465' title='bbox 2463 2189 2609 2240; x_wconf 83' lang='lat' dir='ltr'>sacri</span> <span class='ocrx_word' id='word_1_466' title='bbox 2631 2189 2825 2240; x_wconf 88' lang='lat' dir='ltr'>altaris</span> <span class='ocrx_word' id='word_1_467' title='bbox 2849 2189 3092 2252; x_wconf 90' lang='lat' dir='ltr'>accepit,</span> <span class='ocrx_word' id='word_1_468' title='bbox 3113 2195 3642 2256; x_wconf 84' lang='lat' dir='ltr'>expectataque,ut</span> <span class='ocrx_word' id='word_1_469' title='bbox 3665 2191 3792 2241; x_wconf 79' lang='lat' dir='ltr'>face-</span> 
     </span>
    </p>
   </div>
   <div class='ocr_carea' id='block_1_68' title="bbox 2193 2261 3792 2325">
    <p class='ocr_par' dir='ltr' id='par_1_68' title="bbox 2193 2261 3792 2325">
     <span class='ocr_line' id='line_1_68' title="bbox 2193 2261 3792 2325; baseline 0 -11"><span class='ocrx_word' id='word_1_470' title='bbox 2193 2269 2280 2314; x_wconf 89' lang='lat' dir='ltr'>ret</span> <span class='ocrx_word' id='word_1_471' title='bbox 2306 2274 2468 2324; x_wconf 87' lang='lat' dir='ltr'>uvas,</span> <span class='ocrx_word' id='word_1_472' title='bbox 2495 2261 2622 2312; x_wconf 91' lang='lat' dir='ltr'>fecit</span> <span class='ocrx_word' id='word_1_473' title='bbox 2650 2261 2868 2324; x_wconf 82' lang='lat' dir='ltr'>spinas,</span> <span class='ocrx_word' id='word_1_474' title='bbox 2893 2265 2950 2311; x_wconf 88' lang='lat' dir='ltr'>et</span> <span class='ocrx_word' id='word_1_475' title='bbox 2972 2274 3092 2312; x_wconf 92' lang='lat' dir='ltr'>non</span> <span class='ocrx_word' id='word_1_476' title='bbox 3111 2261 3438 2325; x_wconf 88' lang='lat' dir='ltr'>justitiam,</span> <span class='ocrx_word' id='word_1_477' title='bbox 3469 2264 3574 2314; x_wconf 87' lang='lat' dir='ltr'>sed</span> <span class='ocrx_word' id='word_1_478' title='bbox 3603 2263 3792 2314; x_wconf 86' lang='lat' dir='ltr'>clamo-</span> 
     </span>
    </p>
   </div>
   <div class='ocr_carea' id='block_1_69' title="bbox 2191 2333 3790 2398">
    <p class='ocr_par' dir='ltr' id='par_1_69' title="bbox 2191 2333 3790 2398">
     <span class='ocr_line' id='line_1_69' title="bbox 2191 2333 3790 2398; baseline 0 -14"><span class='ocrx_word' id='word_1_479' title='bbox 2191 2334 2424 2396; x_wconf 84' lang='lat' dir='ltr'>rein,ita</span> <span class='ocrx_word' id='word_1_480' title='bbox 2450 2339 2511 2384; x_wconf 92' lang='lat' dir='ltr'>ut</span> <span class='ocrx_word' id='word_1_481' title='bbox 2526 2335 2776 2384; x_wconf 86' lang='lat' dir='ltr'>cultores</span> <span class='ocrx_word' id='word_1_482' title='bbox 2799 2333 3001 2396; x_wconf 78' lang='lat' dir='ltr'>ejusin</span> <span class='ocrx_word' id='word_1_483' title='bbox 3017 2335 3210 2396; x_wconf 88' lang='lat' dir='ltr'>ipsum</span> <span class='ocrx_word' id='word_1_484' title='bbox 3226 2333 3421 2384; x_wconf 87' lang='lat' dir='ltr'>lilium</span> <span class='ocrx_word' id='word_1_485' title='bbox 3449 2336 3629 2398; x_wconf 79' lang='lat' dir='ltr'>patris</span> <span class='ocrx_word' id='word_1_486' title='bbox 3652 2336 3790 2386; x_wconf 76' lang='lat' dir='ltr'>fam;-</span> 
     </span>
    </p>
   </div>
   <div class='ocr_carea' id='block_1_70' title="bbox 2191 2403 3789 2470">
    <p class='ocr_par' dir='ltr' id='par_1_70' title="bbox 2191 2403 3789 2470">
     <span class='ocr_line' id='line_1_70' title="bbox 2191 2403 3789 2470; baseline 0 -13"><span class='ocrx_word' id='word_1_487' title='bbox 2191 2405 2523 2457; x_wconf 83' lang='lat' dir='ltr'>iiaseti‘erati</span> <span class='ocrx_word' id='word_1_488' title='bbox 2545 2407 2732 2467; x_wconf 81' lang='lat' dir='ltr'>(Marc.</span> <span class='ocrx_word' id='word_1_489' title='bbox 2761 2403 2844 2457; x_wconf 71' lang='lat'>12.</span> <span class='ocrx_word' id='word_1_490' title='bbox 2869 2405 2992 2454; x_wconf 82' lang='lat' dir='ltr'>Luc.</span> <span class='ocrx_word' id='word_1_491' title='bbox 3020 2405 3131 2468; x_wconf 72' lang='lat'>20),</span> <span class='ocrx_word' id='word_1_492' title='bbox 3166 2405 3484 2456; x_wconf 85' lang='lat' dir='ltr'>crederent</span> <span class='ocrx_word' id='word_1_493' title='bbox 3519 2420 3582 2457; x_wconf 78' lang='lat' dir='ltr'>se</span> <span class='ocrx_word' id='word_1_494' title='bbox 3595 2407 3789 2470; x_wconf 84' lang='lat' dir='ltr'>absque</span> 
     </span>
    </p>
   </div>
   <div class='ocr_carea' id='block_1_71' title="bbox 2193 2473 3789 2542">
    <p class='ocr_par' dir='ltr' id='par_1_71' title="bbox 2193 2473 3789 2542">
     <span class='ocr_line' id='line_1_71' title="bbox 2193 2473 3789 2542; baseline 0 -14"><span class='ocrx_word' id='word_1_495' title='bbox 2193 2481 2456 2528; x_wconf 81' lang='lat' dir='ltr'>molestia</span> <span class='ocrx_word' id='word_1_496' title='bbox 2471 2477 2751 2539; x_wconf 88' lang='lat' dir='ltr'>reliquum</span> <span class='ocrx_word' id='word_1_497' title='bbox 2779 2473 2893 2541; x_wconf 89' lang='lat'><strong>55</strong></span> <span class='ocrx_word' id='word_1_498' title='bbox 2909 2474 2928 2542; x_wconf 91' lang='lat'>|</span> <span class='ocrx_word' id='word_1_499' title='bbox 2967 2489 3096 2527; x_wconf 82' lang='lat' dir='ltr'>esse</span> <span class='ocrx_word' id='word_1_500' title='bbox 3114 2479 3414 2538; x_wconf 81' lang='lat' dir='ltr'>tentums,</span> <span class='ocrx_word' id='word_1_501' title='bbox 3427 2477 3589 2540; x_wconf 88' lang='lat' dir='ltr'>quod</span> <span class='ocrx_word' id='word_1_502' title='bbox 3603 2481 3789 2528; x_wconf 66' lang='lat' dir='ltr'>cumiu-</span> 
     </span>
    </p>
   </div>
   <div class='ocr_carea' id='block_1_72' title="bbox 2193 2547 3786 2613">
    <p class='ocr_par' dir='ltr' id='par_1_72' title="bbox 2193 2547 3786 2613">
     <span class='ocr_line' id='line_1_72' title="bbox 2193 2547 3786 2613; baseline 0 -15"><span class='ocrx_word' id='word_1_503' title='bbox 2193 2549 2378 2613; x_wconf 79' lang='lat' dir='ltr'>gitimi</span> <span class='ocrx_word' id='word_1_504' title='bbox 2399 2548 2645 2599; x_wconf 56' lang='lat' dir='ltr'>hatredls</span> <span class='ocrx_word' id='word_1_505' title='bbox 2669 2547 2906 2598; x_wconf 79' lang='lat' dir='ltr'>interitu</span> <span class='ocrx_word' id='word_1_506' title='bbox 2923 2550 3290 2608; x_wconf 84' lang='lat' dir='ltr'>pervasissent,</span> <span class='ocrx_word' id='word_1_507' title='bbox 3305 2549 3538 2597; x_wconf 79' lang='lat' dir='ltr'>Juravit</span> <span class='ocrx_word' id='word_1_508' title='bbox 3551 2550 3786 2598; x_wconf 60' lang='lat' dir='ltr'>Domuum</span> 
     </span>
    </p>
   </div>
   <div class='ocr_carea' id='block_1_73' title="bbox 2194 2617 3784 2684">
    <p class='ocr_par' dir='ltr' id='par_1_73' title="bbox 2194 2617 3784 2684">
     <span class='ocr_line' id='line_1_73' title="bbox 2194 2617 3784 2684; baseline -0.001 -16"><span class='ocrx_word' id='word_1_509' title='bbox 2194 2623 2332 2669; x_wconf 81' lang='lat' dir='ltr'>Deus</span> <span class='ocrx_word' id='word_1_510' title='bbox 2364 2621 2425 2667; x_wconf 84' lang='lat' dir='ltr'>in</span> <span class='ocrx_word' id='word_1_511' title='bbox 2466 2619 2776 2683; x_wconf 80' lang='lat' dir='ltr'>superbiam</span> <span class='ocrx_word' id='word_1_512' title='bbox 2818 2617 2998 2678; x_wconf 84' lang='lat' dir='ltr'>Jacob,</span> <span class='ocrx_word' id='word_1_513' title='bbox 3037 2618 3084 2665; x_wconf 80' lang='lat' dir='ltr'>si</span> <span class='ocrx_word' id='word_1_514' title='bbox 3123 2617 3326 2666; x_wconf 70' lang='lat' dir='ltr'>oblitus</span> <span class='ocrx_word' id='word_1_515' title='bbox 3362 2619 3526 2680; x_wconf 80' lang='lat' dir='ltr'>fuero</span> <span class='ocrx_word' id='word_1_516' title='bbox 3553 2621 3784 2684; x_wconf 71' lang='lat' dir='ltr'>usquead</span> 
     </span>
    </p>
   </div>
   <div class='ocr_carea' id='block_1_74' title="bbox 2191 2694 3786 2754">
    <p class='ocr_par' dir='ltr' id='par_1_74' title="bbox 2191 2694 3786 2754">
     <span class='ocr_line' id='line_1_74' title="bbox 2191 2694 3786 2754; baseline -0.001 -16"><span class='ocrx_word' id='word_1_517' title='bbox 2191 2695 2356 2753; x_wconf 76' lang='lat' dir='ltr'>ﬁnem</span> <span class='ocrx_word' id='word_1_518' title='bbox 2380 2705 2568 2740; x_wconf 81' lang='lat' dir='ltr'>omnia</span> <span class='ocrx_word' id='word_1_519' title='bbox 2586 2704 2749 2754; x_wconf 87' lang='lat' dir='ltr'>opera</span> <span class='ocrx_word' id='word_1_520' title='bbox 2772 2704 2958 2737; x_wconf 78' lang='lat' dir='ltr'>eorum</span> <span class='ocrx_word' id='word_1_521' title='bbox 2976 2701 3225 2752; x_wconf 85' lang='lat' dir='ltr'>quorum</span> <span class='ocrx_word' id='word_1_522' title='bbox 3241 2694 3414 2740; x_wconf 79' lang='lat' dir='ltr'>tanta</span> <span class='ocrx_word' id='word_1_523' title='bbox 3439 2699 3674 2742; x_wconf 79' lang='lat' dir='ltr'>emersit</span> <span class='ocrx_word' id='word_1_524' title='bbox 3687 2701 3786 2739; x_wconf 64' lang='lat' dir='ltr'>ala-</span> 
     </span>
    </p>
   </div>
   <div class='ocr_carea' id='block_1_75' title="bbox 2193 2763 3783 2824">
    <p class='ocr_par' dir='ltr' id='par_1_75' title="bbox 2193 2763 3783 2824">
     <span class='ocr_line' id='line_1_75' title="bbox 2193 2763 3783 2824; baseline -0.001 -11"><span class='ocrx_word' id='word_1_525' title='bbox 2193 2764 2357 2824; x_wconf 87' lang='lat' dir='ltr'>citas,</span> <span class='ocrx_word' id='word_1_526' title='bbox 2385 2769 2450 2812; x_wconf 90' lang='lat' dir='ltr'>ut</span> <span class='ocrx_word' id='word_1_527' title='bbox 2481 2763 2606 2824; x_wconf 89' lang='lat' dir='ltr'>ipsa</span> <span class='ocrx_word' id='word_1_528' title='bbox 2626 2769 2770 2812; x_wconf 90' lang='lat' dir='ltr'>terra</span> <span class='ocrx_word' id='word_1_529' title='bbox 2805 2773 3006 2811; x_wconf 89' lang='lat' dir='ltr'>eorum</span> <span class='ocrx_word' id='word_1_530' title='bbox 3044 2765 3420 2823; x_wconf 86' lang='lat' dir='ltr'>moveretur,</span> <span class='ocrx_word' id='word_1_531' title='bbox 3457 2775 3527 2813; x_wconf 86' lang='lat' dir='ltr'>ac</span> <span class='ocrx_word' id='word_1_532' title='bbox 3559 2766 3783 2813; x_wconf 80' lang='lat' dir='ltr'>medium</span> 
     </span>
    </p>
   </div>
   <div class='ocr_carea' id='block_1_76' title="bbox 2194 2831 3784 2898">
    <p class='ocr_par' dir='ltr' id='par_1_76' title="bbox 2194 2831 3784 2898">
     <span class='ocr_line' id='line_1_76' title="bbox 2194 2831 3784 2898; baseline -0.001 -13"><span class='ocrx_word' id='word_1_533' title='bbox 2194 2835 2346 2885; x_wconf 90' lang='lat' dir='ltr'>diem</span> <span class='ocrx_word' id='word_1_534' title='bbox 2371 2832 2628 2896; x_wconf 81' lang='lat' dir='ltr'>lugubris</span> <span class='ocrx_word' id='word_1_535' title='bbox 2654 2833 2900 2882; x_wconf 83' lang='lat' dir='ltr'>auferret</span> <span class='ocrx_word' id='word_1_536' title='bbox 2923 2831 3270 2882; x_wconf 80' lang='lat' dir='ltr'>obscuritas.</span> <span class='ocrx_word' id='word_1_537' title='bbox 3314 2835 3500 2884; x_wconf 70' lang='lat' dir='ltr'>Sexta</span> <span class='ocrx_word' id='word_1_538' title='bbox 3530 2835 3784 2898; x_wconf 81' lang='lat' dir='ltr'>siquidem</span> 
     </span>
    </p>
   </div>
   <div class='ocr_carea' id='block_1_77' title="bbox 2195 2902 3784 2966">
    <p class='ocr_par' dir='ltr' id='par_1_77' title="bbox 2195 2902 3784 2966">
     <span class='ocr_line' id='line_1_77' title="bbox 2195 2902 3784 2966; baseline -0.003 -11"><span class='ocrx_word' id='word_1_539' title='bbox 2195 2905 2334 2956; x_wconf 81' lang='lat' dir='ltr'>liora</span> <span class='ocrx_word' id='word_1_540' title='bbox 2351 2905 2597 2955; x_wconf 61' lang='lat' dir='ltr'>tenebrae</span> <span class='ocrx_word' id='word_1_541' title='bbox 2622 2902 2787 2954; x_wconf 74' lang='lat' dir='ltr'>factm</span> <span class='ocrx_word' id='word_1_542' title='bbox 2811 2913 2949 2952; x_wconf 85' lang='lat' dir='ltr'>sunt</span> <span class='ocrx_word' id='word_1_543' title='bbox 2964 2913 3156 2964; x_wconf 89' lang='lat' dir='ltr'>usque</span> <span class='ocrx_word' id='word_1_544' title='bbox 3179 2903 3256 2953; x_wconf 87' lang='lat' dir='ltr'>ab</span> <span class='ocrx_word' id='word_1_545' title='bbox 3269 2902 3484 2954; x_wconf 87' lang='lat' dir='ltr'>boram</span> <span class='ocrx_word' id='word_1_546' title='bbox 3497 2917 3784 2966; x_wconf 50' lang='lat' dir='ltr'>nomamm</span> 
     </span>
    </p>
   </div>
   <div class='ocr_carea' id='block_1_78' title="bbox 2195 2973 3784 3038">
    <p class='ocr_par' dir='ltr' id='par_1_78' title="bbox 2195 2973 3784 3038">
     <span class='ocr_line' id='line_1_78' title="bbox 2195 2973 3784 3038; baseline -0.001 -11"><span class='ocrx_word' id='word_1_547' title='bbox 2195 2981 2340 3027; x_wconf 87' lang='lat' dir='ltr'>terra</span> <span class='ocrx_word' id='word_1_548' title='bbox 2365 2979 2520 3025; x_wconf 85' lang='lat' dir='ltr'>mota</span> <span class='ocrx_word' id='word_1_549' title='bbox 2552 2979 2660 3036; x_wconf 89' lang='lat' dir='ltr'>est,</span> <span class='ocrx_word' id='word_1_550' title='bbox 2687 2978 2859 3037; x_wconf 75' lang='lat' dir='ltr'>petrae</span> <span class='ocrx_word' id='word_1_551' title='bbox 2885 2973 3087 3024; x_wconf 64' lang='lat' dir='ltr'>scissae</span> <span class='ocrx_word' id='word_1_552' title='bbox 3123 2978 3269 3023; x_wconf 88' lang='lat' dir='ltr'>sunt</span> <span class='ocrx_word' id='word_1_553' title='bbox 3311 2975 3536 3038; x_wconf 77' lang='lat' dir='ltr'>(Matth.</span> <span class='ocrx_word' id='word_1_554' title='bbox 3559 2975 3682 3038; x_wconf 55' lang='grc' dir='ltr'>εἰ),</span> <span class='ocrx_word' id='word_1_555' title='bbox 3703 2979 3784 3027; x_wconf 87' lang='lat' dir='ltr'>sic-</span> 
     </span>
    </p>
   </div>
   <div class='ocr_carea' id='block_1_79' title="bbox 2195 3043 3780 3113">
    <p class='ocr_par' dir='ltr' id='par_1_79' title="bbox 2195 3043 3780 3113">
     <span class='ocr_line' id='line_1_79' title="bbox 2195 3043 3780 3113; baseline -0.001 -12"><span class='ocrx_word' id='word_1_556' title='bbox 2195 3062 2308 3113; x_wconf 87' lang='lat' dir='ltr'>que</span> <span class='ocrx_word' id='word_1_557' title='bbox 2337 3047 2680 3098; x_wconf 70' lang='lat' dir='ltr'>t‘estivntates</span> <span class='ocrx_word' id='word_1_558' title='bbox 2706 3057 2904 3096; x_wconf 88' lang='lat' dir='ltr'>eorum</span> <span class='ocrx_word' id='word_1_559' title='bbox 2935 3045 2996 3094; x_wconf 91' lang='lat' dir='ltr'>in</span> <span class='ocrx_word' id='word_1_560' title='bbox 3029 3043 3276 3108; x_wconf 88' lang='lat' dir='ltr'>luctum,</span> <span class='ocrx_word' id='word_1_561' title='bbox 3305 3051 3368 3096; x_wconf 90' lang='lat' dir='ltr'>et</span> <span class='ocrx_word' id='word_1_562' title='bbox 3416 3047 3480 3098; x_wconf 89' lang='lat' dir='ltr'>in</span> <span class='ocrx_word' id='word_1_563' title='bbox 3525 3048 3780 3112; x_wconf 83' lang='lat' dir='ltr'>planctum</span> 
     </span>
    </p>
   </div>
   <div class='ocr_carea' id='block_1_80' title="bbox 2195 3115 3782 3181">
    <p class='ocr_par' dir='ltr' id='par_1_80' title="bbox 2195 3115 3782 3181">
     <span class='ocr_line' id='line_1_80' title="bbox 2195 3115 3782 3181; baseline -0.004 -7"><span class='ocrx_word' id='word_1_564' title='bbox 2195 3121 2418 3173; x_wconf 83' lang='lat' dir='ltr'>cantica</span> <span class='ocrx_word' id='word_1_565' title='bbox 2442 3123 2845 3181; x_wconf 88' lang='lat' dir='ltr'>pervenerunt,</span> <span class='ocrx_word' id='word_1_566' title='bbox 2884 3121 3059 3178; x_wconf 88' lang='lat' dir='ltr'>atque</span> <span class='ocrx_word' id='word_1_567' title='bbox 3089 3115 3416 3178; x_wconf 85' lang='lat' dir='ltr'>impiorum</span> <span class='ocrx_word' id='word_1_568' title='bbox 3453 3119 3630 3170; x_wconf 86' lang='lat' dir='ltr'>dorsa</span> <span class='ocrx_word' id='word_1_569' title='bbox 3648 3132 3782 3170; x_wconf 77' lang='lat' dir='ltr'>sacco</span> 
     </span>
    </p>
   </div>
   <div class='ocr_carea' id='block_1_81' title="bbox 2195 3187 3782 3252">
    <p class='ocr_par' dir='ltr' id='par_1_81' title="bbox 2195 3187 3782 3252">
     <span class='ocr_line' id='line_1_81' title="bbox 2195 3187 3782 3252; baseline -0.003 -6"><span class='ocrx_word' id='word_1_570' title='bbox 2195 3199 2345 3246; x_wconf 86' lang='lat' dir='ltr'>tecta</span> <span class='ocrx_word' id='word_1_571' title='bbox 2357 3194 2510 3250; x_wconf 86' lang='lat' dir='ltr'>sunt,</span> <span class='ocrx_word' id='word_1_572' title='bbox 2528 3194 2587 3240; x_wconf 92' lang='lat' dir='ltr'>et</span> <span class='ocrx_word' id='word_1_573' title='bbox 2602 3188 2786 3252; x_wconf 79' lang='lat' dir='ltr'>capita</span> <span class='ocrx_word' id='word_1_574' title='bbox 2807 3199 3040 3238; x_wconf 88' lang='lat' dir='ltr'>sensere</span> <span class='ocrx_word' id='word_1_575' title='bbox 3055 3187 3374 3238; x_wconf 69' lang='lat' dir='ltr'>cali/icium</span> <span class='ocrx_word' id='word_1_576' title='bbox 3395 3202 3410 3237; x_wconf 90' lang='lat'>:</span> <span class='ocrx_word' id='word_1_577' title='bbox 3426 3192 3782 3242; x_wconf 79' lang='lat' dir='ltr'>venientibus-</span> 
     </span>
    </p>
   </div>
   <div class='ocr_carea' id='block_1_82' title="bbox 483 3255 3778 3349">
    <p class='ocr_par' dir='ltr' id='par_1_82' title="bbox 483 3255 3778 3349">
     <span class='ocr_line' id='line_1_82' title="bbox 483 3255 3778 3349; baseline 0.001 -38"><span class='ocrx_word' id='word_1_578' title='bbox 483 3262 625 3312; x_wconf 87' lang='lat' dir='ltr'>obid</span> <span class='ocrx_word' id='word_1_579' title='bbox 644 3263 777 3324; x_wconf 88' lang='lat' dir='ltr'>quia</span> <span class='ocrx_word' id='word_1_580' title='bbox 799 3260 1005 3322; x_wconf 87' lang='lat' dir='ltr'>ipseab</span> <span class='ocrx_word' id='word_1_581' title='bbox 1040 3255 1215 3324; x_wconf 86' lang='lat'>550</span> <span class='ocrx_word' id='word_1_582' title='bbox 1243 3259 1632 3349; x_wconf 74' lang='lat' dir='ltr'>omnipotente</span> <span class='ocrx_word' id='word_1_583' title='bbox 1651 3264 1893 3349; x_wconf 69' lang='lat' dir='ltr'>Domino</span> <span class='ocrx_word' id='word_1_584' title='bbox 1916 3255 2088 3315; x_wconf 48' lang='lat' dir='ltr'>mere;</span> <span class='ocrx_word' id='word_1_585' title='bbox 2116 3275 2164 3349; x_wconf 67' lang='grc' dir='ltr'><strong>ρ</strong></span> <span class='ocrx_word' id='word_1_586' title='bbox 2191 3281 2302 3332; x_wconf 85' lang='lat' dir='ltr'>que</span> <span class='ocrx_word' id='word_1_587' title='bbox 2325 3265 2382 3314; x_wconf 90' lang='lat' dir='ltr'>in</span> <span class='ocrx_word' id='word_1_588' title='bbox 2409 3257 2906 3349; x_wconf 54' lang='lat' dir='ltr'>ultionenipiacuii</span> <span class='ocrx_word' id='word_1_589' title='bbox 2921 3259 3594 3349; x_wconf 53' lang='lat' dir='ltr'>gentibus,&#39;:l_erusalem</span> <span class='ocrx_word' id='word_1_590' title='bbox 3607 3268 3688 3312; x_wconf 81' lang='lat' dir='ltr'>est</span> <span class='ocrx_word' id='word_1_591' title='bbox 3703 3264 3778 3349; x_wconf 70' lang='lat' dir='ltr'>cb-</span> 
     </span>
    </p>
   </div>
   <div class='ocr_carea' id='block_1_83' title="bbox 481 3329 2074 3395">
    <p class='ocr_par' dir='ltr' id='par_1_83' title="bbox 481 3329 2074 3395">
     <span class='ocr_line' id='line_1_83' title="bbox 481 3329 2074 3395; baseline 0.003 -13"><span class='ocrx_word' id='word_1_592' title='bbox 481 3337 637 3384; x_wconf 90' lang='lat' dir='ltr'>retur</span> <span class='ocrx_word' id='word_1_593' title='bbox 661 3332 870 3395; x_wconf 88' lang='lat' dir='ltr'>repelli,</span> <span class='ocrx_word' id='word_1_594' title='bbox 891 3335 1064 3380; x_wconf 84' lang='lat' dir='ltr'>etiam</span> <span class='ocrx_word' id='word_1_595' title='bbox 1088 3343 1148 3379; x_wconf 82' lang='lat' dir='ltr'>in</span> <span class='ocrx_word' id='word_1_596' title='bbox 1170 3329 1439 3392; x_wconf 63' lang='lat' dir='ltr'>praesenti</span> <span class='ocrx_word' id='word_1_597' title='bbox 1460 3332 1584 3382; x_wconf 91' lang='lat' dir='ltr'>loco</span> <span class='ocrx_word' id='word_1_598' title='bbox 1600 3334 1710 3382; x_wconf 90' lang='lat' dir='ltr'>sub</span> <span class='ocrx_word' id='word_1_599' title='bbox 1733 3333 2074 3386; x_wconf 90' lang='lat' dir='ltr'>denuntiatu</span> 
     </span>
    </p>
   </div>
   <div class='ocr_carea' id='block_1_84' title="bbox 479 3401 2076 3470">
    <p class='ocr_par' dir='ltr' id='par_1_84' title="bbox 479 3401 2076 3470">
     <span class='ocr_line' id='line_1_84' title="bbox 479 3401 2076 3470; baseline 0.001 -15"><span class='ocrx_word' id='word_1_600' title='bbox 479 3416 672 3468; x_wconf 69' lang='lat' dir='ltr'>pcenaa</span> <span class='ocrx_word' id='word_1_601' title='bbox 695 3404 847 3453; x_wconf 88' lang='lat' dir='ltr'>idem</span> <span class='ocrx_word' id='word_1_602' title='bbox 865 3401 1080 3452; x_wconf 89' lang='lat' dir='ltr'>crimen</span> <span class='ocrx_word' id='word_1_603' title='bbox 1105 3401 1388 3464; x_wconf 77' lang='lat' dir='ltr'>objicitur,</span> <span class='ocrx_word' id='word_1_604' title='bbox 1415 3408 1479 3453; x_wconf 90' lang='lat' dir='ltr'>ut</span> <span class='ocrx_word' id='word_1_605' title='bbox 1501 3404 1600 3464; x_wconf 91' lang='lat' dir='ltr'>qui</span> <span class='ocrx_word' id='word_1_606' title='bbox 1643 3406 1868 3466; x_wconf 87' lang='lat' dir='ltr'>pietatis</span> <span class='ocrx_word' id='word_1_607' title='bbox 1894 3409 2076 3470; x_wconf 84' lang='lat' dir='ltr'>magi-</span> 
     </span>
    </p>
   </div>
   <div class='ocr_carea' id='block_1_85' title="bbox 481 3473 2074 3538">
    <p class='ocr_par' dir='ltr' id='par_1_85' title="bbox 481 3473 2074 3538">
     <span class='ocr_line' id='line_1_85' title="bbox 481 3473 2074 3538; baseline 0.003 -14"><span class='ocrx_word' id='word_1_608' title='bbox 481 3481 632 3526; x_wconf 89' lang='lat' dir='ltr'>stros</span> <span class='ocrx_word' id='word_1_609' title='bbox 650 3474 858 3524; x_wconf 81' lang='lat' dir='ltr'>studiis</span> <span class='ocrx_word' id='word_1_610' title='bbox 879 3477 1100 3522; x_wconf 84' lang='lat' dir='ltr'>fuerant</span> <span class='ocrx_word' id='word_1_611' title='bbox 1123 3473 1484 3536; x_wconf 86' lang='lat' dir='ltr'>profanitatis</span> <span class='ocrx_word' id='word_1_612' title='bbox 1510 3477 1689 3532; x_wconf 82' lang='lat' dir='ltr'>exosi,</span> <span class='ocrx_word' id='word_1_613' title='bbox 1719 3481 2001 3538; x_wconf 86' lang='lat' dir='ltr'>quantum</span> <span class='ocrx_word' id='word_1_614' title='bbox 2017 3479 2074 3528; x_wconf 92' lang='lat' dir='ltr'>in</span> 
     </span>
    </p>
   </div>
   <div class='ocr_carea' id='block_1_86' title="bbox 479 3545 2078 3610">
    <p class='ocr_par' dir='ltr' id='par_1_86' title="bbox 479 3545 2078 3610">
     <span class='ocr_line' id='line_1_86' title="bbox 479 3545 2078 3610; baseline 0.003 -14"><span class='ocrx_word' id='word_1_615' title='bbox 479 3546 721 3596; x_wconf 82' lang='lat' dir='ltr'>exitium</span> <span class='ocrx_word' id='word_1_616' title='bbox 747 3556 920 3594; x_wconf 90' lang='lat' dir='ltr'>suum</span> <span class='ocrx_word' id='word_1_617' title='bbox 945 3545 1344 3604; x_wconf 86' lang='lat' dir='ltr'>laboraverint,</span> <span class='ocrx_word' id='word_1_618' title='bbox 1370 3551 1714 3607; x_wconf 85' lang='lat' dir='ltr'>agnoscant:</span> <span class='ocrx_word' id='word_1_619' title='bbox 1732 3550 1832 3610; x_wconf 91' lang='lat' dir='ltr'>qui</span> <span class='ocrx_word' id='word_1_620' title='bbox 1855 3550 1963 3600; x_wconf 87' lang='lat' dir='ltr'>hoc</span> <span class='ocrx_word' id='word_1_621' title='bbox 1993 3551 2078 3600; x_wconf 89' lang='lat' dir='ltr'>vi-</span> 
     </span>
    </p>
   </div>
   <div class='ocr_carea' id='block_1_87' title="bbox 477 3614 2076 3679">
    <p class='ocr_par' dir='ltr' id='par_1_87' title="bbox 477 3614 2076 3679">
     <span class='ocr_line' id='line_1_87' title="bbox 477 3614 2076 3679; baseline 0.004 -13"><span class='ocrx_word' id='word_1_622' title='bbox 477 3617 682 3666; x_wconf 88' lang='lat' dir='ltr'>delicet</span> <span class='ocrx_word' id='word_1_623' title='bbox 707 3614 992 3678; x_wconf 81' lang='lat' dir='ltr'>peccando</span> <span class='ocrx_word' id='word_1_624' title='bbox 1028 3616 1274 3674; x_wconf 75' lang='lat' dir='ltr'>fecerint,</span> <span class='ocrx_word' id='word_1_625' title='bbox 1302 3617 1454 3677; x_wconf 86' lang='lat' dir='ltr'>quod</span> <span class='ocrx_word' id='word_1_626' title='bbox 1481 3617 1563 3666; x_wconf 88' lang='lat' dir='ltr'>eis</span> <span class='ocrx_word' id='word_1_627' title='bbox 1587 3617 1767 3679; x_wconf 86' lang='lat' dir='ltr'>judex</span> <span class='ocrx_word' id='word_1_628' title='bbox 1787 3620 1934 3671; x_wconf 86' lang='lat' dir='ltr'>inter</span> <span class='ocrx_word' id='word_1_629' title='bbox 1957 3634 2076 3674; x_wconf 71' lang='lat' dir='ltr'>cm-</span> 
     </span>
    </p>
   </div>
   <div class='ocr_carea' id='block_1_88' title="bbox 479 3687 2079 3753">
    <p class='ocr_par' dir='ltr' id='par_1_88' title="bbox 479 3687 2079 3753">
     <span class='ocr_line' id='line_1_88' title="bbox 479 3687 2079 3753; baseline 0.004 -15"><span class='ocrx_word' id='word_1_630' title='bbox 479 3693 600 3739; x_wconf 88' lang='lat' dir='ltr'>tera</span> <span class='ocrx_word' id='word_1_631' title='bbox 623 3687 739 3736; x_wconf 89' lang='lat' dir='ltr'>imo</span> <span class='ocrx_word' id='word_1_632' title='bbox 761 3698 934 3748; x_wconf 88' lang='lat' dir='ltr'>supra</span> <span class='ocrx_word' id='word_1_633' title='bbox 957 3690 1166 3735; x_wconf 64' lang='lat' dir='ltr'>caetera</span> <span class='ocrx_word' id='word_1_634' title='bbox 1194 3688 1473 3748; x_wconf 75' lang='lat' dir='ltr'>supplicia</span> <span class='ocrx_word' id='word_1_635' title='bbox 1503 3690 1905 3753; x_wconf 71' lang='lat' dir='ltr'>committetur,</span> <span class='ocrx_word' id='word_1_636' title='bbox 1931 3693 2079 3744; x_wconf 69' lang='lat' dir='ltr'>idest</span> 
     </span>
    </p>
   </div>
   <div class='ocr_carea' id='block_1_89' title="bbox 477 3756 2078 3824">
    <p class='ocr_par' dir='ltr' id='par_1_89' title="bbox 477 3756 2078 3824">
     <span class='ocr_line' id='line_1_89' title="bbox 477 3756 2078 3824; baseline 0.002 -15"><span class='ocrx_word' id='word_1_637' title='bbox 477 3759 626 3809; x_wconf 91' lang='lat' dir='ltr'>inter</span> <span class='ocrx_word' id='word_1_638' title='bbox 637 3756 988 3820; x_wconf 86' lang='lat' dir='ltr'>captiVitatis</span> <span class='ocrx_word' id='word_1_639' title='bbox 1011 3767 1302 3805; x_wconf 55' lang='lat' dir='ltr'>aerumnas</span> <span class='ocrx_word' id='word_1_640' title='bbox 1321 3760 1596 3810; x_wconf 63' lang='lat' dir='ltr'>doctrinae</span> <span class='ocrx_word' id='word_1_641' title='bbox 1614 3773 1712 3810; x_wconf 91' lang='lat' dir='ltr'>eos</span> <span class='ocrx_word' id='word_1_642' title='bbox 1729 3776 1818 3824; x_wconf 49' lang='lat' dir='ltr'>egi</span> <span class='ocrx_word' id='word_1_643' title='bbox 1837 3769 1985 3814; x_wconf 88' lang='lat' dir='ltr'>state</span> <span class='ocrx_word' id='word_1_644' title='bbox 2003 3767 2078 3812; x_wconf 87' lang='lat' dir='ltr'>fe-</span> 
     </span>
    </p>
   </div>
   <div class='ocr_carea' id='block_1_90' title="bbox 476 3825 2078 3890">
    <p class='ocr_par' dir='ltr' id='par_1_90' title="bbox 476 3825 2078 3890">
     <span class='ocr_line' id='line_1_90' title="bbox 476 3825 2078 3890; baseline 0.004 -10"><span class='ocrx_word' id='word_1_645' title='bbox 476 3829 724 3890; x_wconf 90' lang='lat' dir='ltr'>riendos,</span> <span class='ocrx_word' id='word_1_646' title='bbox 777 3831 840 3877; x_wconf 90' lang='lat' dir='ltr'>ut</span> <span class='ocrx_word' id='word_1_647' title='bbox 871 3825 965 3876; x_wconf 83' lang='lat' dir='ltr'>illo</span> <span class='ocrx_word' id='word_1_648' title='bbox 995 3826 1226 3889; x_wconf 74' lang='lat' dir='ltr'>insxgni,</span> <span class='ocrx_word' id='word_1_649' title='bbox 1264 3840 1378 3890; x_wconf 89' lang='lat' dir='ltr'>quo</span> <span class='ocrx_word' id='word_1_650' title='bbox 1411 3829 1560 3880; x_wconf 89' lang='lat' dir='ltr'>inter</span> <span class='ocrx_word' id='word_1_651' title='bbox 1589 3843 1790 3882; x_wconf 89' lang='lat' dir='ltr'>omnes</span> <span class='ocrx_word' id='word_1_652' title='bbox 1815 3838 2078 3886; x_wconf 85' lang='lat' dir='ltr'>nationes</span> 
     </span>
    </p>
   </div>
   <div class='ocr_carea' id='block_1_91' title="bbox 475 3899 2081 3967">
    <p class='ocr_par' dir='ltr' id='par_1_91' title="bbox 475 3899 2081 3967">
     <span class='ocr_line' id='line_1_91' title="bbox 475 3899 2081 3967; baseline 0.003 -15"><span class='ocrx_word' id='word_1_653' title='bbox 475 3899 773 3964; x_wconf 90' lang='lat' dir='ltr'>conspicui</span> <span class='ocrx_word' id='word_1_654' title='bbox 791 3900 1034 3962; x_wconf 81' lang='lat' dir='ltr'>fuerant,</span> <span class='ocrx_word' id='word_1_655' title='bbox 1047 3899 1405 3963; x_wconf 84' lang='lat' dir='ltr'>deserantur,</span> <span class='ocrx_word' id='word_1_656' title='bbox 1420 3913 1524 3951; x_wconf 88' lang='lat' dir='ltr'>nec</span> <span class='ocrx_word' id='word_1_657' title='bbox 1537 3903 1846 3966; x_wconf 86' lang='lat' dir='ltr'>quisquam</span> <span class='ocrx_word' id='word_1_658' title='bbox 1861 3920 1958 3958; x_wconf 91' lang='lat' dir='ltr'>eos</span> <span class='ocrx_word' id='word_1_659' title='bbox 1973 3924 2081 3967; x_wconf 83' lang='lat' dir='ltr'>pro-</span> 
     </span>
    </p>
   </div>
   <div class='ocr_carea' id='block_1_92' title="bbox 475 3970 2080 4038">
    <p class='ocr_par' dir='ltr' id='par_1_92' title="bbox 475 3970 2080 4038">
     <span class='ocr_line' id='line_1_92' title="bbox 475 3970 2080 4038; baseline 0.004 -15"><span class='ocrx_word' id='word_1_660' title='bbox 475 3973 779 4038; x_wconf 86' lang='lat' dir='ltr'>phetarum</span> <span class='ocrx_word' id='word_1_661' title='bbox 817 3972 905 4020; x_wconf 88' lang='lat' dir='ltr'>vel</span> <span class='ocrx_word' id='word_1_662' title='bbox 947 3970 1191 4020; x_wconf 83' lang='lat' dir='ltr'>instruat</span> <span class='ocrx_word' id='word_1_663' title='bbox 1239 3977 1586 4034; x_wconf 80' lang='lat' dir='ltr'>ignorantes,</span> <span class='ocrx_word' id='word_1_664' title='bbox 1631 3979 1719 4026; x_wconf 86' lang='lat' dir='ltr'>vel</span> <span class='ocrx_word' id='word_1_665' title='bbox 1756 3979 2080 4031; x_wconf 85' lang='lat' dir='ltr'>consoletur</span> 
     </span>
    </p>
   </div>
   <div class='ocr_carea' id='block_1_93' title="bbox 475 4041 2079 4104">
    <p class='ocr_par' dir='ltr' id='par_1_93' title="bbox 475 4041 2079 4104">
     <span class='ocr_line' id='line_1_93' title="bbox 475 4041 2079 4104; baseline 0.004 -9"><span class='ocrx_word' id='word_1_666' title='bbox 475 4045 739 4096; x_wconf 81' lang='lat' dir='ltr'>afﬂictos.</span> <span class='ocrx_word' id='word_1_667' title='bbox 775 4041 938 4104; x_wconf 83' lang='lat' dir='ltr'>Quod</span> <span class='ocrx_word' id='word_1_668' title='bbox 977 4046 1164 4092; x_wconf 89' lang='lat' dir='ltr'>totum</span> <span class='ocrx_word' id='word_1_669' title='bbox 1192 4047 1302 4092; x_wconf 84' lang='lat' dir='ltr'>sub</span> <span class='ocrx_word' id='word_1_670' title='bbox 1329 4045 1523 4094; x_wconf 77' lang='lat' dir='ltr'>liostili</span> <span class='ocrx_word' id='word_1_671' title='bbox 1548 4046 1916 4100; x_wconf 88' lang='lat' dir='ltr'>damnatione</span> <span class='ocrx_word' id='word_1_672' title='bbox 1941 4063 2079 4102; x_wconf 91' lang='lat' dir='ltr'>con-</span> 
     </span>
    </p>
   </div>
   <div class='ocr_carea' id='block_1_94' title="bbox 476 4113 2080 4180">
    <p class='ocr_par' dir='ltr' id='par_1_94' title="bbox 476 4113 2080 4180">
     <span class='ocr_line' id='line_1_94' title="bbox 476 4113 2080 4180; baseline 0.003 -11"><span class='ocrx_word' id='word_1_673' title='bbox 476 4117 716 4180; x_wconf 88' lang='lat' dir='ltr'>tingere,</span> <span class='ocrx_word' id='word_1_674' title='bbox 757 4113 997 4165; x_wconf 87' lang='lat' dir='ltr'>assidua</span> <span class='ocrx_word' id='word_1_675' title='bbox 1020 4127 1127 4164; x_wconf 87' lang='lat' dir='ltr'>nos</span> <span class='ocrx_word' id='word_1_676' title='bbox 1151 4114 1403 4177; x_wconf 89' lang='lat' dir='ltr'>pericula</span> <span class='ocrx_word' id='word_1_677' title='bbox 1428 4115 1766 4170; x_wconf 87' lang='lat' dir='ltr'>docuerunt.</span> <span class='ocrx_word' id='word_1_678' title='bbox 1791 4121 1952 4172; x_wconf 87' lang='lat' dir='ltr'>Ilanc</span> <span class='ocrx_word' id='word_1_679' title='bbox 1975 4135 2080 4174; x_wconf 88' lang='lat' dir='ltr'>au-</span> 
     </span>
    </p>
   </div>
   <div class='ocr_carea' id='block_1_95' title="bbox 477 4185 2079 4252">
    <p class='ocr_par' dir='ltr' id='par_1_95' title="bbox 477 4185 2079 4252">
     <span class='ocr_line' id='line_1_95' title="bbox 477 4185 2079 4252; baseline 0.003 -12"><span class='ocrx_word' id='word_1_680' title='bbox 477 4194 594 4240; x_wconf 90' lang='lat' dir='ltr'>tem</span> <span class='ocrx_word' id='word_1_681' title='bbox 620 4188 910 4238; x_wconf 86' lang='lat' dir='ltr'>minarum</span> <span class='ocrx_word' id='word_1_682' title='bbox 943 4185 1192 4249; x_wconf 86' lang='lat' dir='ltr'>speciem</span> <span class='ocrx_word' id='word_1_683' title='bbox 1217 4188 1415 4238; x_wconf 80' lang='lat' dir='ltr'>Esaias</span> <span class='ocrx_word' id='word_1_684' title='bbox 1439 4200 1669 4252; x_wconf 91' lang='lat' dir='ltr'>quoque</span> <span class='ocrx_word' id='word_1_685' title='bbox 1694 4191 1898 4244; x_wconf 88' lang='lat' dir='ltr'>bealus</span> <span class='ocrx_word' id='word_1_686' title='bbox 1917 4206 2079 4246; x_wconf 89' lang='lat' dir='ltr'>asse-</span> 
     </span>
    </p>
   </div>
   <div class='ocr_carea' id='block_1_96' title="bbox 473 4257 2076 4328">
    <p class='ocr_par' dir='ltr' id='par_1_96' title="bbox 473 4257 2076 4328">
     <span class='ocr_line' id='line_1_96' title="bbox 473 4257 2076 4328; baseline 0.002 -16"><span class='ocrx_word' id='word_1_687' title='bbox 473 4262 605 4323; x_wconf 91' lang='lat' dir='ltr'>ruit,</span> <span class='ocrx_word' id='word_1_688' title='bbox 659 4258 1036 4310; x_wconf 89' lang='lat' dir='ltr'>aul&#39;erendum</span> <span class='ocrx_word' id='word_1_689' title='bbox 1089 4257 1355 4310; x_wconf 89' lang='lat' dir='ltr'>videlicet</span> <span class='ocrx_word' id='word_1_690' title='bbox 1413 4271 1446 4310; x_wconf 88' lang='lat' dir='ltr'>a</span> <span class='ocrx_word' id='word_1_691' title='bbox 1491 4261 1698 4312; x_wconf 67' lang='lat' dir='ltr'>Judaaa</span> <span class='ocrx_word' id='word_1_692' title='bbox 1743 4264 2076 4328; x_wconf 81' lang='lat' dir='ltr'>principem,</span> 
     </span>
    </p>
   </div>
   <div class='ocr_carea' id='block_1_97' title="bbox 472 4330 2077 4396">
    <p class='ocr_par' dir='ltr' id='par_1_97' title="bbox 472 4330 2077 4396">
     <span class='ocr_line' id='line_1_97' title="bbox 472 4330 2077 4396; baseline 0.001 -13"><span class='ocrx_word' id='word_1_693' title='bbox 472 4337 647 4395; x_wconf 89' lang='lat' dir='ltr'>atque</span> <span class='ocrx_word' id='word_1_694' title='bbox 669 4332 954 4382; x_wconf 85' lang='lat' dir='ltr'>seniorem</span> <span class='ocrx_word' id='word_1_695' title='bbox 981 4330 1371 4394; x_wconf 89' lang='lat' dir='ltr'>consiliorum,</span> <span class='ocrx_word' id='word_1_696' title='bbox 1389 4331 1822 4396; x_wconf 87' lang='lat' dir='ltr'>doctoremque,</span> <span class='ocrx_word' id='word_1_697' title='bbox 1841 4352 2077 4396; x_wconf 66' lang='lat' dir='ltr'>praenun-</span> 
     </span>
    </p>
   </div>
   <div class='ocr_carea' id='block_1_98' title="bbox 473 4402 2078 4468">
    <p class='ocr_par' dir='ltr' id='par_1_98' title="bbox 473 4402 2078 4468">
     <span class='ocr_line' id='line_1_98' title="bbox 473 4402 2078 4468; baseline 0.004 -15"><span class='ocrx_word' id='word_1_698' title='bbox 473 4404 624 4454; x_wconf 88' lang='lat' dir='ltr'>tians</span> <span class='ocrx_word' id='word_1_699' title='bbox 650 4404 709 4454; x_wconf 90' lang='lat' dir='ltr'>in</span> <span class='ocrx_word' id='word_1_700' title='bbox 733 4416 931 4454; x_wconf 90' lang='lat' dir='ltr'>eorum</span> <span class='ocrx_word' id='word_1_701' title='bbox 958 4402 1150 4454; x_wconf 90' lang='lat' dir='ltr'>locum</span> <span class='ocrx_word' id='word_1_702' title='bbox 1167 4415 1376 4467; x_wconf 91' lang='lat' dir='ltr'>pueros</span> <span class='ocrx_word' id='word_1_703' title='bbox 1401 4415 1567 4468; x_wconf 88' lang='lat' dir='ltr'>reges</span> <span class='ocrx_word' id='word_1_704' title='bbox 1610 4410 1666 4455; x_wconf 78' lang='lat' dir='ltr'>et</span> <span class='ocrx_word' id='word_1_705' title='bbox 1697 4407 2078 4459; x_wconf 70' lang='lat' dir='ltr'>etfmxninatos</span> 
     </span>
    </p>
   </div>
   <div class='ocr_carea' id='block_1_99' title="bbox 471 4474 2076 4540">
    <p class='ocr_par' dir='ltr' id='par_1_99' title="bbox 471 4474 2076 4540">
     <span class='ocr_line' id='line_1_99' title="bbox 471 4474 2076 4540; baseline 0.001 -14"><span class='ocrx_word' id='word_1_706' title='bbox 471 4476 755 4539; x_wconf 90' lang='lat' dir='ltr'>principes</span> <span class='ocrx_word' id='word_1_707' title='bbox 773 4475 1192 4539; x_wconf 84' lang='lat' dir='ltr'>subrogandos.</span> <span class='ocrx_word' id='word_1_708' title='bbox 1212 4474 1375 4535; x_wconf 82' lang='lat' dir='ltr'>Quod</span> <span class='ocrx_word' id='word_1_709' title='bbox 1390 4481 1587 4526; x_wconf 89' lang='lat' dir='ltr'>autem</span> <span class='ocrx_word' id='word_1_710' title='bbox 1612 4477 1710 4540; x_wconf 87' lang='lat' dir='ltr'>ait,</span> <span class='ocrx_word' id='word_1_711' title='bbox 1738 4494 1849 4526; x_wconf 80' lang='lat' dir='ltr'>non</span> <span class='ocrx_word' id='word_1_712' title='bbox 1873 4479 2076 4540; x_wconf 80' lang='lat' dir='ltr'>famem</span> 
     </span>
    </p>
   </div>
   <div class='ocr_carea' id='block_1_100' title="bbox 471 4547 2073 4612">
    <p class='ocr_par' dir='ltr' id='par_1_100' title="bbox 471 4547 2073 4612">
     <span class='ocr_line' id='line_1_100' title="bbox 471 4547 2073 4612; baseline 0.003 -17"><span class='ocrx_word' id='word_1_713' title='bbox 471 4548 634 4609; x_wconf 83' lang='lat' dir='ltr'>panis</span> <span class='ocrx_word' id='word_1_714' title='bbox 647 4562 813 4610; x_wconf 82' lang='lat' dir='ltr'>neque</span> <span class='ocrx_word' id='word_1_715' title='bbox 833 4547 982 4596; x_wconf 74' lang='lat' dir='ltr'>sitim</span> <span class='ocrx_word' id='word_1_716' title='bbox 1011 4562 1183 4610; x_wconf 73' lang='lat' dir='ltr'>aquae,</span> <span class='ocrx_word' id='word_1_717' title='bbox 1201 4547 1290 4595; x_wconf 83' lang='lat' dir='ltr'>sed</span> <span class='ocrx_word' id='word_1_718' title='bbox 1306 4547 1574 4596; x_wconf 80' lang='lat' dir='ltr'>audiendi</span> <span class='ocrx_word' id='word_1_719' title='bbox 1591 4549 1804 4598; x_wconf 83' lang='lat' dir='ltr'>verbum</span> <span class='ocrx_word' id='word_1_720' title='bbox 1831 4551 2073 4612; x_wconf 88' lang='lat' dir='ltr'>Domini,</span> 
     </span>
    </p>
   </div>
   <div class='ocr_carea' id='block_1_101' title="bbox 472 4617 2074 4685">
    <p class='ocr_par' dir='ltr' id='par_1_101' title="bbox 472 4617 2074 4685">
     <span class='ocr_line' id='line_1_101' title="bbox 472 4617 2074 4685; baseline 0.005 -19"><span class='ocrx_word' id='word_1_721' title='bbox 472 4617 583 4668; x_wconf 80' lang='lat' dir='ltr'>illis</span> <span class='ocrx_word' id='word_1_722' title='bbox 611 4618 834 4682; x_wconf 91' lang='lat' dir='ltr'>populis</span> <span class='ocrx_word' id='word_1_723' title='bbox 858 4619 1232 4678; x_wconf 88' lang='lat' dir='ltr'>iuterendam,</span> <span class='ocrx_word' id='word_1_724' title='bbox 1257 4623 1537 4681; x_wconf 89' lang='lat' dir='ltr'>quantum</span> <span class='ocrx_word' id='word_1_725' title='bbox 1553 4619 1625 4670; x_wconf 89' lang='lat' dir='ltr'>ad</span> <span class='ocrx_word' id='word_1_726' title='bbox 1652 4625 1906 4673; x_wconf 87' lang='lat' dir='ltr'>tenorem</span> <span class='ocrx_word' id='word_1_727' title='bbox 1945 4624 2074 4685; x_wconf 91' lang='lat' dir='ltr'>qui-</span> 
     </span>
    </p>
   </div>
   <div class='ocr_carea' id='block_1_102' title="bbox 2198 3329 3780 3392">
    <p class='ocr_par' dir='ltr' id='par_1_102' title="bbox 2198 3329 3780 3392">
     <span class='ocr_line' id='line_1_102' title="bbox 2198 3329 3780 3392; baseline -0.009 0"><span class='ocrx_word' id='word_1_728' title='bbox 2198 3329 2414 3392; x_wconf 78' lang='lat' dir='ltr'>sidione</span> <span class='ocrx_word' id='word_1_729' title='bbox 2437 3332 2806 3392; x_wconf 88' lang='lat' dir='ltr'>circumdata,</span> <span class='ocrx_word' id='word_1_730' title='bbox 2833 3334 3010 3392; x_wconf 90' lang='lat' dir='ltr'>atque</span> <span class='ocrx_word' id='word_1_731' title='bbox 3033 3329 3179 3380; x_wconf 88' lang='lat' dir='ltr'>adeo</span> <span class='ocrx_word' id='word_1_732' title='bbox 3201 3330 3363 3381; x_wconf 87' lang='lat' dir='ltr'>illisa</span> <span class='ocrx_word' id='word_1_733' title='bbox 3386 3336 3564 3384; x_wconf 70' lang='lat' dir='ltr'>terrm</span> <span class='ocrx_word' id='word_1_734' title='bbox 3591 3339 3652 3384; x_wconf 84' lang='lat' dir='ltr'>ut</span> <span class='ocrx_word' id='word_1_735' title='bbox 3672 3335 3780 3385; x_wconf 71' lang='lat' dir='ltr'>une.</span> 
     </span>
    </p>
   </div>
   <div class='ocr_carea' id='block_1_103' title="bbox 2174 3401 3776 3469">
    <p class='ocr_par' dir='ltr' id='par_1_103' title="bbox 2174 3401 3776 3469">
     <span class='ocr_line' id='line_1_103' title="bbox 2174 3401 3776 3469; baseline -0.004 -6"><span class='ocrx_word' id='word_1_736' title='bbox 2174 3413 2295 3463; x_wconf 88' lang='lat' dir='ltr'>rius</span> <span class='ocrx_word' id='word_1_737' title='bbox 2314 3415 2680 3469; x_wconf 88' lang='lat' dir='ltr'>nequaquam</span> <span class='ocrx_word' id='word_1_738' title='bbox 2703 3403 2888 3467; x_wconf 89' lang='lat' dir='ltr'>possit</span> <span class='ocrx_word' id='word_1_739' title='bbox 2909 3401 3244 3465; x_wconf 84' lang='lat' dir='ltr'>adsurgere.</span> <span class='ocrx_word' id='word_1_740' title='bbox 3266 3404 3474 3454; x_wconf 86' lang='lat' dir='ltr'>Sensit</span> <span class='ocrx_word' id='word_1_741' title='bbox 3489 3417 3625 3468; x_wconf 85' lang='lat' dir='ltr'>ergo</span> <span class='ocrx_word' id='word_1_742' title='bbox 3645 3407 3776 3469; x_wconf 77' lang='lat' dir='ltr'>quasi</span> 
     </span>
    </p>
   </div>
   <div class='ocr_carea' id='block_1_104' title="bbox 2173 3473 3774 3540">
    <p class='ocr_par' dir='ltr' id='par_1_104' title="bbox 2173 3473 3774 3540">
     <span class='ocr_line' id='line_1_104' title="bbox 2173 3473 3774 3540; baseline -0.006 -5"><span class='ocrx_word' id='word_1_743' title='bbox 2173 3486 2394 3536; x_wconf 89' lang='lat' dir='ltr'>luctum</span> <span class='ocrx_word' id='word_1_744' title='bbox 2425 3475 2722 3539; x_wconf 87' lang='lat' dir='ltr'>unigeniti,</span> <span class='ocrx_word' id='word_1_745' title='bbox 2751 3479 2809 3525; x_wconf 92' lang='lat' dir='ltr'>et</span> <span class='ocrx_word' id='word_1_746' title='bbox 2847 3485 3045 3524; x_wconf 88' lang='lat' dir='ltr'>amaro</span> <span class='ocrx_word' id='word_1_747' title='bbox 3069 3473 3360 3524; x_wconf 88' lang='lat' dir='ltr'>conclusa</span> <span class='ocrx_word' id='word_1_748' title='bbox 3391 3476 3514 3525; x_wconf 73' lang='lat' dir='ltr'>(ine</span> <span class='ocrx_word' id='word_1_749' title='bbox 3547 3481 3634 3526; x_wconf 85' lang='lat' dir='ltr'>est</span> <span class='ocrx_word' id='word_1_750' title='bbox 3663 3489 3774 3540; x_wconf 74' lang='lat' dir='ltr'>gens</span> 
     </span>
    </p>
   </div>
   <div class='ocr_carea' id='block_1_105' title="bbox 2175 3545 3770 3616">
    <p class='ocr_par' dir='ltr' id='par_1_105' title="bbox 2175 3545 3770 3616">
     <span class='ocr_line' id='line_1_105' title="bbox 2175 3545 3770 3616; baseline -0.004 -12"><span class='ocrx_word' id='word_1_751' title='bbox 2175 3555 2270 3606; x_wconf 89' lang='lat' dir='ltr'>illa</span> <span class='ocrx_word' id='word_1_752' title='bbox 2285 3563 2415 3616; x_wconf 76' lang='lat' dir='ltr'>qum</span> <span class='ocrx_word' id='word_1_753' title='bbox 2438 3549 2804 3612; x_wconf 82' lang='lat' dir='ltr'>Unigenitum</span> <span class='ocrx_word' id='word_1_754' title='bbox 2823 3547 2926 3595; x_wconf 90' lang='lat' dir='ltr'>Dei</span> <span class='ocrx_word' id='word_1_755' title='bbox 2951 3545 3331 3596; x_wconf 88' lang='lat' dir='ltr'>contumeliis</span> <span class='ocrx_word' id='word_1_756' title='bbox 3363 3546 3666 3611; x_wconf 83' lang='lat' dir='ltr'>plagisque</span> <span class='ocrx_word' id='word_1_757' title='bbox 3686 3549 3770 3598; x_wconf 75' lang='lat' dir='ltr'>viu-</span> 
     </span>
    </p>
   </div>
   <div class='ocr_carea' id='block_1_106' title="bbox 2174 3619 3771 3688">
    <p class='ocr_par' dir='ltr' id='par_1_106' title="bbox 2174 3619 3771 3688">
     <span class='ocr_line' id='line_1_106' title="bbox 2174 3619 3771 3688; baseline -0.009 -9"><span class='ocrx_word' id='word_1_758' title='bbox 2174 3627 2334 3688; x_wconf 88' lang='lat' dir='ltr'>lavit,</span> <span class='ocrx_word' id='word_1_759' title='bbox 2354 3625 2735 3682; x_wconf 87' lang='lat' dir='ltr'>secutumque</span> <span class='ocrx_word' id='word_1_760' title='bbox 2755 3622 2844 3670; x_wconf 90' lang='lat' dir='ltr'>est</span> <span class='ocrx_word' id='word_1_761' title='bbox 2867 3629 3001 3668; x_wconf 84' lang='lat' dir='ltr'>vere</span> <span class='ocrx_word' id='word_1_762' title='bbox 3024 3621 3279 3681; x_wconf 89' lang='lat' dir='ltr'>tempus,</span> <span class='ocrx_word' id='word_1_763' title='bbox 3315 3619 3380 3669; x_wconf 89' lang='lat' dir='ltr'>in</span> <span class='ocrx_word' id='word_1_764' title='bbox 3406 3632 3529 3681; x_wconf 89' lang='lat' dir='ltr'>quo</span> <span class='ocrx_word' id='word_1_765' title='bbox 3548 3625 3684 3670; x_wconf 81' lang='lat' dir='ltr'>tame</span> <span class='ocrx_word' id='word_1_766' title='bbox 3696 3624 3771 3679; x_wconf 80' lang='lat' dir='ltr'>spi-</span> 
     </span>
    </p>
   </div>
   <div class='ocr_carea' id='block_1_107' title="bbox 2177 3692 3768 3754">
    <p class='ocr_par' dir='ltr' id='par_1_107' title="bbox 2177 3692 3768 3754">
     <span class='ocr_line' id='line_1_107' title="bbox 2177 3692 3768 3754; baseline -0.006 -5"><span class='ocrx_word' id='word_1_767' title='bbox 2177 3700 2425 3749; x_wconf 89' lang='lat' dir='ltr'>ritalium</span> <span class='ocrx_word' id='word_1_768' title='bbox 2441 3696 2721 3743; x_wconf 90' lang='lat' dir='ltr'>bonorum</span> <span class='ocrx_word' id='word_1_769' title='bbox 2745 3694 3126 3742; x_wconf 87' lang='lat' dir='ltr'>consumatur</span> <span class='ocrx_word' id='word_1_770' title='bbox 3143 3703 3160 3736; x_wconf 92' lang='lat'>:</span> <span class='ocrx_word' id='word_1_771' title='bbox 3187 3701 3298 3740; x_wconf 91' lang='lat' dir='ltr'>nec</span> <span class='ocrx_word' id='word_1_772' title='bbox 3310 3692 3618 3754; x_wconf 79' lang='lat' dir='ltr'>penuriam</span> <span class='ocrx_word' id='word_1_773' title='bbox 3635 3693 3768 3752; x_wconf 71' lang='lat' dir='ltr'>panis.</span> 
     </span>
    </p>
   </div>
   <div class='ocr_carea' id='block_1_108' title="bbox 2174 3761 3769 3830">
    <p class='ocr_par' dir='ltr' id='par_1_108' title="bbox 2174 3761 3769 3830">
     <span class='ocr_line' id='line_1_108' title="bbox 2174 3761 3769 3830; baseline -0.008 -9"><span class='ocrx_word' id='word_1_774' title='bbox 2174 3774 2275 3821; x_wconf 87' lang='lat' dir='ltr'>aut</span> <span class='ocrx_word' id='word_1_775' title='bbox 2296 3778 2466 3830; x_wconf 66' lang='lat' dir='ltr'>aquai</span> <span class='ocrx_word' id='word_1_776' title='bbox 2494 3764 2668 3822; x_wconf 89' lang='lat' dir='ltr'>sitim,</span> <span class='ocrx_word' id='word_1_777' title='bbox 2690 3764 2793 3812; x_wconf 89' lang='lat' dir='ltr'>sed</span> <span class='ocrx_word' id='word_1_778' title='bbox 2811 3761 3090 3811; x_wconf 83' lang='lat' dir='ltr'>audiendi</span> <span class='ocrx_word' id='word_1_779' title='bbox 3107 3761 3365 3811; x_wconf 88' lang='lat' dir='ltr'>verbum</span> <span class='ocrx_word' id='word_1_780' title='bbox 3387 3763 3641 3822; x_wconf 87' lang='lat' dir='ltr'>Domini,</span> <span class='ocrx_word' id='word_1_781' title='bbox 3656 3764 3769 3810; x_wconf 77' lang='lat' dir='ltr'>vids-</span> 
     </span>
    </p>
   </div>
   <div class='ocr_carea' id='block_1_109' title="bbox 2177 3831 3768 3901">
    <p class='ocr_par' dir='ltr' id='par_1_109' title="bbox 2177 3831 3768 3901">
     <span class='ocr_line' id='line_1_109' title="bbox 2177 3831 3768 3901; baseline -0.008 -9"><span class='ocrx_word' id='word_1_782' title='bbox 2177 3854 2311 3892; x_wconf 88' lang='lat' dir='ltr'>mus</span> <span class='ocrx_word' id='word_1_783' title='bbox 2337 3852 2454 3901; x_wconf 91' lang='lat' dir='ltr'>eos,</span> <span class='ocrx_word' id='word_1_784' title='bbox 2479 3836 2578 3901; x_wconf 93' lang='lat' dir='ltr'>qui</span> <span class='ocrx_word' id='word_1_785' title='bbox 2601 3835 2660 3884; x_wconf 92' lang='lat' dir='ltr'>in</span> <span class='ocrx_word' id='word_1_786' title='bbox 2680 3833 2922 3883; x_wconf 90' lang='lat' dir='ltr'>verbum</span> <span class='ocrx_word' id='word_1_787' title='bbox 2937 3831 3169 3882; x_wconf 89' lang='lat' dir='ltr'>Domini</span> <span class='ocrx_word' id='word_1_788' title='bbox 3186 3838 3577 3884; x_wconf 85' lang='lat' dir='ltr'>contumaces</span> <span class='ocrx_word' id='word_1_789' title='bbox 3587 3835 3768 3888; x_wconf 77' lang='lat' dir='ltr'>fuerant,</span> 
     </span>
    </p>
   </div>
   <div class='ocr_carea' id='block_1_110' title="bbox 2178 3902 3766 3976">
    <p class='ocr_par' dir='ltr' id='par_1_110' title="bbox 2178 3902 3766 3976">
     <span class='ocr_line' id='line_1_110' title="bbox 2178 3902 3766 3976; baseline -0.008 -12"><span class='ocrx_word' id='word_1_790' title='bbox 2178 3913 2444 3976; x_wconf 87' lang='lat' dir='ltr'>experiri.</span> <span class='ocrx_word' id='word_1_791' title='bbox 2484 3911 2693 3960; x_wconf 80' lang='lat' dir='ltr'>Annon</span> <span class='ocrx_word' id='word_1_792' title='bbox 2725 3915 2926 3955; x_wconf 82' lang='lat' dir='ltr'>eorum</span> <span class='ocrx_word' id='word_1_793' title='bbox 2955 3904 3066 3954; x_wconf 85' lang='lat' dir='ltr'>ista</span> <span class='ocrx_word' id='word_1_794' title='bbox 3083 3902 3467 3976; x_wconf 83' lang='lat' dir='ltr'>calamitasin</span> <span class='ocrx_word' id='word_1_795' title='bbox 3485 3905 3612 3976; x_wconf 79' lang='lat' dir='ltr'>ipsa</span> <span class='ocrx_word' id='word_1_796' title='bbox 3633 3918 3766 3952; x_wconf 80' lang='lat' dir='ltr'>rerum</span> 
     </span>
    </p>
   </div>
   <div class='ocr_carea' id='block_1_111' title="bbox 2177 3974 3770 4038">
    <p class='ocr_par' dir='ltr' id='par_1_111' title="bbox 2177 3974 3770 4038">
     <span class='ocr_line' id='line_1_111' title="bbox 2177 3974 3770 4038; baseline -0.006 -4"><span class='ocrx_word' id='word_1_797' title='bbox 2177 3974 2545 4036; x_wconf 36' lang='lat' dir='ltr'>att&#39;estatione</span> <span class='ocrx_word' id='word_1_798' title='bbox 2569 3977 2808 4028; x_wconf 88' lang='lat' dir='ltr'>collucet</span> <span class='ocrx_word' id='word_1_799' title='bbox 2832 3979 2855 4024; x_wconf 66' lang='grc' dir='ltr'>ἰ)</span> <span class='ocrx_word' id='word_1_800' title='bbox 2885 3977 3030 4025; x_wconf 83' lang='lat' dir='ltr'>Nam</span> <span class='ocrx_word' id='word_1_801' title='bbox 3061 3987 3198 4026; x_wconf 90' lang='lat' dir='ltr'>cum</span> <span class='ocrx_word' id='word_1_802' title='bbox 3236 3974 3525 4038; x_wconf 83' lang='lat' dir='ltr'>spiritabs</span> <span class='ocrx_word' id='word_1_803' title='bbox 3552 3975 3770 4038; x_wconf 65' lang='lat' dir='ltr'>philom-</span> 
     </span>
    </p>
   </div>
   <div class='ocr_carea' id='block_1_112' title="bbox 2179 4046 3771 4120">
    <p class='ocr_par' dir='ltr' id='par_1_112' title="bbox 2179 4046 3771 4120">
     <span class='ocr_line' id='line_1_112' title="bbox 2179 4046 3771 4120; baseline -0.016 -13"><span class='ocrx_word' id='word_1_804' title='bbox 2179 4055 2348 4120; x_wconf 74' lang='lat' dir='ltr'>pbiie,</span> <span class='ocrx_word' id='word_1_805' title='bbox 2381 4065 2515 4117; x_wconf 88' lang='lat' dir='ltr'>erga</span> <span class='ocrx_word' id='word_1_806' title='bbox 2544 4050 2848 4102; x_wconf 86' lang='lat' dir='ltr'>Dominum</span> <span class='ocrx_word' id='word_1_807' title='bbox 2872 4048 3091 4098; x_wconf 90' lang='lat' dir='ltr'>scilicet</span> <span class='ocrx_word' id='word_1_808' title='bbox 3125 4047 3434 4120; x_wconf 70' lang='lat' dir='ltr'>pietatem,</span> <span class='ocrx_word' id='word_1_809' title='bbox 3462 4061 3599 4109; x_wconf 64' lang='lat' dir='ltr'>erga</span> <span class='ocrx_word' id='word_1_810' title='bbox 3619 4046 3771 4120; x_wconf 65' lang='grc' dir='ltr'>ριυχί.</span> 
     </span>
    </p>
   </div>
   <div class='ocr_carea' id='block_1_113' title="bbox 2178 4119 3765 4188">
    <p class='ocr_par' dir='ltr' id='par_1_113' title="bbox 2178 4119 3765 4188">
     <span class='ocr_line' id='line_1_113' title="bbox 2178 4119 3765 4188; baseline -0.008 -10"><span class='ocrx_word' id='word_1_811' title='bbox 2178 4119 2305 4178; x_wconf 82' lang='lat' dir='ltr'>mos</span> <span class='ocrx_word' id='word_1_812' title='bbox 2338 4123 2767 4188; x_wconf 78' lang='lat' dir='ltr'>benignitatem,</span> <span class='ocrx_word' id='word_1_813' title='bbox 2807 4123 2865 4170; x_wconf 89' lang='lat' dir='ltr'>et</span> <span class='ocrx_word' id='word_1_814' title='bbox 2900 4120 3254 4183; x_wconf 85' lang='lat' dir='ltr'>probitatem</span> <span class='ocrx_word' id='word_1_815' title='bbox 3289 4119 3579 4174; x_wconf 83' lang='lat' dir='ltr'>docentis,</span> <span class='ocrx_word' id='word_1_816' title='bbox 3615 4119 3765 4168; x_wconf 83' lang='lat' dir='ltr'>abeis</span> 
     </span>
    </p>
   </div>
   <div class='ocr_carea' id='block_1_114' title="bbox 2176 4190 3763 4258">
    <p class='ocr_par' dir='ltr' id='par_1_114' title="bbox 2176 4190 3763 4258">
     <span class='ocr_line' id='line_1_114' title="bbox 2176 4190 3763 4258; baseline -0.006 -9"><span class='ocrx_word' id='word_1_817' title='bbox 2176 4201 2330 4258; x_wconf 83' lang='lat' dir='ltr'>origo</span> <span class='ocrx_word' id='word_1_818' title='bbox 2351 4194 2701 4254; x_wconf 89' lang='lat' dir='ltr'>discesserit,</span> <span class='ocrx_word' id='word_1_819' title='bbox 2725 4191 2800 4243; x_wconf 90' lang='lat' dir='ltr'>ad</span> <span class='ocrx_word' id='word_1_820' title='bbox 2823 4195 3046 4241; x_wconf 86' lang='lat' dir='ltr'>tantam</span> <span class='ocrx_word' id='word_1_821' title='bbox 3071 4193 3406 4241; x_wconf 87' lang='lat' dir='ltr'>studiorum</span> <span class='ocrx_word' id='word_1_822' title='bbox 3432 4198 3494 4241; x_wconf 88' lang='lat' dir='ltr'>et</span> <span class='ocrx_word' id='word_1_823' title='bbox 3521 4190 3763 4241; x_wconf 71' lang='lat' dir='ltr'>docti-intr</span> 
     </span>
    </p>
   </div>
   <div class='ocr_carea' id='block_1_115' title="bbox 2177 4261 3764 4331">
    <p class='ocr_par' dir='ltr' id='par_1_115' title="bbox 2177 4261 3764 4331">
     <span class='ocr_line' id='line_1_115' title="bbox 2177 4261 3764 4331; baseline -0.007 -10"><span class='ocrx_word' id='word_1_824' title='bbox 2177 4275 2315 4320; x_wconf 90' lang='lat' dir='ltr'>sunt</span> <span class='ocrx_word' id='word_1_825' title='bbox 2349 4267 2600 4331; x_wconf 88' lang='lat' dir='ltr'>inopiam</span> <span class='ocrx_word' id='word_1_826' title='bbox 2624 4263 2898 4325; x_wconf 89' lang='lat' dir='ltr'>devoluti,</span> <span class='ocrx_word' id='word_1_827' title='bbox 2921 4267 2986 4312; x_wconf 91' lang='lat' dir='ltr'>ut</span> <span class='ocrx_word' id='word_1_828' title='bbox 3009 4275 3044 4311; x_wconf 87' lang='lat' dir='ltr'>a</span> <span class='ocrx_word' id='word_1_829' title='bbox 3069 4261 3210 4312; x_wconf 88' lang='lat' dir='ltr'>solis</span> <span class='ocrx_word' id='word_1_830' title='bbox 3233 4267 3372 4312; x_wconf 90' lang='lat' dir='ltr'>ortu</span> <span class='ocrx_word' id='word_1_831' title='bbox 3394 4275 3586 4324; x_wconf 87' lang='lat' dir='ltr'>usque</span> <span class='ocrx_word' id='word_1_832' title='bbox 3609 4261 3674 4310; x_wconf 85' lang='lat' dir='ltr'>ad</span> <span class='ocrx_word' id='word_1_833' title='bbox 3690 4273 3764 4308; x_wconf 84' lang='lat' dir='ltr'>oc-</span> 
     </span>
    </p>
   </div>
   <div class='ocr_carea' id='block_1_116' title="bbox 2175 4334 3764 4401">
    <p class='ocr_par' dir='ltr' id='par_1_116' title="bbox 2175 4334 3764 4401">
     <span class='ocr_line' id='line_1_116' title="bbox 2175 4334 3764 4401; baseline -0.007 -9"><span class='ocrx_word' id='word_1_834' title='bbox 2175 4353 2396 4401; x_wconf 89' lang='lat' dir='ltr'>casum,</span> <span class='ocrx_word' id='word_1_835' title='bbox 2427 4340 2482 4389; x_wconf 90' lang='lat' dir='ltr'>id</span> <span class='ocrx_word' id='word_1_836' title='bbox 2509 4342 2616 4397; x_wconf 89' lang='lat' dir='ltr'>est,</span> <span class='ocrx_word' id='word_1_837' title='bbox 2642 4337 2702 4386; x_wconf 90' lang='lat' dir='ltr'>in</span> <span class='ocrx_word' id='word_1_838' title='bbox 2739 4338 2861 4386; x_wconf 89' lang='lat' dir='ltr'>toto</span> <span class='ocrx_word' id='word_1_839' title='bbox 2897 4336 3036 4384; x_wconf 88' lang='lat' dir='ltr'>orbe</span> <span class='ocrx_word' id='word_1_840' title='bbox 3055 4338 3338 4384; x_wconf 88' lang='lat' dir='ltr'>terrarum</span> <span class='ocrx_word' id='word_1_841' title='bbox 3370 4334 3764 4397; x_wconf 75' lang='lat' dir='ltr'>dispersi,nus-</span> 
     </span>
    </p>
   </div>
   <div class='ocr_carea' id='block_1_117' title="bbox 2175 4406 3763 4475">
    <p class='ocr_par' dir='ltr' id='par_1_117' title="bbox 2175 4406 3763 4475">
     <span class='ocr_line' id='line_1_117' title="bbox 2175 4406 3763 4475; baseline -0.008 -11"><span class='ocrx_word' id='word_1_842' title='bbox 2175 4425 2350 4475; x_wconf 88' lang='lat' dir='ltr'>quam</span> <span class='ocrx_word' id='word_1_843' title='bbox 2391 4411 2630 4462; x_wconf 90' lang='lat' dir='ltr'>verbum</span> <span class='ocrx_word' id='word_1_844' title='bbox 2675 4407 2795 4468; x_wconf 90' lang='lat' dir='ltr'>Dei,</span> <span class='ocrx_word' id='word_1_845' title='bbox 2827 4418 2943 4469; x_wconf 91' lang='lat' dir='ltr'>quo</span> <span class='ocrx_word' id='word_1_846' title='bbox 2985 4409 3353 4468; x_wconf 88' lang='lat' dir='ltr'>vegetentur,</span> <span class='ocrx_word' id='word_1_847' title='bbox 3389 4406 3647 4464; x_wconf 67' lang='lat' dir='ltr'>audiant,</span> <span class='ocrx_word' id='word_1_848' title='bbox 3678 4414 3763 4454; x_wconf 84' lang='lat' dir='ltr'>nec</span> 
     </span>
    </p>
   </div>
   <div class='ocr_carea' id='block_1_118' title="bbox 2175 4476 3764 4542">
    <p class='ocr_par' dir='ltr' id='par_1_118' title="bbox 2175 4476 3764 4542">
     <span class='ocr_line' id='line_1_118' title="bbox 2175 4476 3764 4542; baseline -0.008 -8"><span class='ocrx_word' id='word_1_849' title='bbox 2175 4483 2536 4534; x_wconf 87' lang='lat' dir='ltr'>coruscantis</span> <span class='ocrx_word' id='word_1_850' title='bbox 2554 4478 2846 4542; x_wconf 82' lang='lat' dir='ltr'>Evangelii</span> <span class='ocrx_word' id='word_1_851' title='bbox 2865 4476 3087 4541; x_wconf 81' lang='lat' dir='ltr'>fulgore</span> <span class='ocrx_word' id='word_1_852' title='bbox 3112 4481 3441 4540; x_wconf 80' lang='lat' dir='ltr'>tangantur</span> <span class='ocrx_word' id='word_1_853' title='bbox 3469 4489 3482 4536; x_wconf 91' lang='lat'>;</span> <span class='ocrx_word' id='word_1_854' title='bbox 3512 4477 3612 4526; x_wconf 81' lang='lat' dir='ltr'>sed</span> <span class='ocrx_word' id='word_1_855' title='bbox 3633 4479 3764 4522; x_wconf 72' lang='lat' dir='ltr'>instar</span> 
     </span>
    </p>
   </div>
   <div class='ocr_carea' id='block_1_119' title="bbox 2175 4548 3764 4616">
    <p class='ocr_par' dir='ltr' id='par_1_119' title="bbox 2175 4548 3764 4616">
     <span class='ocr_line' id='line_1_119' title="bbox 2175 4548 3764 4616; baseline -0.006 -11"><span class='ocrx_word' id='word_1_856' title='bbox 2175 4555 2483 4606; x_wconf 84' lang='lat' dir='ltr'>infantium</span> <span class='ocrx_word' id='word_1_857' title='bbox 2502 4564 2602 4616; x_wconf 91' lang='lat' dir='ltr'>pro</span> <span class='ocrx_word' id='word_1_858' title='bbox 2628 4549 2938 4602; x_wconf 87' lang='lat' dir='ltr'>virtutibus</span> <span class='ocrx_word' id='word_1_859' title='bbox 2954 4561 3186 4598; x_wconf 89' lang='lat' dir='ltr'>morum</span> <span class='ocrx_word' id='word_1_860' title='bbox 3201 4548 3596 4610; x_wconf 71' lang='lat' dir='ltr'>Vitalibusque</span> <span class='ocrx_word' id='word_1_861' title='bbox 3608 4555 3764 4596; x_wconf 79' lang='lat' dir='ltr'>sacra-</span> 
     </span>
    </p>
   </div>
   <div class='ocr_carea' id='block_1_120' title="bbox 2177 4619 3764 4687">
    <p class='ocr_par' dir='ltr' id='par_1_120' title="bbox 2177 4619 3764 4687">
     <span class='ocr_line' id='line_1_120' title="bbox 2177 4619 3764 4687; baseline -0.006 -10"><span class='ocrx_word' id='word_1_862' title='bbox 2177 4627 2405 4686; x_wconf 88' lang='lat' dir='ltr'>mentis,</span> <span class='ocrx_word' id='word_1_863' title='bbox 2426 4625 2598 4675; x_wconf 85' lang='lat' dir='ltr'>rebus</span> <span class='ocrx_word' id='word_1_864' title='bbox 2616 4620 2901 4687; x_wconf 87' lang='lat' dir='ltr'>pudendis</span> <span class='ocrx_word' id='word_1_865' title='bbox 2915 4624 2974 4670; x_wconf 90' lang='lat' dir='ltr'>et</span> <span class='ocrx_word' id='word_1_866' title='bbox 2988 4619 3226 4670; x_wconf 88' lang='lat' dir='ltr'>ludicris</span> <span class='ocrx_word' id='word_1_867' title='bbox 3247 4619 3663 4670; x_wconf 84' lang='lat' dir='ltr'>intumescant:</span> <span class='ocrx_word' id='word_1_868' title='bbox 3679 4631 3764 4664; x_wconf 72' lang='lat' dir='ltr'>cu-</span> 
     </span>
    </p>
   </div>
   <div class='ocr_carea' id='block_1_121' title="bbox 472 4688 3764 4768">
    <p class='ocr_par' dir='ltr' id='par_1_121' title="bbox 472 4688 3764 4768">
     <span class='ocr_line' id='line_1_121' title="bbox 472 4688 3764 4768; baseline -0.001 -29"><span class='ocrx_word' id='word_1_869' title='bbox 472 4690 602 4768; x_wconf 77' lang='lat' dir='ltr'>dem</span> <span class='ocrx_word' id='word_1_870' title='bbox 628 4691 869 4768; x_wconf 88' lang='lat' dir='ltr'>pertinet</span> <span class='ocrx_word' id='word_1_871' title='bbox 892 4689 1173 4768; x_wconf 77' lang='lat' dir='ltr'>lectionis,</span> <span class='ocrx_word' id='word_1_872' title='bbox 1199 4703 1266 4741; x_wconf 90' lang='lat' dir='ltr'>eo</span> <span class='ocrx_word' id='word_1_873' title='bbox 1292 4703 1470 4768; x_wconf 85' lang='lat' dir='ltr'>sensu</span> <span class='ocrx_word' id='word_1_874' title='bbox 1493 4691 1722 4743; x_wconf 89' lang='lat' dir='ltr'>videtur</span> <span class='ocrx_word' id='word_1_875' title='bbox 1743 4692 1984 4768; x_wconf 78' lang='lat' dir='ltr'>illatum,</span> <span class='ocrx_word' id='word_1_876' title='bbox 2013 4698 2075 4745; x_wconf 91' lang='lat' dir='ltr'>ut</span> <span class='ocrx_word' id='word_1_877' title='bbox 2097 4694 2154 4768; x_wconf 87' lang='lat' dir='ltr'>D</span> <span class='ocrx_word' id='word_1_878' title='bbox 2177 4699 2268 4747; x_wconf 89' lang='lat' dir='ltr'>nis</span> <span class='ocrx_word' id='word_1_879' title='bbox 2301 4695 2564 4747; x_wconf 88' lang='lat' dir='ltr'>videlicet</span> <span class='ocrx_word' id='word_1_880' title='bbox 2609 4693 2954 4754; x_wconf 89' lang='lat' dir='ltr'>concisione,</span> <span class='ocrx_word' id='word_1_881' title='bbox 2978 4693 3036 4742; x_wconf 91' lang='lat' dir='ltr'>et</span> <span class='ocrx_word' id='word_1_882' title='bbox 3061 4699 3078 4718; x_wconf 70' lang='grc' dir='ltr'><strong>ε</strong></span> <span class='ocrx_word' id='word_1_883' title='bbox 3114 4690 3470 4768; x_wconf 81' lang='lat' dir='ltr'>sabbatibus</span> <span class='ocrx_word' id='word_1_884' title='bbox 3495 4690 3646 4768; x_wconf 72' lang='lat' dir='ltr'>feriis</span> <span class='ocrx_word' id='word_1_885' title='bbox 3671 4688 3764 4768; x_wconf 64' lang='lat' dir='ltr'>glo-</span> 
     </span>
    </p>
   </div>
   <div class='ocr_carea' id='block_1_122' title="bbox 472 4761 2072 4826">
    <p class='ocr_par' dir='ltr' id='par_1_122' title="bbox 472 4761 2072 4826">
     <span class='ocr_line' id='line_1_122' title="bbox 472 4761 2072 4826; baseline 0.002 -15"><span class='ocrx_word' id='word_1_886' title='bbox 472 4761 698 4820; x_wconf 85' lang='lat' dir='ltr'>dixerit,</span> <span class='ocrx_word' id='word_1_887' title='bbox 724 4774 842 4812; x_wconf 93' lang='lat' dir='ltr'>non</span> <span class='ocrx_word' id='word_1_888' title='bbox 865 4761 1052 4812; x_wconf 90' lang='lat' dir='ltr'>solum</span> <span class='ocrx_word' id='word_1_889' title='bbox 1073 4761 1281 4812; x_wconf 85' lang='lat' dir='ltr'>famem</span> <span class='ocrx_word' id='word_1_890' title='bbox 1307 4767 1492 4826; x_wconf 90' lang='lat' dir='ltr'>panis,</span> <span class='ocrx_word' id='word_1_891' title='bbox 1527 4775 1714 4826; x_wconf 89' lang='lat' dir='ltr'>neque</span> <span class='ocrx_word' id='word_1_892' title='bbox 1739 4767 1924 4816; x_wconf 86' lang='lat' dir='ltr'>solum</span> <span class='ocrx_word' id='word_1_893' title='bbox 1937 4770 2072 4814; x_wconf 85' lang='lat' dir='ltr'>sitim</span> 
     </span>
    </p>
   </div>
   <div class='ocr_carea' id='block_1_123' title="bbox 471 4832 2076 4900">
    <p class='ocr_par' dir='ltr' id='par_1_123' title="bbox 471 4832 2076 4900">
     <span class='ocr_line' id='line_1_123' title="bbox 471 4832 2076 4900; baseline 0.004 -18"><span class='ocrx_word' id='word_1_894' title='bbox 471 4843 658 4894; x_wconf 67' lang='lat' dir='ltr'>aquas,</span> <span class='ocrx_word' id='word_1_895' title='bbox 685 4836 784 4883; x_wconf 88' lang='lat' dir='ltr'>sed</span> <span class='ocrx_word' id='word_1_896' title='bbox 811 4832 1084 4883; x_wconf 89' lang='lat' dir='ltr'>audiendi</span> <span class='ocrx_word' id='word_1_897' title='bbox 1113 4833 1354 4883; x_wconf 90' lang='lat' dir='ltr'>verbum</span> <span class='ocrx_word' id='word_1_898' title='bbox 1371 4835 1598 4884; x_wconf 88' lang='lat' dir='ltr'>Domini</span> <span class='ocrx_word' id='word_1_899' title='bbox 1615 4847 1741 4886; x_wconf 90' lang='lat' dir='ltr'>eam</span> <span class='ocrx_word' id='word_1_900' title='bbox 1760 4835 1878 4887; x_wconf 88' lang='lat' dir='ltr'>fore</span> <span class='ocrx_word' id='word_1_901' title='bbox 1903 4850 2076 4900; x_wconf 90' lang='lat' dir='ltr'>penu-</span> 
     </span>
    </p>
   </div>
   <div class='ocr_carea' id='block_1_124' title="bbox 472 4904 2072 4969">
    <p class='ocr_par' dir='ltr' id='par_1_124' title="bbox 472 4904 2072 4969">
     <span class='ocr_line' id='line_1_124' title="bbox 472 4904 2072 4969; baseline 0.004 -17"><span class='ocrx_word' id='word_1_902' title='bbox 472 4904 632 4966; x_wconf 88' lang='lat' dir='ltr'>riam,</span> <span class='ocrx_word' id='word_1_903' title='bbox 663 4908 726 4953; x_wconf 89' lang='lat' dir='ltr'>ut</span> <span class='ocrx_word' id='word_1_904' title='bbox 758 4916 1050 4966; x_wconf 87' lang='lat' dir='ltr'>nusquam</span> <span class='ocrx_word' id='word_1_905' title='bbox 1085 4906 1313 4954; x_wconf 88' lang='lat' dir='ltr'>valeant</span> <span class='ocrx_word' id='word_1_906' title='bbox 1352 4904 1666 4969; x_wconf 89' lang='lat' dir='ltr'>doctorem,</span> <span class='ocrx_word' id='word_1_907' title='bbox 1693 4908 1917 4958; x_wconf 84' lang='lat' dir='ltr'>etiamsi</span> <span class='ocrx_word' id='word_1_908' title='bbox 1942 4922 2072 4959; x_wconf 90' lang='lat' dir='ltr'>eum</span> 
     </span>
    </p>
   </div>
   <div class='ocr_carea' id='block_1_125' title="bbox 469 4975 2074 5042">
    <p class='ocr_par' dir='ltr' id='par_1_125' title="bbox 469 4975 2074 5042">
     <span class='ocr_line' id='line_1_125' title="bbox 469 4975 2074 5042; baseline 0.003 -17"><span class='ocrx_word' id='word_1_909' title='bbox 469 4975 804 5026; x_wconf 86' lang='lat' dir='ltr'>avidissime</span> <span class='ocrx_word' id='word_1_910' title='bbox 827 4975 1181 5037; x_wconf 67' lang='lat' dir='ltr'>quaesierint,</span> <span class='ocrx_word' id='word_1_911' title='bbox 1208 4977 1470 5039; x_wconf 91' lang='lat' dir='ltr'>reperire.</span> <span class='ocrx_word' id='word_1_912' title='bbox 1500 4981 1696 5040; x_wconf 62' lang='lat' dir='ltr'>Neque</span> <span class='ocrx_word' id='word_1_913' title='bbox 1719 4981 1874 5029; x_wconf 88' lang='lat' dir='ltr'>enim</span> <span class='ocrx_word' id='word_1_914' title='bbox 1910 4981 2074 5042; x_wconf 82' lang='lat' dir='ltr'>quasi</span> 
     </span>
    </p>
   </div>
   <div class='ocr_carea' id='block_1_126' title="bbox 471 5045 2075 5115">
    <p class='ocr_par' dir='ltr' id='par_1_126' title="bbox 471 5045 2075 5115">
     <span class='ocr_line' id='line_1_126' title="bbox 471 5045 2075 5115; baseline 0.004 -19"><span class='ocrx_word' id='word_1_915' title='bbox 471 5047 749 5098; x_wconf 69' lang='lat' dir='ltr'>doctrinae</span> <span class='ocrx_word' id='word_1_916' title='bbox 775 5045 1046 5109; x_wconf 80' lang='lat' dir='ltr'>spiritalis</span> <span class='ocrx_word' id='word_1_917' title='bbox 1073 5045 1334 5110; x_wconf 88' lang='lat' dir='ltr'>cupidos,</span> <span class='ocrx_word' id='word_1_918' title='bbox 1353 5057 1370 5076; x_wconf 89' lang='grc'><strong>·</strong></span> <span class='ocrx_word' id='word_1_919' title='bbox 1396 5061 1611 5112; x_wconf 91' lang='lat' dir='ltr'>perque</span> <span class='ocrx_word' id='word_1_920' title='bbox 1639 5050 1747 5100; x_wconf 81' lang='lat' dir='ltr'>hoc</span> <span class='ocrx_word' id='word_1_921' title='bbox 1771 5050 2075 5115; x_wconf 84' lang='lat' dir='ltr'>dispendia</span> 
     </span>
    </p>
   </div>
   <div class='ocr_carea' id='block_1_127' title="bbox 471 5117 2074 5186">
    <p class='ocr_par' dir='ltr' id='par_1_127' title="bbox 471 5117 2074 5186">
     <span class='ocr_line' id='line_1_127' title="bbox 471 5117 2074 5186; baseline 0.002 -17"><span class='ocrx_word' id='word_1_922' title='bbox 471 5117 597 5180; x_wconf 86' lang='lat' dir='ltr'>ejus</span> <span class='ocrx_word' id='word_1_923' title='bbox 622 5117 874 5181; x_wconf 90' lang='lat' dir='ltr'>graviter</span> <span class='ocrx_word' id='word_1_924' title='bbox 906 5117 1261 5169; x_wconf 75' lang='lat' dir='ltr'>mstimautes</span> <span class='ocrx_word' id='word_1_925' title='bbox 1283 5119 1581 5183; x_wconf 64' lang='lat' dir='ltr'>edicenda,</span> <span class='ocrx_word' id='word_1_926' title='bbox 1608 5120 1864 5172; x_wconf 89' lang='lat' dir='ltr'>solorum</span> <span class='ocrx_word' id='word_1_927' title='bbox 1887 5123 2074 5186; x_wconf 85' lang='lat' dir='ltr'>magi-</span> 
     </span>
    </p>
   </div>
   <div class='ocr_carea' id='block_1_128' title="bbox 471 5189 2074 5256">
    <p class='ocr_par' dir='ltr' id='par_1_128' title="bbox 471 5189 2074 5256">
     <span class='ocr_line' id='line_1_128' title="bbox 471 5189 2074 5256; baseline 0.004 -16"><span class='ocrx_word' id='word_1_928' title='bbox 471 5195 723 5241; x_wconf 88' lang='lat' dir='ltr'>strorum</span> <span class='ocrx_word' id='word_1_929' title='bbox 745 5189 1032 5240; x_wconf 85' lang='lat' dir='ltr'>ablatione</span> <span class='ocrx_word' id='word_1_930' title='bbox 1071 5194 1323 5242; x_wconf 88' lang='lat' dir='ltr'>terreret.</span> <span class='ocrx_word' id='word_1_931' title='bbox 1358 5193 1685 5244; x_wconf 87' lang='lat' dir='ltr'>Secundum</span> <span class='ocrx_word' id='word_1_932' title='bbox 1711 5196 1939 5256; x_wconf 86' lang='lat' dir='ltr'>eloquia</span> <span class='ocrx_word' id='word_1_933' title='bbox 1965 5196 2074 5246; x_wconf 77' lang='lat' dir='ltr'>iia-</span> 
     </span>
    </p>
   </div>
   <div class='ocr_carea' id='block_1_129' title="bbox 471 5262 2071 5328">
    <p class='ocr_par' dir='ltr' id='par_1_129' title="bbox 471 5262 2071 5328">
     <span class='ocr_line' id='line_1_129' title="bbox 471 5262 2071 5328; baseline 0.003 -17"><span class='ocrx_word' id='word_1_934' title='bbox 471 5274 582 5324; x_wconf 90' lang='lat' dir='ltr'>que</span> <span class='ocrx_word' id='word_1_935' title='bbox 627 5262 932 5325; x_wconf 86' lang='lat' dir='ltr'>Scripturis</span> <span class='ocrx_word' id='word_1_936' title='bbox 970 5263 1260 5313; x_wconf 81' lang='lat' dir='ltr'>familiaria</span> <span class='ocrx_word' id='word_1_937' title='bbox 1300 5275 1417 5313; x_wconf 92' lang='lat' dir='ltr'>non</span> <span class='ocrx_word' id='word_1_938' title='bbox 1457 5264 1652 5326; x_wconf 89' lang='lat' dir='ltr'>utique</span> <span class='ocrx_word' id='word_1_939' title='bbox 1691 5266 1942 5328; x_wconf 76' lang='lat' dir='ltr'>negavit,</span> <span class='ocrx_word' id='word_1_940' title='bbox 1969 5279 2071 5318; x_wconf 89' lang='lat' dir='ltr'>eos</span> 
     </span>
    </p>
   </div>
   <div class='ocr_carea' id='block_1_130' title="bbox 473 5332 2068 5398">
    <p class='ocr_par' dir='ltr' id='par_1_130' title="bbox 473 5332 2068 5398">
     <span class='ocr_line' id='line_1_130' title="bbox 473 5332 2068 5398; baseline 0.003 -17"><span class='ocrx_word' id='word_1_941' title='bbox 473 5332 619 5383; x_wconf 86' lang='lat' dir='ltr'>fame</span> <span class='ocrx_word' id='word_1_942' title='bbox 645 5333 852 5396; x_wconf 78' lang='lat' dir='ltr'>sitique</span> <span class='ocrx_word' id='word_1_943' title='bbox 883 5333 1202 5396; x_wconf 87' lang='lat' dir='ltr'>vexandos,</span> <span class='ocrx_word' id='word_1_944' title='bbox 1229 5334 1328 5384; x_wconf 90' lang='lat' dir='ltr'>sed</span> <span class='ocrx_word' id='word_1_945' title='bbox 1354 5335 1819 5386; x_wconf 87' lang='lat' dir='ltr'>subaudiendum</span> <span class='ocrx_word' id='word_1_946' title='bbox 1845 5341 2068 5398; x_wconf 77' lang='lat' dir='ltr'>reliquit,</span> 
     </span>
    </p>
   </div>
   <div class='ocr_carea' id='block_1_131' title="bbox 469 5404 2069 5469">
    <p class='ocr_par' dir='ltr' id='par_1_131' title="bbox 469 5404 2069 5469">
     <span class='ocr_line' id='line_1_131' title="bbox 469 5404 2069 5469; baseline 0.004 -15"><span class='ocrx_word' id='word_1_947' title='bbox 469 5417 586 5456; x_wconf 88' lang='lat' dir='ltr'>non</span> <span class='ocrx_word' id='word_1_948' title='bbox 610 5405 701 5455; x_wconf 88' lang='lat' dir='ltr'>his</span> <span class='ocrx_word' id='word_1_949' title='bbox 736 5404 941 5466; x_wconf 91' lang='lat' dir='ltr'>solum,</span> <span class='ocrx_word' id='word_1_950' title='bbox 977 5417 1109 5469; x_wconf 68' lang='lat' dir='ltr'>quas</span> <span class='ocrx_word' id='word_1_951' title='bbox 1140 5418 1241 5468; x_wconf 93' lang='lat' dir='ltr'>pro</span> <span class='ocrx_word' id='word_1_952' title='bbox 1271 5406 1599 5458; x_wconf 88' lang='lat' dir='ltr'>conditione</span> <span class='ocrx_word' id='word_1_953' title='bbox 1643 5407 1900 5459; x_wconf 83' lang='lat' dir='ltr'>mortalis</span> <span class='ocrx_word' id='word_1_954' title='bbox 1934 5411 2069 5462; x_wconf 63' lang='lat' dir='ltr'>vitae</span> 
     </span>
    </p>
   </div>
   <div class='ocr_carea' id='block_1_132' title="bbox 471 5475 2066 5542">
    <p class='ocr_par' dir='ltr' id='par_1_132' title="bbox 471 5475 2066 5542">
     <span class='ocr_line' id='line_1_132' title="bbox 471 5475 2066 5542; baseline 0.003 -16"><span class='ocrx_word' id='word_1_955' title='bbox 471 5475 637 5528; x_wconf 89' lang='lat' dir='ltr'>bonis</span> <span class='ocrx_word' id='word_1_956' title='bbox 663 5477 943 5541; x_wconf 88' lang='lat' dir='ltr'>malisque</span> <span class='ocrx_word' id='word_1_957' title='bbox 967 5479 1132 5541; x_wconf 87' lang='lat' dir='ltr'>quasi</span> <span class='ocrx_word' id='word_1_958' title='bbox 1160 5478 1482 5542; x_wconf 88' lang='lat' dir='ltr'>promiscue</span> <span class='ocrx_word' id='word_1_959' title='bbox 1507 5478 1798 5532; x_wconf 90' lang='lat' dir='ltr'>interdum</span> <span class='ocrx_word' id='word_1_960' title='bbox 1813 5483 2066 5540; x_wconf 82' lang='lat' dir='ltr'>accidunt,</span> 
     </span>
    </p>
   </div>
   <div class='ocr_carea' id='block_1_133' title="bbox 534 5647 2068 5716">
    <p class='ocr_par' dir='ltr' id='par_1_133' title="bbox 534 5647 2068 5716">
     <span class='ocr_line' id='line_1_133' title="bbox 534 5647 2068 5716; baseline 0.006 -18"><span class='ocrx_word' id='word_1_961' title='bbox 534 5657 550 5675; x_wconf 89' lang='grc'><strong>·</strong></span> <span class='ocrx_word' id='word_1_962' title='bbox 577 5647 720 5699; x_wconf 84' lang='lat' dir='ltr'>Male</span> <span class='ocrx_word' id='word_1_963' title='bbox 748 5652 920 5700; x_wconf 90' lang='lat' dir='ltr'>antea</span> <span class='ocrx_word' id='word_1_964' title='bbox 954 5664 1048 5713; x_wconf 81' lang='lat' dir='ltr'>per</span> <span class='ocrx_word' id='word_1_965' title='bbox 1072 5664 1205 5714; x_wconf 73' lang='lat' dir='ltr'>quae,</span> <span class='ocrx_word' id='word_1_966' title='bbox 1235 5649 1464 5702; x_wconf 91' lang='lat' dir='ltr'>duobus</span> <span class='ocrx_word' id='word_1_967' title='bbox 1498 5651 1707 5704; x_wconf 89' lang='lat' dir='ltr'>verbis.</span> <span class='ocrx_word' id='word_1_968' title='bbox 1733 5651 1852 5703; x_wconf 83' lang='lat' dir='ltr'>Red</span> <span class='ocrx_word' id='word_1_969' title='bbox 1877 5665 2068 5716; x_wconf 84' lang='lat' dir='ltr'>neque</span> 
     </span>
    </p>
   </div>
   <div class='ocr_carea' id='block_1_134' title="bbox 468 5716 1876 5785">
    <p class='ocr_par' dir='ltr' id='par_1_134' title="bbox 468 5716 1876 5785">
     <span class='ocr_line' id='line_1_134' title="bbox 468 5716 1876 5785; baseline 0.005 -19"><span class='ocrx_word' id='word_1_970' title='bbox 468 5716 604 5769; x_wconf 88' lang='lat' dir='ltr'>illud</span> <span class='ocrx_word' id='word_1_971' title='bbox 637 5719 779 5769; x_wconf 88' lang='lat' dir='ltr'>satis</span> <span class='ocrx_word' id='word_1_972' title='bbox 803 5725 1006 5783; x_wconf 86' lang='lat' dir='ltr'>placet,</span> <span class='ocrx_word' id='word_1_973' title='bbox 1035 5723 1191 5785; x_wconf 89' lang='lat' dir='ltr'>quod</span> <span class='ocrx_word' id='word_1_974' title='bbox 1212 5735 1349 5774; x_wconf 86' lang='lat' dir='ltr'>mox</span> <span class='ocrx_word' id='word_1_975' title='bbox 1373 5723 1481 5775; x_wconf 90' lang='lat' dir='ltr'>dici</span> <span class='ocrx_word' id='word_1_976' title='bbox 1491 5728 1581 5775; x_wconf 89' lang='lat' dir='ltr'>tur</span> <span class='ocrx_word' id='word_1_977' title='bbox 1602 5724 1876 5774; x_wconf 81' lang='lat' dir='ltr'>edicenda.</span> 
     </span>
    </p>
   </div>
   <div class='ocr_carea' id='block_1_135' title="bbox 531 5789 2064 5858">
    <p class='ocr_par' dir='ltr' id='par_1_135' title="bbox 531 5789 2064 5858">
     <span class='ocr_line' id='line_1_135' title="bbox 531 5789 2064 5858; baseline 0.006 -19"><span class='ocrx_word' id='word_1_978' title='bbox 531 5789 552 5816; x_wconf 82' lang='lat'><strong>&quot;</strong></span> <span class='ocrx_word' id='word_1_979' title='bbox 577 5792 786 5853; x_wconf 91' lang='lat' dir='ltr'>Supple</span> <span class='ocrx_word' id='word_1_980' title='bbox 808 5792 1190 5858; x_wconf 78' lang='lat' dir='ltr'>calamitatem,</span> <span class='ocrx_word' id='word_1_981' title='bbox 1217 5800 1319 5847; x_wconf 90' lang='lat' dir='ltr'>aut</span> <span class='ocrx_word' id='word_1_982' title='bbox 1343 5796 1536 5848; x_wconf 88' lang='lat' dir='ltr'>verius</span> <span class='ocrx_word' id='word_1_983' title='bbox 1560 5798 1810 5850; x_wconf 89' lang='lat' dir='ltr'>rescribe</span> <span class='ocrx_word' id='word_1_984' title='bbox 1831 5797 2064 5848; x_wconf 70' lang='lat' dir='ltr'>noxium</span> 
     </span>
    </p>
   </div>
   <div class='ocr_carea' id='block_1_136' title="bbox 468 5863 856 5919">
    <p class='ocr_par' dir='ltr' id='par_1_136' title="bbox 468 5863 856 5919">
     <span class='ocr_line' id='line_1_136' title="bbox 468 5863 856 5919; baseline 0.01 -11"><span class='ocrx_word' id='word_1_985' title='bbox 468 5869 568 5919; x_wconf 87' lang='lat' dir='ltr'>pro</span> <span class='ocrx_word' id='word_1_986' title='bbox 587 5863 856 5912; x_wconf 84' lang='lat' dir='ltr'>omnium.</span> 
     </span>
    </p>
   </div>
   <div class='ocr_carea' id='block_1_137' title="bbox 529 5937 1564 5999">
    <p class='ocr_par' dir='ltr' id='par_1_137' title="bbox 529 5937 1564 5999">
     <span class='ocr_line' id='line_1_137' title="bbox 529 5937 1564 5999; baseline 0.008 -13"><span class='ocrx_word' id='word_1_987' title='bbox 529 5945 549 5966; x_wconf 85' lang='grc'><strong>·</strong></span> <span class='ocrx_word' id='word_1_988' title='bbox 569 5937 986 5999; x_wconf 85' lang='lat' dir='ltr'>Reponendum</span> <span class='ocrx_word' id='word_1_989' title='bbox 1014 5939 1246 5991; x_wconf 88' lang='lat' dir='ltr'>videtur</span> <span class='ocrx_word' id='word_1_990' title='bbox 1265 5939 1564 5994; x_wconf 78' lang='lat' dir='ltr'>sabbaticis.</span> 
     </span>
    </p>
   </div>
   <div class='ocr_carea' id='block_1_138' title="bbox 2175 4757 3766 4829">
    <p class='ocr_par' dir='ltr' id='par_1_138' title="bbox 2175 4757 3766 4829">
     <span class='ocr_line' id='line_1_138' title="bbox 2175 4757 3766 4829; baseline -0.007 -8"><span class='ocrx_word' id='word_1_991' title='bbox 2175 4771 2408 4821; x_wconf 90' lang='lat' dir='ltr'>riantes.</span> <span class='ocrx_word' id='word_1_992' title='bbox 2432 4769 2863 4829; x_wconf 86' lang='lat' dir='ltr'>Conscquenter</span> <span class='ocrx_word' id='word_1_993' title='bbox 2885 4775 3022 4826; x_wconf 83' lang='lat' dir='ltr'>ergo</span> <span class='ocrx_word' id='word_1_994' title='bbox 3046 4774 3157 4813; x_wconf 91' lang='lat' dir='ltr'>nec</span> <span class='ocrx_word' id='word_1_995' title='bbox 3180 4761 3390 4813; x_wconf 89' lang='lat' dir='ltr'>doctor</span> <span class='ocrx_word' id='word_1_996' title='bbox 3417 4762 3571 4826; x_wconf 87' lang='lat' dir='ltr'>apud</span> <span class='ocrx_word' id='word_1_997' title='bbox 3589 4757 3766 4811; x_wconf 75' lang='lat' dir='ltr'>eosali-</span> 
     </span>
    </p>
   </div>
   <div class='ocr_carea' id='block_1_139' title="bbox 2174 4832 3762 4906">
    <p class='ocr_par' dir='ltr' id='par_1_139' title="bbox 2174 4832 3762 4906">
     <span class='ocr_line' id='line_1_139' title="bbox 2174 4832 3762 4906; baseline -0.009 -14"><span class='ocrx_word' id='word_1_998' title='bbox 2174 4842 2304 4904; x_wconf 89' lang='lat' dir='ltr'>quis</span> <span class='ocrx_word' id='word_1_999' title='bbox 2345 4840 2624 4896; x_wconf 84' lang='lat' dir='ltr'>eruditus,</span> <span class='ocrx_word' id='word_1_1000' title='bbox 2657 4848 2763 4887; x_wconf 90' lang='lat' dir='ltr'>nec</span> <span class='ocrx_word' id='word_1_1001' title='bbox 2806 4835 3095 4906; x_wconf 85' lang='lat' dir='ltr'>princeps,</span> <span class='ocrx_word' id='word_1_1002' title='bbox 3145 4845 3251 4883; x_wconf 85' lang='lat' dir='ltr'>nec</span> <span class='ocrx_word' id='word_1_1003' title='bbox 3297 4832 3593 4906; x_wconf 86' lang='lat' dir='ltr'>sacerdos,</span> <span class='ocrx_word' id='word_1_1004' title='bbox 3618 4840 3762 4906; x_wconf 64' lang='lat' dir='ltr'>aqua</span> 
     </span>
    </p>
   </div>
   <div class='ocr_carea' id='block_1_140' title="bbox 2172 4901 3763 4972">
    <p class='ocr_par' dir='ltr' id='par_1_140' title="bbox 2172 4901 3763 4972">
     <span class='ocr_line' id='line_1_140' title="bbox 2172 4901 3763 4972; baseline -0.009 -9"><span class='ocrx_word' id='word_1_1005' title='bbox 2172 4901 2572 4972; x_wconf 66' lang='lat' dir='ltr'>reformantur,</span> <span class='ocrx_word' id='word_1_1006' title='bbox 2597 4908 2833 4960; x_wconf 84' lang='lat' dir='ltr'>existit:</span> <span class='ocrx_word' id='word_1_1007' title='bbox 2882 4906 3019 4968; x_wconf 86' lang='lat' dir='ltr'>quia</span> <span class='ocrx_word' id='word_1_1008' title='bbox 3057 4903 3337 4966; x_wconf 88' lang='lat' dir='ltr'>loquente</span> <span class='ocrx_word' id='word_1_1009' title='bbox 3387 4905 3606 4967; x_wconf 75' lang='lat' dir='ltr'>Moyse,</span> <span class='ocrx_word' id='word_1_1010' title='bbox 3639 4901 3763 4952; x_wconf 83' lang='lat' dir='ltr'>oculi</span> 
     </span>
    </p>
   </div>
   <div class='ocr_carea' id='block_1_141' title="bbox 2173 4974 3764 5039">
    <p class='ocr_par' dir='ltr' id='par_1_141' title="bbox 2173 4974 3764 5039">
     <span class='ocr_line' id='line_1_141' title="bbox 2173 4974 3764 5039; baseline -0.011 -5"><span class='ocrx_word' id='word_1_1011' title='bbox 2173 4995 2374 5034; x_wconf 87' lang='lat' dir='ltr'>eorum</span> <span class='ocrx_word' id='word_1_1012' title='bbox 2402 4980 2683 5032; x_wconf 87' lang='lat' dir='ltr'>velamine</span> <span class='ocrx_word' id='word_1_1013' title='bbox 2705 4981 3114 5039; x_wconf 84' lang='lat' dir='ltr'>conteguntur,</span> <span class='ocrx_word' id='word_1_1014' title='bbox 3130 4974 3287 5037; x_wconf 89' lang='lat' dir='ltr'>quod</span> <span class='ocrx_word' id='word_1_1015' title='bbox 3299 4987 3422 5025; x_wconf 91' lang='lat' dir='ltr'>non</span> <span class='ocrx_word' id='word_1_1016' title='bbox 3446 4974 3764 5026; x_wconf 73' lang='lat' dir='ltr'>aliteraqu-</span> 
     </span>
    </p>
   </div>
   <div class='ocr_carea' id='block_1_142' title="bbox 2174 5043 3760 5116">
    <p class='ocr_par' dir='ltr' id='par_1_142' title="bbox 2174 5043 3760 5116">
     <span class='ocr_line' id='line_1_142' title="bbox 2174 5043 3760 5116; baseline -0.009 -11"><span class='ocrx_word' id='word_1_1017' title='bbox 2174 5061 2283 5116; x_wconf 90' lang='lat' dir='ltr'>tur,</span> <span class='ocrx_word' id='word_1_1018' title='bbox 2319 5053 2430 5104; x_wconf 89' lang='lat' dir='ltr'>nisi</span> <span class='ocrx_word' id='word_1_1019' title='bbox 2455 5064 2590 5103; x_wconf 90' lang='lat' dir='ltr'>cum</span> <span class='ocrx_word' id='word_1_1020' title='bbox 2617 5051 2678 5100; x_wconf 90' lang='lat' dir='ltr'>in</span> <span class='ocrx_word' id='word_1_1021' title='bbox 2704 5049 2948 5109; x_wconf 82' lang='lat' dir='ltr'>Christo,</span> <span class='ocrx_word' id='word_1_1022' title='bbox 2969 5047 3072 5109; x_wconf 89' lang='lat' dir='ltr'>qui</span> <span class='ocrx_word' id='word_1_1023' title='bbox 3085 5057 3196 5096; x_wconf 90' lang='lat' dir='ltr'>nos</span> <span class='ocrx_word' id='word_1_1024' title='bbox 3213 5046 3484 5106; x_wconf 87' lang='lat' dir='ltr'>redemit,</span> <span class='ocrx_word' id='word_1_1025' title='bbox 3509 5043 3760 5096; x_wconf 82' lang='lat' dir='ltr'>aboletur.</span> 
     </span>
    </p>
   </div>
   <div class='ocr_carea' id='block_1_143' title="bbox 2175 5117 3761 5187">
    <p class='ocr_par' dir='ltr' id='par_1_143' title="bbox 2175 5117 3761 5187">
     <span class='ocr_line' id='line_1_143' title="bbox 2175 5117 3761 5187; baseline -0.011 -11"><span class='ocrx_word' id='word_1_1026' title='bbox 2175 5123 2570 5187; x_wconf 84' lang='lat' dir='ltr'>Circumibunt,</span> <span class='ocrx_word' id='word_1_1027' title='bbox 2616 5120 2822 5184; x_wconf 83' lang='lat' dir='ltr'>inquit,</span> <span class='ocrx_word' id='word_1_1028' title='bbox 2863 5117 3080 5166; x_wconf 83' lang='lat' dir='ltr'>verbum</span> <span class='ocrx_word' id='word_1_1029' title='bbox 3124 5118 3358 5166; x_wconf 83' lang='lat' dir='ltr'>Domini</span> <span class='ocrx_word' id='word_1_1030' title='bbox 3396 5121 3761 5182; x_wconf 57' lang='lat' dir='ltr'>querentes.“</span> 
     </span>
    </p>
   </div>
   <div class='ocr_carea' id='block_1_144' title="bbox 2171 5189 3762 5256">
    <p class='ocr_par' dir='ltr' id='par_1_144' title="bbox 2171 5189 3762 5256">
     <span class='ocr_line' id='line_1_144' title="bbox 2171 5189 3762 5256; baseline -0.008 -10"><span class='ocrx_word' id='word_1_1031' title='bbox 2171 5212 2282 5246; x_wconf 80' lang='lat' dir='ltr'>non</span> <span class='ocrx_word' id='word_1_1032' title='bbox 2307 5197 2598 5254; x_wconf 81' lang='lat' dir='ltr'>invenient,</span> <span class='ocrx_word' id='word_1_1033' title='bbox 2613 5194 2749 5256; x_wconf 90' lang='lat' dir='ltr'>quia</span> <span class='ocrx_word' id='word_1_1034' title='bbox 2771 5204 2907 5242; x_wconf 91' lang='lat' dir='ltr'>eum</span> <span class='ocrx_word' id='word_1_1035' title='bbox 2923 5191 3025 5252; x_wconf 91' lang='lat' dir='ltr'>qui</span> <span class='ocrx_word' id='word_1_1036' title='bbox 3045 5191 3300 5240; x_wconf 88' lang='lat' dir='ltr'>Verbum</span> <span class='ocrx_word' id='word_1_1037' title='bbox 3317 5202 3457 5241; x_wconf 87' lang='lat' dir='ltr'>caro</span> <span class='ocrx_word' id='word_1_1038' title='bbox 3478 5189 3762 5240; x_wconf 80' lang='lat' dir='ltr'>factumest</span> 
     </span>
    </p>
   </div>
   <div class='ocr_carea' id='block_1_145' title="bbox 2171 5259 3756 5331">
    <p class='ocr_par' dir='ltr' id='par_1_145' title="bbox 2171 5259 3756 5331">
     <span class='ocr_line' id='line_1_145' title="bbox 2171 5259 3756 5331; baseline -0.006 -13"><span class='ocrx_word' id='word_1_1039' title='bbox 2171 5267 2461 5331; x_wconf 77' lang='lat' dir='ltr'>(Joan.1.),</span> <span class='ocrx_word' id='word_1_1040' title='bbox 2496 5268 2872 5329; x_wconf 86' lang='lat' dir='ltr'>negaverunt,</span> <span class='ocrx_word' id='word_1_1041' title='bbox 2902 5263 3098 5324; x_wconf 87' lang='lat' dir='ltr'>sicque</span> <span class='ocrx_word' id='word_1_1042' title='bbox 3123 5262 3229 5312; x_wconf 88' lang='lat' dir='ltr'>lux</span> <span class='ocrx_word' id='word_1_1043' title='bbox 3254 5263 3318 5312; x_wconf 89' lang='lat' dir='ltr'>in</span> <span class='ocrx_word' id='word_1_1044' title='bbox 3334 5262 3594 5312; x_wconf 87' lang='lat' dir='ltr'>tenebris</span> <span class='ocrx_word' id='word_1_1045' title='bbox 3611 5259 3756 5315; x_wconf 75' lang='lat' dir='ltr'>lucet,</span> 
     </span>
    </p>
   </div>
   <div class='ocr_carea' id='block_1_146' title="bbox 2171 5333 3427 5398">
    <p class='ocr_par' dir='ltr' id='par_1_146' title="bbox 2171 5333 3427 5398">
     <span class='ocr_line' id='line_1_146' title="bbox 2171 5333 3427 5398; baseline -0.008 -7"><span class='ocrx_word' id='word_1_1046' title='bbox 2171 5345 2227 5391; x_wconf 89' lang='lat' dir='ltr'>et</span> <span class='ocrx_word' id='word_1_1047' title='bbox 2251 5341 2499 5390; x_wconf 66' lang='lat' dir='ltr'>tenebrae</span> <span class='ocrx_word' id='word_1_1048' title='bbox 2534 5349 2658 5388; x_wconf 89' lang='lat' dir='ltr'>eam</span> <span class='ocrx_word' id='word_1_1049' title='bbox 2682 5349 2800 5387; x_wconf 90' lang='lat' dir='ltr'>non</span> <span class='ocrx_word' id='word_1_1050' title='bbox 2837 5333 3427 5398; x_wconf 65' lang='lat' dir='ltr'>comprehenderunt.</span> 
     </span>
    </p>
   </div>
   <div class='ocr_carea' id='block_1_147' title="bbox 2233 5401 3758 5469">
    <p class='ocr_par' dir='ltr' id='par_1_147' title="bbox 2233 5401 3758 5469">
     <span class='ocr_line' id='line_1_147' title="bbox 2233 5401 3758 5469; baseline -0.008 -7"><span class='ocrx_word' id='word_1_1051' title='bbox 2233 5413 2399 5463; x_wconf 81' lang='lat' dir='ltr'>Vers.</span> <span class='ocrx_word' id='word_1_1052' title='bbox 2447 5409 2533 5464; x_wconf 89' lang='grc'>13.</span> <span class='ocrx_word' id='word_1_1053' title='bbox 2575 5409 2642 5464; x_wconf 77' lang='grc'>14</span> <span class='ocrx_word' id='word_1_1054' title='bbox 2677 5437 2735 5444; x_wconf 96' lang='grc'><strong>-</strong></span> <span class='ocrx_word' id='word_1_1055' title='bbox 2770 5409 2834 5456; x_wconf 83' lang='lat' dir='ltr'>In</span> <span class='ocrx_word' id='word_1_1056' title='bbox 2859 5407 2945 5456; x_wconf 81' lang='lat' dir='ltr'>die</span> <span class='ocrx_word' id='word_1_1057' title='bbox 2984 5407 3082 5455; x_wconf 82' lang='lat' dir='ltr'>illa</span> <span class='ocrx_word' id='word_1_1058' title='bbox 3116 5406 3370 5469; x_wconf 75' lang='lat' dir='ltr'>deﬁcient</span> <span class='ocrx_word' id='word_1_1059' title='bbox 3394 5407 3630 5469; x_wconf 73' lang='lat' dir='ltr'>virgines</span> <span class='ocrx_word' id='word_1_1060' title='bbox 3661 5401 3758 5469; x_wconf 44' lang='lat' dir='ltr'>pulp</span> 
     </span>
    </p>
   </div>
   <div class='ocr_carea' id='block_1_148' title="bbox 2168 5476 3756 5548">
    <p class='ocr_par' dir='ltr' id='par_1_148' title="bbox 2168 5476 3756 5548">
     <span class='ocr_line' id='line_1_148' title="bbox 2168 5476 3756 5548; baseline -0.008 -15"><span class='ocrx_word' id='word_1_1061' title='bbox 2168 5484 2327 5548; x_wconf 68' lang='lat' dir='ltr'>chris,</span> <span class='ocrx_word' id='word_1_1062' title='bbox 2364 5488 2408 5532; x_wconf 89' lang='lat' dir='ltr'>et</span> <span class='ocrx_word' id='word_1_1063' title='bbox 2433 5481 2780 5532; x_wconf 69' lang='lat' dir='ltr'>adolescentes</span> <span class='ocrx_word' id='word_1_1064' title='bbox 2804 5481 2860 5528; x_wconf 85' lang='lat' dir='ltr'>in</span> <span class='ocrx_word' id='word_1_1065' title='bbox 2887 5479 2997 5530; x_wconf 80' lang='lat' dir='ltr'>siti.</span> <span class='ocrx_word' id='word_1_1066' title='bbox 3039 5478 3217 5538; x_wconf 59' lang='lat' dir='ltr'>Quia“</span> <span class='ocrx_word' id='word_1_1067' title='bbox 3242 5477 3467 5542; x_wconf 78' lang='lat' dir='ltr'>juravit</span> <span class='ocrx_word' id='word_1_1068' title='bbox 3511 5479 3570 5527; x_wconf 81' lang='lat' dir='ltr'>in</span> <span class='ocrx_word' id='word_1_1069' title='bbox 3602 5476 3756 5526; x_wconf 72' lang='lat' dir='ltr'>delicto</span> 
     </span>
    </p>
   </div>
   <div class='ocr_carea' id='block_1_149' title="bbox 2235 5646 3752 5728">
    <p class='ocr_par' dir='ltr' id='par_1_149' title="bbox 2235 5646 3752 5728">
     <span class='ocr_line' id='line_1_149' title="bbox 2235 5646 3752 5728; baseline -0.008 -24"><span class='ocrx_word' id='word_1_1070' title='bbox 2235 5653 2254 5682; x_wconf 87' lang='grc'><em>⁴</em></span> <span class='ocrx_word' id='word_1_1071' title='bbox 2281 5653 2488 5728; x_wconf 83' lang='lat' dir='ltr'>Verius</span> <span class='ocrx_word' id='word_1_1072' title='bbox 2511 5649 3188 5728; x_wconf 21' lang='lat' dir='ltr'>iiieronymi‘ana‘versio,</span> <span class='ocrx_word' id='word_1_1073' title='bbox 3215 5654 3274 5702; x_wconf 90' lang='lat' dir='ltr'>et</span> <span class='ocrx_word' id='word_1_1074' title='bbox 3297 5651 3558 5728; x_wconf 85' lang='lat' dir='ltr'>vulgata,</span> <span class='ocrx_word' id='word_1_1075' title='bbox 3583 5649 3670 5712; x_wconf 78' lang='lat' dir='ltr'>qui</span> <span class='ocrx_word' id='word_1_1076' title='bbox 3685 5646 3752 5709; x_wconf 68' lang='lat' dir='ltr'>jn-</span> 
     </span>
    </p>
   </div>
   <div class='ocr_carea' id='block_1_150' title="bbox 2164 5722 3752 5789">
    <p class='ocr_par' dir='ltr' id='par_1_150' title="bbox 2164 5722 3752 5789">
     <span class='ocr_line' id='line_1_150' title="bbox 2164 5722 3752 5789; baseline -0.003 -14"><span class='ocrx_word' id='word_1_1077' title='bbox 2164 5731 2313 5789; x_wconf 86' lang='lat' dir='ltr'>rant,</span> <span class='ocrx_word' id='word_1_1078' title='bbox 2337 5725 2410 5777; x_wconf 89' lang='lat' dir='ltr'>ad</span> <span class='ocrx_word' id='word_1_1079' title='bbox 2431 5722 2741 5776; x_wconf 73' lang='lat' dir='ltr'>Hebraeum</span> <span class='ocrx_word' id='word_1_1080' title='bbox 2757 5723 3059 5776; x_wconf 62' lang='lat' dir='ltr'>DWDWJTI</span> <span class='ocrx_word' id='word_1_1081' title='bbox 3085 5722 3447 5787; x_wconf 77' lang='lat' dir='ltr'>jurantes,ut</span> <span class='ocrx_word' id='word_1_1082' title='bbox 3470 5727 3528 5773; x_wconf 84' lang='lat' dir='ltr'>et</span> <span class='ocrx_word' id='word_1_1083' title='bbox 3553 5734 3752 5773; x_wconf 76' lang='lat' dir='ltr'>inexco-</span> 
     </span>
    </p>
   </div>
   <div class='ocr_carea' id='block_1_151' title="bbox 2163 5793 3750 5862">
    <p class='ocr_par' dir='ltr' id='par_1_151' title="bbox 2163 5793 3750 5862">
     <span class='ocr_line' id='line_1_151' title="bbox 2163 5793 3750 5862; baseline -0.002 -12"><span class='ocrx_word' id='word_1_1084' title='bbox 2163 5798 2447 5850; x_wconf 77' lang='lat' dir='ltr'>haarenter</span> <span class='ocrx_word' id='word_1_1085' title='bbox 2469 5797 2655 5846; x_wconf 80' lang='lat' dir='ltr'>dicunt</span> <span class='ocrx_word' id='word_1_1086' title='bbox 2697 5807 2799 5859; x_wconf 91' lang='lat' dir='ltr'>pro</span> <span class='ocrx_word' id='word_1_1087' title='bbox 2823 5793 2972 5842; x_wconf 81' lang='lat' dir='ltr'>dicit.</span> <span class='ocrx_word' id='word_1_1088' title='bbox 3008 5795 3217 5849; x_wconf 79' lang='lat' dir='ltr'>Verius</span> <span class='ocrx_word' id='word_1_1089' title='bbox 3250 5807 3490 5862; x_wconf 89' lang='lat' dir='ltr'>quoque</span> <span class='ocrx_word' id='word_1_1090' title='bbox 3514 5797 3658 5860; x_wconf 86' lang='lat' dir='ltr'>quod</span> <span class='ocrx_word' id='word_1_1091' title='bbox 3683 5814 3750 5851; x_wconf 78' lang='lat' dir='ltr'>se-</span> 
     </span>
    </p>
   </div>
   <div class='ocr_carea' id='block_1_152' title="bbox 2161 5868 3751 5934">
    <p class='ocr_par' dir='ltr' id='par_1_152' title="bbox 2161 5868 3751 5934">
     <span class='ocr_line' id='line_1_152' title="bbox 2161 5868 3751 5934; baseline 0.003 -13"><span class='ocrx_word' id='word_1_1092' title='bbox 2161 5871 2376 5934; x_wconf 88' lang='lat' dir='ltr'>quitur,</span> <span class='ocrx_word' id='word_1_1093' title='bbox 2392 5870 2656 5918; x_wconf 77' lang='lat' dir='ltr'>Dominus</span> <span class='ocrx_word' id='word_1_1094' title='bbox 2679 5878 2891 5920; x_wconf 89' lang='lat' dir='ltr'>nomen</span> <span class='ocrx_word' id='word_1_1095' title='bbox 2914 5868 3205 5934; x_wconf 87' lang='lat' dir='ltr'>nesciunt,</span> <span class='ocrx_word' id='word_1_1096' title='bbox 3227 5871 3388 5934; x_wconf 88' lang='lat' dir='ltr'>quod</span> <span class='ocrx_word' id='word_1_1097' title='bbox 3414 5877 3614 5927; x_wconf 79' lang='lat' dir='ltr'>Noster</span> <span class='ocrx_word' id='word_1_1098' title='bbox 3633 5875 3751 5926; x_wconf 76' lang='lat' dir='ltr'>infe-</span> 
     </span>
    </p>
   </div>
   <div class='ocr_carea' id='block_1_153' title="bbox 2164 5943 2888 5996">
    <p class='ocr_par' dir='ltr' id='par_1_153' title="bbox 2164 5943 2888 5996">
     <span class='ocr_line' id='line_1_153' title="bbox 2164 5943 2888 5996; baseline 0 0"><span class='ocrx_word' id='word_1_1099' title='bbox 2164 5945 2285 5996; x_wconf 88' lang='lat' dir='ltr'>rius</span> <span class='ocrx_word' id='word_1_1100' title='bbox 2307 5946 2640 5996; x_wconf 83' lang='lat' dir='ltr'>constanter</span> <span class='ocrx_word' id='word_1_1101' title='bbox 2669 5943 2888 5996; x_wconf 74' lang='lat' dir='ltr'>recitat.</span> 
     </span>
    </p>
   </div>
  </div>
