3866 6206
100 306 247 364 1129

1481 310 1693 366 LIBER
1722 310 1817 364 DE
1849 311 2033 363 FIDE.

3270 327 3411 385 1130

100 423 272 503 beato
287 420 474 503 Paulo
502 435 717 503 caussa
755 427 812 503 et
837 421 1075 503 semina.
1097 436 1323 503 sumere
1356 425 1430 503 in_
1450 438 1516 477 eo
1545 426 1701 490 quod
1726 429 1781 501 Α
1804 438 1983 477 unum
2027 428 2298 490 Spiritum
2331 444 2683 500 nuncupare,
2727 451 2861 489 cum
2895 438 3054 503 dicit,
3083 441 3235 491 Sicut
3257 444 3404 495 enim

88 494 251 557 dicit,
276 493 389 544 Nos
414 498 597 543 autem
621 494 984 557 praedicamus
1013 494 1311 555 Christum,
1339 502 1384 546 et
1412 497 1557 546 hunc
1580 512 1703 547 cru-

88 566 344 629 ciﬁxum,
393 565 600 615 Judaeis
630 566 850 629 quidem
913 565 1254 628 scandalum,
1298 569 1546 629 gentibus
1588 584 1705 617 vero

85 637 405 699 stultitiam,
426 637 560 701 ipsis
576 652 695 685 vero
717 640 915 686 vocatis
934 636 1139 686 Judasis
1156 645 1199 687 et
1220 639 1410 688 Graecis
1430 640 1707 689 Christum

101 710 200 759 Dei
232 709 488 757 virtutem
525 714 571 757 et
608 709 705 757 Dei
738 709 1067 771 sapientiam
1102 709 1175 772 (1.
1205 710 1325 761 Cor.
1364 710 1411 763 1.
1441 709 1570 771 ‘23.).
1598 711 1707 762 Sed

100 780 158 832 in
190 780 286 832 his
314 793 448 844 quae
484 779 633 831 dixit
668 781 876 831 beatus
918 780 1150 840 Paulus,
1185 794 1303 832 non
1340 782 1707 845 unigenitum

102 853 291 904 Deum
310 852 551 902 verbum
569 850 855 912 signiﬁcat
876 851 1148 903 virtutem
1164 857 1221 903 et
1237 852 1594 916 sapientiam,
1620 856 1705 901 sed

99 922 525 973 ordinationem
557 921 745 972 crucis
772 940 784 979 ;
815 922 1011 973 statim
1044 922 1200 973 enim
1234 923 1296 973 in
1329 924 1706 986 sequentibus

97 993 270 1056 dixit,
305 992 447 1051 Quia
477 993 704 1041 stultum
728 992 825 1040 Dei
855 993 1155 1056 sapientius
1186 999 1257 1041 est
1297 994 1635 1055 hominibus,
1662 998 1707 1042 et

94 1065 393 1124 infirmum
418 1063 516 1112 Dei
537 1063 734 1125 fortius
769 1068 839 1112 est
866 1063 1177 1112 hominibus
1207 1064 1233 1126 ί
1252 1063 1299 1117 1.
1328 1063 1449 1115 Cor.
1476 1064 1524 1117 1.
1551 1063 1637 1117 25.
1668 1064 1702 1127 ).

96 1136 287 1186 Nemo
309 1138 505 1186 autem
524 1132 894 1197 prudentium
908 1133 1085 1184 audet
1099 1133 1304 1195 dicere,
1325 1134 1481 1197 quod
1496 1136 1704 1181 stultum

92 1207 203 1257 Dei
228 1210 287 1257 et
309 1203 663 1256 imbecillum
686 1206 842 1255 Deus
860 1206 1103 1256 verbum
1131 1210 1239 1267 est,
1267 1206 1367 1256 sed
1387 1206 1537 1257 sicut
1560 1218 1707 1269 prte-

91 1276 240 1339 dixi,
289 1276 479 1327 crucis
511 1274 930 1326 ordinationem
958 1276 1262 1340 signiﬁcat,
1295 1289 1362 1327 eo
1386 1276 1541 1339 quod
1566 1275 1705 1327 illud

93 1347 259 1411 quod
286 1346 598 1397 incredulis
622 1346 852 1397 videtur
873 1359 1003 1398 esse
1031 1346 1294 1408 stultum,
1312 1347 1421 1398 hoc
1439 1352 1529 1398 est
1552 1347 1705 1398 Chri-

93 1422 259 1470 stum
276 1418 621 1470 crucillxum
637 1417 867 1469 credere
883 1419 1068 1469 Deum
1092 1430 1240 1478 esse,
1263 1418 1372 1469 hoc
1388 1418 1704 1468 maximam

91 1491 445 1554 sapientiam
460 1488 635 1539 habet
658 1504 671 1539 :
698 1494 757 1539 et
773 1488 927 1552 quod
942 1488 1174 1541 videtur
1196 1502 1327 1540 esse
1352 1488 1703 1539 imbecillum

90 1561 331 1619 Christi,
370 1564 602 1624 propter
626 1559 783 1622 quod
812 1571 912 1622 pro
947 1559 1114 1610 nobis
1148 1564 1415 1611 mortuus
1450 1566 1558 1623 est,
1594 1560 1705 1611 hoc

89 1631 415 1684 maximam
449 1631 725 1683 virtutem
747 1630 938 1693 habet,
965 1629 1034 1680 de
1068 1643 1183 1693 qua
1217 1631 1498 1695 sapientia
1528 1635 1703 1695 atque

91 1702 314 1755 virtute
336 1714 455 1753 non
483 1706 575 1753 est
598 1713 755 1751 nunc
780 1704 1008 1764 tempus
1033 1700 1242 1752 dicere.

156 1774 289 1824 XII.
340 1774 447 1823 Per
491 1773 705 1823 multos
748 1770 924 1835 igitur
963 1774 1142 1822 testes
1189 1772 1462 1823 docemur
1498 1785 1533 1823 a
1565 1774 1701 1837 Deo,

1802 513 1998 562 corpus
2023 514 2197 575 unum
2224 506 2311 565 est,
2339 507 2647 575 etmembra
2678 509 2855 558 multa
2890 512 3065 575 habet,
3091 516 3282 563 omnia
3304 531 3409 563 au-

1803 574 1905 617 tem
1932 569 2170 618 membra
2190 574 2429 635 corporis
2446 592 2567 624 cum
2590 580 2696 627 sint
2722 581 2913 641 multa,
2944 569 3119 632 unum
3140 591 3265 633 sunt
3288 602 3407 634 cor-

1806 656 1926 716 pus,
1949 641 2024 689 sic
2043 642 2207 691 etiam
2235 643 2505 716 Christus:
2530 663 2637 696 non
2667 651 2726 699 in
2754 667 2863 701 uno
2881 654 3083 716 spiritu
3112 670 3208 704 nos
3224 672 3407 707 omnes

1806 712 1868 791 in
1897 727 2068 791 unum
2093 728 2286 791 corpus
2302 714 2555 791 baptisati
2576 733 2779 782 sumus,
2805 712 2916 772 sive
2933 725 3133 786 Judaei,
3158 727 3264 775 sive
3287 743 3408 791 gen-

1808 782 1937 843 tiles,
1965 784 2088 863 .sivc
2121 785 2275 847 servi,
2310 787 2415 863 slive
2448 786 2617 849 liberi,
2653 797 2696 838 et
2726 808 2906 844 omnes
2941 782 3125 845 unum’
3149 782 3403 863 spirilum

1803 855 1973 917 potati
1995 869 2184 903 sumus
2214 857 2279 918 (1.
2311 856 2431 907 Cor.
2462 862 2539 909 12.
2569 862 2684 922 12.).

1868 926 2017 975 XIV.
2049 927 2226 977 Nemo
2254 932 2616 990 autem,cum
2640 932 2835 983 audiat
2857 935 3139 990 dicentem
3170 941 3400 993 beatum

1806 996 2166 1059 Apostolum,
2194 998 2346 1060 quod
2372 999 2431 1072 in
2454 1013 2570 1072 uno
2586 1002 2788 1065 spiritu
2810 1017 2919 1055 nos
2942 1020 3143 1061 omnes
3168 1015 3401 1072 baptizati

1808 1080 2031 1138 sumus,
2055 1072 2111 1118 et
2124 1081 2305 1119 unum
2331 1070 2593 1133 spiritum
2610 1075 2788 1137 potati
2807 1088 3029 1138 sumus,
3050 1079 3119 1130 de
3147 1070 3266 1133 solo
3287 1099 3400 1131 eum

1806 1137 2255 1213 Spiritudixissc
2289 1141 2503 1213 credat,
2530 1148 2631 1193 aut
2653 1143 2723 1195 de
2751 1144 2872 1196 solo
2898 1148 3078 1199 Patre.
3100 1153 3294 1212 Quippe
3315 1157 3402 1213 qui

1804 1207 1885 1258 ita
1905 1208 2101 1283 credit,
2126 1209 2271 1283 tollit
2288 1210 2590 1283 baptisma.
2621 1216 2814 1277 Neque
2840 1217 2996 1267 enim
3015 1219 3114 1281 qui
3136 1207 3405 1283 baptizati

1806 1281 1952 1352 sunt
1966 1279 2024 1329 in
2041 1292 2157 1352 uno
2176 1280 2399 1352 spiritu,
2421 1282 2481 1333 in
2495 1284 2615 1335 solo
2641 1286 2803 1337 Patre
2828 1279 3099 1351 baptizati
3126 1279 3280 1352 sunt,
3306 1305 3403 1344 ne-

1805 1363 1917 1413 que
1939 1350 2001 1400 in
2036 1351 2156 1401 solo
2181 1351 2340 1415 Filio,
2366 1366 2557 1417 neque
2581 1355 2641 1406 in
2666 1357 2787 1408 solo
2815 1350 3026 1422 Spiritu
3054 1350 3274 1422 saneto,
3306 1364 3407 1415 sed

1803 1424 1864 1473 in
1890 1422 2128 1496 nomine
2161 1423 2344 1473 Patris
2381 1427 2438 1475 et
2479 1425 2604 1476 Filii
2640 1431 2698 1478 et
2730 1430 2973 1491 Spiritus
3013 1433 3217 1496 sancti,
3252 1433 3405 1496 quod

1804 1492 2036 1557 quidem
2060 1497 2149 1544 est
2168 1506 2475 1546 commune
2491 1509 2722 1560 nomen,
2742 1512 2857 1549 non
2882 1513 2985 1564 per
3007 1492 3406 1555 confusionem

1802 1575 2199 1627 personarum,
2229 1564 2328 1615 sed
2355 1577 2456 1627 per
2480 1567 2759 1618 unitatem
2783 1575 3028 1634 naturae,
3057 1588 3203 1622 unus
3227 1574 3408 1624 Domi-

1804 1650 1925 1695 nus,
1956 1649 2110 1708 unus
2131 1635 2286 1708 Deus,
2322 1651 2465 1685 unus
2499 1637 2753 1701 Spiritus.
2798 1641 3031 1704 Semper
3063 1646 3219 1693 enim
3244 1651 3407 1708 pater

1803 1710 1911 1767 est,
1936 1718 2055 1756 non
2081 1704 2353 1756 desinens
2381 1719 2510 1758 esse
2535 1710 2693 1771 pater
2717 1723 2729 1758 :
2760 1723 2984 1774 semper
3006 1718 3201 1764 autem
3224 1704 3281 1766 et
3311 1718 3404 1766 Fi-

1801 1777 1944 1849 lius,
1968 1789 2345 1840 perseverans
2379 1791 2508 1829 esse
2548 1784 2819 1842 perpetuo
2858 1782 3044 1832 illius:
3075 1796 3303 1849 semper
3344 1792 3402 1839 et

90 1844 255 1908 quod
268 1856 451 1895 unum
463 1843 675 1894 habeat
690 1843 1124 1915 substantivum
1138 1843 1502 1907 unigenitum
1516 1844 1700 1895 Deum
1727 1841 1781 1915 B
1806 1848 2051 1911 Spiritus
2073 1852 2329 1910 sanctus,
2355 1849 2459 1912 qui
2479 1841 2779 1913 nunquam
2792 1853 2959 1904 Pater
2973 1858 3079 1905 aut
3102 1841 3280 1907 Filius
3291 1859 3401 1907 efﬁ-

90 1917 362 1976 verbum,
388 1927 564 1966 unam
589 1913 930 1977 sapientiam
961 1914 1389 1965 substantivam
1423 1914 1699 1977 Spiritum

90 1991 390 2048 sanctum,
411 1997 514 2049 per
535 1996 709 2048 quem
735 1984 1021 2047 spiritum,
1052 1989 1110 2035 et
1136 1997 1232 2048 per
1252 1985 1407 2047 quod
1432 1986 1693 2046 verbum,

90 2057 292 2108 omnis
318 2057 611 2120 sapientia,
634 2067 840 2118 sermo,
858 2055 1115 2116 scientia,
1136 2060 1460 2119 caeteraque
1484 2071 1696 2105 munera

90 2128 467 2180 credentibus
492 2131 897 2192 prmstantura
916 2128 1055 2189 Deo,
1091 2126 1242 2178 sicut
1275 2127 1449 2177 etiam
1492 2128 1695 2179 beatus

92 2201 312 2252 Paulus
339 2199 522 2261 docet,
549 2211 682 2249 cum
711 2198 793 2248 sic
817 2197 953 2248 dicit
977 2212 989 2247 :
1038 2196 1215 2246 Habeo
1250 2198 1423 2260 igitur
1458 2198 1695 2262 gloriam

82 2272 150 2318 in
194 2271 408 2321 Christo
439 2271 566 2319 Jesu
605 2269 679 2317 ad
709 2269 898 2317 Deum.
934 2268 1059 2317 Non
1093 2268 1241 2317 enim
1273 2269 1445 2317 audeo
1480 2268 1694 2332 aliquid

80 2342 240 2407 loqui
274 2355 461 2390 eorum
485 2355 600 2404 quae
624 2354 722 2404 per
756 2353 840 2388 me
872 2354 982 2388 non
1017 2338 1179 2401 efﬁcit
1220 2339 1467 2389 Christus
1490 2342 1551 2388 in
1575 2340 1692 2389 obe-

74 2413 356 2462 dientiam
386 2413 631 2474 gentium
668 2410 820 2459 verbo
843 2414 889 2459 et
917 2409 1077 2472 factis
1100 2410 1161 2458 in
1186 2410 1383 2459 virtute
1404 2411 1690 2473 signorum

75 2489 128 2532 et
161 2483 548 2548 prodigiorum
586 2483 647 2530 in
682 2481 873 2529 virtute
908 2480 1147 2545 Spiritus
1189 2480 1364 2529 sancti
1396 2482 1566 2543 (Rom.
1601 2481 1688 2537 15.

82 2554 155 2608 17
163 2555 219 2618 .).
250 2556 372 2605 Non
398 2552 584 2603 solum
606 2552 857 2603 habebat
880 2552 1084 2602 beatus
1114 2552 1419 2615 Apostolus
1436 2554 1619 2601 Paulus
1634 2557 1687 2601 in

79 2639 150 2676 se
176 2624 515 2689 loquentem
545 2623 839 2674 Christum
868 2626 925 2674 et
954 2621 1228 2685 Spiritum
1262 2626 1548 2685 sanctum,
1586 2625 1688 2676 sed

77 2697 269 2749 etiam
288 2697 481 2748 caeteri
506 2708 709 2748 omnes
727 2694 1045 2758 Prophetas,
1072 2698 1130 2745 et
1148 2694 1426 2757 Apostoli,
1454 2698 1512 2745 et
1532 2697 1689 2743 Evan-

76 2767 335 2831 gelistm,
362 2767 511 2819 sicut
525 2766 702 2818 etiam
726 2765 1006 2817 Dominus
1023 2769 1217 2816 noster
1231 2766 1261 2814 J
1267 2777 1401 2815 esus
1426 2764 1688 2817 Christus

79 2839 262 2890 docet
283 2852 413 2890 cum
440 2837 594 2895 dicit,
612 2837 733 2886 Ideo
755 2851 861 2885 ecce
885 2850 977 2899 ego
994 2836 1145 2885 mitto
1170 2834 1243 2884 ad
1267 2850 1353 2884 vos
1374 2836 1683 2900 prophetas,

74 2918 129 2958 et
154 2910 437 2974 sapientes,
460 2914 508 2958 et
531 2907 732 2957 scribas
759 2910 771 2967 (
795 2908 987 2957 Matth.
1018 2905 1103 2961 ‘23.
1133 2904 1217 2960 33.
1242 2906 1278 2970 ),
1299 2906 1562 2959 similiter
1583 2920 1687 2959 au-

77 2984 211 3034 tem
236 2983 291 3032 et
322 2980 393 3031 de
432 2980 634 3045 spiritu
671 2978 773 3029 Dei
808 2977 985 3028 dicit:
1026 2978 1146 3027 Ideo
1184 2983 1229 3026 et
1272 2978 1543 3041 sapientia
1588 2980 1685 3028 Dei

74 3053 238 3113 dicit,
287 3052 438 3101 mitto
474 3051 548 3101 ad
590 3051 731 3114 ipsos
776 3049 1074 3113 Prophetas
1119 3052 1165 3098 et
1200 3049 1475 3113 Apostolos
1502 3050 1527 3112 {
1557 3050 1684 3101 Luc.

76 3123 174 3179 11.
213 3121 344 3186 49.).

152 3195 305 3245 XIII.
341 3192 506 3280 Quod
546 3194 738 3244 autem
774 3191 1029 3280 Spiritus
1053 3196 1291 3280 sanctus
1314 3191 1597 3280 Dominus
1629 3196 1688 3280 et
1712 3206 1761 3280 ρ

73 3269 249 3319 Deus
272 3270 376 3326 est,
397 3270 456 3317 et
473 3269 749 3329 tanquam
774 3263 1057 3315 Dominus
1081 3269 1279 3315 noster
1294 3266 1614 3314 credentibus
1637 3270 1685 3313 et

74 3340 217 3403 ipse
243 3349 486 3389 munera
506 3335 746 3399 largitur
774 3340 831 3386 et
853 3335 1049 3396 donat,
1075 3348 1278 3386 rursus
1302 3334 1457 3386 idem
1479 3336 1686 3387 beatus

78 3410 310 3461 Paulus
336 3409 521 3471 docet,
544 3419 680 3458 cum
704 3405 859 3469 dicit,
888 3406 1188 3455 Divisiones
1218 3420 1339 3454 vero
1373 3406 1687 3469 gratiarum

71 3485 235 3543 sunt,
259 3478 404 3528 idem
431 3484 612 3527 autem
646 3477 902 3541 Spiritus,
931 3482 975 3524 et
1009 3476 1298 3525 divisiones
1320 3477 1687 3527 ministratio-

74 3566 228 3600 num
250 3555 397 3612 sunt,
422 3548 565 3600 idem
590 3553 767 3597 autem
791 3548 1079 3612 Dominus,
1109 3554 1153 3597 et
1176 3548 1468 3597 divisiones
1490 3563 1687 3611 opera-

73 3622 305 3671 tionum
328 3625 472 3680 sunt,
499 3630 516 3649 ⁸
542 3620 685 3668 idem
716 3634 837 3667 vero
878 3618 1017 3667 Deus
1043 3620 1057 3683 (
1083 3618 1202 3668 Cor.
1244 3617 1329 3672 12.
1361 3619 1411 3672 4.
1436 3620 1452 3681 )
1481 3634 1496 3667 :
1525 3632 1689 3684 aper-

76 3696 143 3745 te
172 3692 346 3744 docet
368 3691 523 3755 quod
550 3690 793 3755 Spiritus
819 3694 1055 3740 sanctus
1076 3690 1361 3740 Dominus
1380 3693 1436 3740 et
1449 3693 1577 3738 Deus
1594 3698 1683 3741 est.

74 3763 452 3816 Manifestius
474 3766 668 3814 autem
701 3762 874 3812 etiam
902 3760 964 3811 in
1002 3761 1377 3824 sequentibus
1413 3761 1684 3813 ostendit.

76 3835 455 3888 Enumeratis
467 3834 619 3885 enim
636 3832 804 3884 donis
819 3836 878 3884 et
900 3832 1167 3897 operibus
1183 3837 1355 3895 atque
1368 3834 1685 3898 ministeriis,

69 3907 298 3973 adjecit
319 3907 535 3968 statim,
558 3905 757 3955 dicens
782 3921 793 3952 :
840 3904 960 3952 Haec
993 3909 1173 3953 autem.
1213 3904 1405 3952 omnia
1429 3910 1687 3967 operatur

75 3994 230 4028 unus
256 3983 419 4041 atque
440 3977 581 4025 idem
595 3974 839 4039 spiritus,
866 3974 1109 4023 dividens
1132 3974 1364 4037 singulis
1388 3981 1551 4037 prout
1574 3975 1686 4023 vult

78 4052 150 4116 (1.
192 4051 319 4100 Cor.
357 4047 441 4102 12.
474 4047 598 4109 11.).
626 4048 850 4116 Rursus
869 4045 1021 4097 idem
1046 4047 1250 4096 beatus
1274 4044 1487 4096 Paulus
1512 4049 1685 4095 docere

75 4115 192 4174 nos
216 4120 476 4184 apertius
503 4115 677 4185 587
704 4118 905 4170 volens
938 4130 1115 4167 unam
1147 4129 1275 4167 esse
1301 4116 1686 4167 substantiam

75 4192 269 4244 Patris
299 4194 355 4242 et
370 4190 494 4241 Filii
522 4194 579 4241 et
603 4190 846 4253 Spiritus
873 4187 1073 4246 sancti,
1100 4191 1157 4238 et
1188 4187 1286 4249 ait,
1319 4187 1470 4235 Unus
1491 4187 1686 4235 Domi-

75 4279 207 4323 nus,
260 4277 377 4311 una
414 4261 560 4325 ﬁdes,
606 4274 783 4308 unum
838 4258 1124 4322 baptisma,
1164 4272 1312 4306 unus
1357 4257 1498 4306 Deus
1528 4262 1687 4322 pater

73 4336 341 4387 omnium
361 4333 573 4397 (Ephes.
611 4332 663 4385 4.
695 4331 786 4394 5.).
824 4332 1047 4381 Patrem
1082 4332 1275 4380 autem
1300 4330 1561 4380 nominat
1584 4342 1684 4380 eo-

72 4421 214 4458 rum
246 4405 349 4468 qui
374 4405 434 4454 in
456 4403 689 4453 nomine
714 4401 895 4453 Patris
919 4407 975 4452 et
1003 4400 1130 4451 Filii
1151 4404 1209 4450 et
1232 4399 1476 4463 Spiritus
1500 4400 1685 4451 sancti

71 4492 181 4544 per
206 4476 501 4540 baptisma
523 4475 642 4525 nati
668 4477 824 4524 sunt.
852 4474 978 4523 Non
999 4472 1272 4535 ignorans
1294 4474 1486 4522 autem
1511 4474 1684 4519 beatus

70 4547 419 4614 Apostolus,
445 4559 573 4596 esse
602 4545 890 4608 baptisma
910 4555 1095 4606 aquae,
1113 4545 1430 4603 etbaptisma
1455 4545 1680 4606 spiritus,

1804 1920 1969 1970 citur.

1858 1989 2156 2051 XV.'Quid
2180 1990 2355 2062 igitur
2375 1990 2446 2062 ad
2472 1989 2598 2043 haec
2626 1994 3064 2056 respondebunt
3095 1997 3263 2049 nobis
3298 2000 3398 2062 qui

1796 2062 1943 2111 Arrii
1967 2065 2024 2112 et
2043 2061 2306 2112 Eunomii
2338 2060 2590 2112 nefanda
2615 2063 2887 2126 dogmata
2912 2072 3258 2131 sequuntur,
3284 2060 3344 2121 et
3362 2082 3397 2120 a

1795 2132 1976 2183 Patris
2016 2131 2340 2181 substantia
2375 2132 2580 2183 Filium
2618 2135 2867 2198 separari
2912 2139 3293 2201 contendunt,
3339 2146 3397 2192 et

1795 2203 2063 2266 Spiritum
2088 2207 2353 2253 sanctum
2376 2206 2402 2252 ‘I
2429 2205 2525 2265 qui
2550 2218 2682 2255 cum
2705 2205 2829 2257 haec
2859 2206 3052 2258 dicant
3075 2208 3135 2259 in
3160 2211 3395 2261 nomine

1794 2273 1975 2324 Patris
1999 2277 2056 2324 et
2086 2273 2209 2323 Filii
2243 2276 2301 2323 et
2334 2274 2575 2336 Spiritus
2611 2277 2815 2340 sancti,
2855 2277 3030 2328 etiam
3054 2279 3165 2343 ipsi
3204 2280 3225 2308 δ
3256 2293 3395 2333 suos

1790 2344 2082 2408 baptizare
2117 2356 2235 2395 non
2266 2344 2571 2408 denegant,
2611 2350 2670 2396 et
2703 2346 2950 2399 credunt
2971 2362 3071 2412 per
3110 2351 3397 2414 baptisma

1792 2415 2195 2466 remissionem
2229 2418 2617 2479 peccatorum,
2646 2417 2910 2469 similiter
2935 2420 3107 2470 etiam
3134 2422 3312 2472 Patris
3337 2427 3396 2474 et

1792 2485 1915 2536 Filii
1954 2490 2010 2538 et
2050 2485 2295 2549 Spiritus
2330 2485 2515 2537 sancti
2553 2489 3011 2541 sanctiﬁcatione
3051 2491 3393 2556 dignandos,

1790 2568 1909 2608 non
1946 2561 2141 2608 tamen
2184 2556 2459 2607 desinunt
2491 2557 2962 2621 blaspliemantes
2994 2561 3053 2612 in
3098 2563 3303 2615 Filium
3337 2570 3397 2617 et

1791 2627 2064 2690 Spiritum
2089 2631 2376 2689 sanctum,
2412 2640 2544 2677 cum
2569 2628 2847 2680 deberent
2870 2632 3129 2684 caecitate
3158 2635 3393 2687 tandem

1790 2697 2100 2761 aliquando
2123 2696 2347 2748 liberati
2370 2698 2650 2760 respicere
2671 2704 2729 2750 et
2753 2699 3085 2767 intelligere,
3104 2716 3224 2755 non
3246 2707 3392 2755 aliter

1787 2768 2108 2821 libertatem
2146 2767 2378 2819 famulis
2414 2781 2585 2832 posse
2621 2772 2894 2830 praestari,
2935 2772 3049 2823 nisi
3082 2786 3117 2825 a
3142 2776 3389 2828 Domino

1788 2840 2029 2905 proprio.
2068 2840 2125 2891 Si
2158 2852 2296 2891 vero
2331 2839 2582 2891 dixerint
2620 2852 2656 2891 a
2699 2842 2820 2893 solo
2855 2843 3022 2895 Patre
3067 2843 3386 2898 libertatem

1788 2910 1877 2963 vel
1902 2910 2319 2974 indulgentiam
2364 2915 2731 2975 peccatorum
2763 2925 2862 2963 eos
2896 2914 2995 2977 qui
3026 2914 3389 2979 baptizantur

1786 2982 2057 3046 accipere,
2090 2986 2149 3033 et
2180 2993 2213 3032 a
2253 2981 2374 3033 solo
2411 2984 2572 3033 Patre
2615 2984 3121 3040 sanctiﬁcationem
3163 2989 3386 3053 mereri,

1791 3053 1973 3104 sciant
1992 3066 2109 3104 non
2131 3053 2292 3103 aliter
2317 3064 2666 3116 quemquam
2690 3067 2888 3106 eorum
2904 3056 3003 3118 qui
3026 3058 3391 3121 baptizantur

1788 3124 1880 3176 his
1904 3124 2144 3186 dignum
2174 3123 2341 3174 donis
2374 3123 2496 3175 fieri
2529 3136 2715 3187 posse,
2756 3126 2865 3176 nisi
2904 3127 3076 3178 etiam
3105 3141 3140 3180 a
3167 3128 3305 3180 Filio
3329 3136 3386 3182 et

1788 3195 1996 3258 Spiritu
2024 3197 2222 3245 sancto
2247 3206 2485 3245 munera
2509 3206 2612 3245 seu
2636 3195 2786 3247 dona
2806 3188 3092 3260 percipiat.
3112 3200 3298 3251 Testis
3318 3209 3394 3249 est

1785 3267 1987 3317 beatus
2025 3266 2339 3329 Apostolus
2385 3264 2599 3316 Paulus
2635 3265 2708 3317 ad
2747 3267 3068 3319 Corinthios
3107 3272 3380 3332 scribens,

1787 3350 1922 3389 cum
1946 3337 2099 3399 dicit,
2123 3336 2306 3400 Neque
2325 3335 2638 3398 fornicarii,
2663 3339 3117 3401 nequeidolorum
3142 3341 3382 3408 cultores,

1787 3423 1957 3473 neque
1978 3407 2232 3465 adulteri,
2257 3412 2314 3478 et
2336 3412 2540 3458 caetera
2581 3408 2662 3471 (1.
2700 3409 2818 3461 Cor.
2846 3408 2893 3464 6.
2924 3409 2975 3464 9.
3000 3412 3036 3475 ),
3069 3417 3125 3463 et
3153 3412 3380 3478 adjecit,

1784 3481 1851 3529 Et
1877 3481 1983 3529 haec
2006 3479 2225 3543 quidem
2257 3477 2458 3541 fuistis,
2488 3478 2579 3527 sed
2608 3478 2778 3529 abluti
2806 3483 2944 3541 estis,
2972 3492 2990 3512 °
3019 3484 3109 3532 sed
3139 3486 3383 3548 sancti/i-

1784 3552 1890 3605 cati
1923 3552 2040 3600 estis
2064 3551 2125 3599 in
2149 3550 2368 3598 nomine
2382 3550 2607 3598 Domini
2629 3551 2755 3599 Jesu
2783 3552 3003 3616 Christi,
3028 3559 3075 3603 et
3093 3555 3153 3603 in
3172 3555 3385 3619 Spiritu

1788 3621 1881 3671 Dei
1902 3621 2073 3670 nostri
2096 3619 2251 3681 (Ibid.
2287 3619 2405 3682 11.).
2443 3619 2616 3686 588
2646 3622 2747 3673 His
2770 3623 2947 3685 igitur
2965 3628 3203 3675 omnibus
3228 3630 3378 3679 testi-

1783 3693 1995 3743 moniis
2018 3698 2150 3755 quae
2167 3691 2442 3755 praedicta
2465 3698 2620 3751 sunt,
2648 3706 2763 3745 una
2778 3694 3094 3759 eademque
3117 3698 3300 3749 Patris
3325 3703 3382 3751 et

1784 3763 1908 3815 Filii
1933 3768 1989 3815 et
2019 3762 2262 3827 Spiritus
2290 3762 2473 3814 sancti
2507 3763 2826 3816 substantia
2860 3767 3002 3817 satis
3034 3768 3379 3834 abundeque

1781 3839 2154 3886 monstratur.

1847 3907 1997 3956 XVI.
2023 3906 2278 3957 Creando
2303 3908 2472 3965 Deus,
2498 3919 2615 3957 non
2631 3911 2837 3959 natura
2862 3914 3032 3973 creat,
3059 3910 3209 3964 sicut
3231 3913 3381 3966 Gen-

1782 3976 1969 4028 tilium
1993 3976 2186 4028 fabula
2199 3976 2562 4028 delirantium
2580 3982 2761 4041 putat,
2779 3980 2881 4030 sed
2899 3982 3082 4044 magis
3098 3985 3373 4036 voluntate.

1783 4049 1985 4098 Libera
2014 4049 2165 4099 enim
2187 4048 2454 4099 divinitas
2472 4053 2575 4107 est,
2597 4061 2663 4100 ac
2688 4062 2803 4101 non
2826 4053 3157 4103 necessitati
3183 4063 3376 4104 naturae

1783 4120 2060 4182 serviens,
2078 4119 2300 4183 ignium
2318 4120 2469 4170 sicut
2484 4121 2775 4171 aestimant
2790 4122 2924 4185 ritu,
2944 4124 3040 4185 qui
3058 4136 3175 4175 non
3192 4128 3379 4174 volun-

1782 4194 1918 4252 tate,
1946 4191 2045 4240 sed
2067 4194 2268 4241 urente
2298 4194 2355 4241 et
2379 4191 2766 4253 conﬂagrante
2789 4198 3013 4255 natura,
3041 4195 3230 4247 vicina
3252 4210 3379 4249 cor-

1780 4271 1918 4324 pora
1934 4271 2297 4311 concremare
2314 4265 2651 4312 noscuntur.
2669 4263 2822 4314 Deus
2851 4269 3046 4315 autem
3070 4278 3185 4316 non
3209 4266 3290 4320 ita
3312 4271 3380 4316 fa-

1782 4344 1909 4383 cere
1957 4333 2276 4383 consuevit.
2333 4334 2513 4396 Super
2556 4334 2708 4384 enim
2744 4348 2973 4387 omnem
3020 4338 3377 4393 intellectum

1783 4404 2234 4467 sensibilemque
2260 4408 2527 4455 naturam
2549 4406 2851 4457 ineﬂ'abilis
2872 4413 2927 4459 et
2950 4409 3380 4475 incomprehen-

1784 4476 2319 4527 sibilissubstantia
2341 4480 2446 4527 est.
2473 4478 2690 4541 Quippe
2715 4491 2848 4529 cum
2878 4480 3020 4531 nulli
3045 4480 3065 4510 δ
3094 4482 3376 4537 divinitus

1785 4545 2026 4596 visibilis
2048 4546 2347 4608 habeatur,
2375 4548 2526 4598 sicut
2546 4548 2749 4599 beatus
2769 4549 2977 4601 Paulus
3003 4556 3266 4617 testatur,
3287 4555 3375 4605 di-

69 4621 231 4672 dlxit
257 4630 443 4669 unum
463 4616 766 4699 baptisma.
795 4614 1073 4700 Sed-bene
1097 4614 1258 4695 dixit.
1284 4614 1497 4700 sciens‘
1498 4627 1681 4696 unum
1706 4627 1762 4700 D
1785 4630 1946 4700 cens,
1965 4618 2090 4679 Regi
2111 4623 2288 4665 autem
2308 4618 2621 4698 saeculorum
2648 4619 3063 4685 incorruptibili,
3094 4614 3376 4691 invisibili,

67 4705 209 4746 esse
235 4690 545 4753 baptisma,
570 4689 628 4738 in
651 4700 718 4738 eo
742 4686 897 4750 quod
914 4686 972 4736 in
996 4686 1231 4737 nomine
1255 4685 1429 4735 unius
1452 4686 1682 4737 Domini

65 4775 290 4816 omnes
311 4761 672 4824 baptizentur
689 4762 745 4808 et
769 4758 1025 4808 credant.
1044 4756 1196 4807 Solet
1214 4756 1385 4807 etiam
1402 4756 1552 4807 idem
1567 4759 1685 4806 bea-

70 4841 174 4888 tus
193 4829 509 4896 Apostolus
527 4832 750 4881 Patrem
774 4827 1050 4879 etFilium
1072 4831 1128 4878 et
1145 4827 1419 4890 Spiritum
1432 4834 1680 4892 sanctum,

67 4907 234 4958 sicut
271 4915 457 4954 unum
503 4901 813 4952 Dominum
847 4904 906 4951 et
931 4911 1113 4950 unum
1156 4900 1358 4962 Deum,
1386 4898 1467 4950 sic
1508 4899 1680 4950 etiam

68 5060 216 5101 sum
237 5046 661 5109 interpretatos,
679 5043 847 5094 docet
876 5042 1047 5094 etiam
1064 5040 1458 5093 Theodoretus
1473 5041 1534 5092 in
1562 5042 1683 5102 Epi-

68 5119 295 5173 stolam
330 5116 377 5170 1.
406 5115 477 5167 ad
517 5114 861 5167 Corinthios.
896 5109 1091 5165 Εἷδένοιι
1131 5114 1293 5176 μέντοι
1336 5109 1450 5179 χρὴ,
1488 5109 1552 5169 ὧς
1588 5131 1677 5163 σο-

66 5193 192 5257 φίαν
235 5190 322 5240 καὶ
357 5187 579 5251 δύναμιν,
611 5183 667 5236 οὐ
705 5183 791 5248 τὴν
841 5185 1042 5257 Θεόῖητα
1071 5190 1155 5234 τοῦ
1187 5192 1469 5249 μονογενοῦς
1496 5203 1679 5250 προση-

60 5254 312 5330 Ῠόρευσεν
357 5261 383 5310 ὁ
415 5264 534 5315 θεῖος
571 5254 1055 5330 Ἀπόστολοςπὰλλᾲ
1098 5258 1152 5306 τὸ
1195 5259 1309 5330 περι
1344 5263 1429 5330 τοᾷ
1473 5261 1680 5321 σταυροῦ

60 5322 308 5400 έήρυγμα
349 5350 357 5359 ·
383 5333 467 5381 καὶ
499 5328 731 5395 διελέγχει
764 5322 874 5385 τοὺς
906 5328 1093 5394 Ἀρείου
1127 5329 1214 5378 καὶ
1243 5324 1488 5400 Εὖνομίου
1518 5334 1680 5400 κοικῶς

60 5398 291 5456 ἐνεεῦθεν
340 5402 662 5468 πειρωμένους
708 5399 949 5451 δεικνύναι
998 5400 1171 5463 σοφίαν
1224 5399 1305 5449 τόν
1361 5401 1482 5449 Θεὸν
1534 5398 1677 5461 λόγον

58 5473 458 5540 ὀνομαζόμενον.
494 5471 784 5521 Sciendum
815 5475 885 5519 est
916 5475 1116 5529 autem,
1141 5470 1467 5533 sapientiam
1501 5474 1546 5540 et
1576 5484 1678 5540 po-

58 5538 310 5599 tentiam
337 5543 627 5607 appellasse
651 5542 897 5590 divinum
918 5540 1253 5604 Apostolum,
1276 5554 1388 5588 non
1408 5538 1680 5598 unigeniti

58 5617 442 5678 divinitatem,
479 5612 569 5662 sed
592 5613 1028 5677 praedicationem
1063 5611 1124 5658 de
1160 5623 1331 5668 cruce,
1368 5614 1413 5657 et
1448 5608 1679 5670 refellere

57 5689 371 5748 Arrianos,
388 5692 433 5735 et
447 5684 953 5747 Eunomianos,qui
973 5682 1113 5732 male
1137 5697 1203 5731 ea:
1220 5683 1317 5731 hoc
1342 5683 1451 5730 loco
1471 5695 1679 5729 conan-

59 5769 166 5813 tur
190 5758 466 5809 ostendere
483 5757 810 5819 sapientiam
837 5757 1008 5804 Deum
1030 5752 1248 5803 verbum
1276 5751 1559 5802 nominari
1579 5753 1682 5799 .Ce-

60 5838 271 5889 terum
294 5832 359 5883 ut
388 5828 730 5894 sapientiam
749 5828 859 5879 hoc
881 5825 1004 5878 loco
1018 5825 1081 5877 in
1104 5822 1228 5876 Filii
1250 5833 1555 5889 personam
1575 5834 1678 5873 non

371 5920 663 5976 PATROL.
702 5917 873 5976 XXI.

1782 4688 1880 4737 soli
1906 4688 2008 4737 Deo
2046 4690 2301 4736 honoret
2332 4689 2528 4751 gloria,
2563 4694 2620 4739 et
2653 4690 2859 4741 iterum
2899 4691 3071 4744 dicit:
3096 4697 3201 4753 Qui
3232 4688 3380 4750 solus

1784 4758 1935 4808 habet
1996 4759 2476 4832 immortalitatem,
2526 4759 2709 4809 lumen
2755 4761 2961 4812 habitat
2994 4765 3374 4832 inaccessibile,

1783 4845 1941 4904 quem
2128 4830 2311 4878 nullus
2329 4831 2651 4904 hominum,
2691 4847 2861 4896 neque
2894 4835 3070 4885 videre
3087 4845 3255 4902 potest
3285 4843 3300 4904 (
3327 4830 3373 4895 1.

1793 4901 1925 4951 Tim.
1960 4901 2005 4954 1.
2034 4900 2118 4954 17.
2151 4905 2297 4965 seq.).
2327 4900 2536 4952 Eadem
2553 4906 2748 4953 autem
2770 4904 2945 4956 etiam
2968 4900 3171 4961 beatus
3200 4900 3378 4965 Joan-

1782 5044 1984 5095 cadere
2010 5042 2373 5107 perspicuum
2398 5047 2505 5106 est,
2530 5043 2611 5094 ita
2634 5044 2681 5095 si
2697 5050 2851 5098 recte
2873 5047 2952 5099 illi
2978 5049 3119 5103 alias
3139 5055 3376 5106 attribui

1781 5114 1911 5178 quis
1932 5120 2122 5178 neget,
2156 5114 2562 5166 reclamantem
2585 5115 2759 5169 habet
2782 5118 3183 5185 Theologicam
3207 5124 3378 5177 scho-

1779 5185 1894 5238 lam
1918 5187 2262 5237 universam.

1842 5284 1860 5303 ⁸
1884 5275 2010 5338 Ms.,
2036 5276 2178 5323 Idem
2206 5291 2322 5324 vero
2354 5275 2510 5338 Deus,
2553 5277 2650 5341 qui
2673 5282 2929 5341 operatur
2950 5280 3139 5329 omnia
3170 5281 3227 5329 in
3266 5299 3376 5333 om-

1777 5343 1952 5393 nibus.
1991 5346 2055 5395 In
2080 5344 2189 5395 hac
2217 5347 2391 5406 igitur
2420 5350 2848 5399 enumeratione
2880 5351 3156 5401 donorum
3190 5355 3376 5406 sancti

1779 5415 2020 5479 Spiritus
2044 5415 2263 5466 addens
2299 5418 2511 5479 ubique
2543 5419 2746 5469 beatus
2783 5418 2993 5471 Paulus
3018 5419 3159 5471 idem
3190 5430 3375 5475 autem

1779 5489 2062 5548 Dominus,
2090 5494 2139 5538 et
2164 5486 2304 5536 idem
2327 5489 2489 5551 Deus,
2511 5492 2720 5553 aperte.

1836 5577 1858 5607 ¹³
1883 5577 2005 5638 Ms.,
2036 5575 2172 5626 Suos
2210 5591 2261 5624 se
2289 5575 2536 5626 batisare.

1816 5666 2004 5787 ιὲΜεη
2054 5664 2155 5714 Sed
2194 5663 2517 5725 sanctiﬁcati
2575 5665 2714 5727 estis,
2765 5666 2856 5716 sed
2904 5666 3196 5732 justiﬁcati
3234 5671 3379 5736 estis,

1775 5748 1887 5788 θιο.

1839 5826 1970 5889 Ms.,
1986 5822 2261 5873 Divinitas
2288 5818 2513 5870 visibilis
2537 5818 2820 5871 habeatur.

2961 5915 3030 5974 36
