3910 6238
230 294 357 368 est

1717 308 2064 369 DIALOGUS
2102 312 2193 369 III.

3608 230 3633 239 α

3456 222 3552 241 μ-..

3498 244 3559 255 ,ομ

236 420 346 485 tino
375 428 667 485 educante
713 428 1035 483 crevisset:
1078 422 1371 478 Martinum
1404 436 1532 477 vero
1563 432 1620 477 et
1657 437 1689 479 a
1720 425 1875 495 prin-
1905 427 1958 485 A
1984 426 2198 494 paniam
2220 444 2235 481 :
2258 425 2362 482 etsi
2392 426 2634 483 maxime
2660 406 2858 482 cursus
2883 425 2938 480 iu
2963 424 3126 481 devio
3148 424 3243 492 sit,
3266 437 3376 480 non
3402 431 3584 479 tamen

241 521 401 592 cipio,
430 520 587 591 quod
621 519 755 591 ipse
784 514 1009 573 diffiteri
1039 530 1145 571 non
1176 521 1385 585 posset,
1431 511 1637 568 militiae
1664 513 1875 570 actibus

245 614 548 677 sorduisse,
572 621 635 667 et
662 625 823 666 nunc
848 624 944 680 per
968 610 1155 663 inanes
1183 603 1604 676 superstitiones
1624 611 1678 657 et
1706 602 1877 673 phan-

250 716 473 765 tasmata
496 704 796 759 visionum
830 699 1057 757 ridicula
1089 712 1318 771 prorsus
1347 695 1492 752 inter
1509 687 1875 752 deliramenta

252 798 520 856 senuisse.
557 795 694 850 Hmc
713 809 847 849 cum
879 792 1072 858 multa,
1100 802 1267 862 atque
1308 789 1411 845 alia
1434 790 1621 854 etiam,
1656 803 1776 858 qum
1803 802 1880 843 re-

257 891 423 946 ticere
448 887 657 942 melius
680 897 791 951 est,
823 885 1107 942 acerbiora
1133 884 1459 949 vomuisset,
1482 894 1740 951 egressus
1763 890 1882 935 tan—

254 983 376 1036 dem
405 979 603 1035 furore
630 978 856 1044 satiato,
879 979 1031 1048 quasi
1064 974 1159 1046 qui
1186 989 1246 1031 se
1275 974 1492 1044 penitus
1519 972 1880 1039 vindicasset,

254 1069 478 1141 rapidus
511 1083 580 1125 ea
615 1082 773 1140 parte
810 1083 917 1138 qua
959 1076 1217 1132 venerat,
1249 1064 1606 1121 recurrebat:
1640 1079 1763 1119 cum
1796 1064 1884 1119 itt-

258 1173 430 1237 terea,
478 1161 655 1218 credo
698 1176 796 1231 per
836 1160 1052 1215 Martini
1093 1160 1373 1215 orationes
1402 1158 1604 1229 fugatis
1642 1158 1711 1214 ab
1742 1157 1886 1214 illius

255 1256 421 1313 corde
466 1256 846 1323 daemonibus,
893 1254 1150 1310 reductus
1197 1255 1250 1309 in
1303 1254 1708 1325 paenitentiam,
1758 1268 1886 1308 mox

256 1351 581 1417 revertitur,
630 1359 800 1421 alque
848 1347 917 1403 ad
955 1346 1171 1403 Martini
1212 1362 1276 1403 se
1316 1360 1505 1418 genus,
1542 1345 1843 1415 presternit
1869 1362 1919 1407 ε,

257 1442 480 1499 veniam
513 1456 777 1512 poscens,
804 1441 1006 1497 fatetur
1034 1455 1309 1506 errorem,
1342 1455 1444 1496 nec
1489 1424 1619 1495 sine.
1637 1439 1888 1494 daemone

257 1552 323 1593 se
366 1536 541 1593 fuisse
575 1536 796 1593 tandem
839 1536 1026 1591 sanior
1052 1536 1367 1591 confitetur.
1412 1534 1533 1590 Non
1576 1540 1696 1589 erat
1742 1530 1901 1601 apud'

260 1630 565 1686 ﬂaminum
609 1631 762 1685 labor
792 1630 895 1685 iste
923 1628 1189 1695 difficilis,
1225 1637 1285 1683 ut
1329 1630 1639 1700 ignosceret
1683 1626 1891 1697 suppli-

259 1724 434 1780 canti.
469 1724 625 1779 Tunc
662 1732 717 1779 et
748 1724 851 1794 ipsi
876 1702 937 1780 et
977 1724 1137 1779 nobis
1166 1715 1421 1779 omnibus
1446 1721 1683 1778 Sanetus
1721 1736 1889 1791 expo-

1984 514 2082 569 tibi
2110 515 2247 569 tanti
2279 518 2392 572 sint
2419 518 2507 573 vel
2544 531 2868 588 magnarum
2906 528 3192 571 morarum
3224 512 3330 570 ulla
3371 512 3594 581 dispeno

1982 608 2068 662 dia
2096 649 2109 671 ,
2139 609 2267 677 quin
2298 609 2415 665 illic
2445 609 2618 666 adeas
2650 606 2923 664 inlustrem
2954 608 3135 663 virum
3168 620 3233 661 ac
3264 612 3379 661 toto
3409 598 3597 661 laudaJ

1980 704 2096 755 tum
2127 703 2259 756 urbe
2289 696 2573 757 Paulinum
2601 719 2615 756 :
2646 701 2760 768 illi,
2784 715 2971 772 quaeso
2997 710 3051 756 te
3073 739 3088 766 ,
3123 701 3355 769 primum
3382 711 3594 754 sermo-

1985 794 2069 847 nis
2099 794 2311 861 nostri,
2340 808 2502 863 quem
2530 795 2614 849 vel
2647 794 2908 848 hesterno
2938 790 3278 857 confecimus
3308 790 3396 846 vel
3424 790 3597 847 hodie
3626 858 3629 861 _

1984 882 2277 949 diximus,.
2301 886 2559 942 volumen
2595 884 2831 941 evolve:
2876 884 2958 939 illi
2998 883 3181 939 omnia
3220 882 3431 954 referes
3456 923 3471 949 ,
3512 881 3590 938 illi

1987 987 2179 1032 Cuncta
2220 980 2480 1033 recitabis
2502 1020 2518 1043 ,
2555 985 2614 1037 ut
2647 992 2771 1033 mox
2803 992 2907 1049 per
2940 972 3319 1057 illunt'sacras
3346 974 3450 1033 viri
3478 974 3599 1031 lau-
3634 986 3641 1055 λ

1987 1067 2085 1122 des
2112 1066 2285 1123 Rotna
2315 1077 2614 1140 cognoscat
2639 1084 2654 1136 ;
2689 1068 2832 1125 sicut
2862 1052 3119 1139 primum:
3143 1066 3296 1125 illum
3340 1064 3594 1125 nostrum

1989 1152 2237 1214 Iibellttm
2280 1170 2387 1215 non
2425 1175 2522 1231 per
2569 1150 2782 1235 Italiam
2833 1170 3085 1230 tantum,
3132 1160 3229 1219 sed
3274 1176 3375 1235 per
3421 1171 3632 1220 totum'

1990 1254 2155 1309 etiam
2200 1252 2417 1308 diffudit
2460 1255 2774 1328 Illyricum.
2809 1255 2906 1311 Ille
2947 1254 3170 1313 Martini
3218 1271 3326 1312 non
3375 1250 3599 1315 Invidus
3642 1293 3643 1296 η
3688 1248 3691 1253 ’

1987 1347 2289 1420 gloriarum
2313 1388 2328 1413 ,
2361 1345 2789 1427 “netarumque
2818 1350 2873 1430 in
2906 1348 3130 1407 Christo
3159 1350 3422 1406 virtutum
3465 1349 3601 1419 piis-

1991 1445 2166 1500 simus
2210 1442 2546 1510 aestimator,
2588 1459 2701 1499 non
2748 1446 2954 1501 abnuet
3002 1444 3297 1516 praesulem
3345 1449 3599 1500 nostrum

1991 1547 2115 1592 cum
2143 1542 2245 1591 suo
2276 1534 2457 1590 Felice
2486 1550 2839 1606 componere.
2865 1536 2994 1593 inde
3020 1537 3065 1591 si
3092 1528 3328 1593 forte'ad
3359 1536 3600 1595 Africam

1995 1628 2410 1693 transfretabis,
2446 1626 2654 1683 referes
2683 1626 2868 1682 audita
2895 1626 3253 1700 Carthagini:
3288 1627 3420 1685 licet
3454 1629 3599 1699 jam-

1994 1721 2207 1793 pridem
2229 1753 2246 1787 -,
2273 1726 2333 1777 ut
2358 1720 2480 1796 ipse
2502 1703 2690 1773 dixisti
2711 1761 2726 1787 ,
2756 1721 2931 1774 virum
2964 1719 3215 1785 noverit,
3244 1730 3425 1775 tamen
3455 1734 3601 1780 nunc

261 1820 407 1885 suit,
440 1820 685 1889 qualiter
712 1818 865 1875 illum
894 1834 923 1874 a
952 1817 1298 1873 dmmonibus
1328 1816 1557 1872 vidisset
1578 1816 1794 1882 agitari,
1829 1830 1888 1872 se
1919 1835 1967 1897 Β
1997 1818 2270 1887 prmcipue
2309 1814 2380 1869 de
2422 1827 2491 1867 eo
2527 1811 2681 1882 plura
2723 1822 3053 1881 cognoscat,
3085 1825 3157 1865 ne
3186 1809 3364 1881 solum
3395 1811 3481 1890 ibi
3500 1810 3605 1882 Cy-

260 1914 536 1971 conviciis
586 1931 695 1970 non
747 1916 991 1981 moveri,
1024 1914 1352 1986 quaemagis
1391 1912 1469 1968 illi
1503 1928 1529 1965 n
1562 1921 1671 1982 quo
1702 1919 1889 1967 essent

261 2008 463 2099 egisse,
495 2011 838 2065 nocuissent.
873 2008 1085 2065 Exinde
1124 2024 1247 2063 cum
1281 2009 1422 2061 idem
1467 2005 1669 2062 Brictio
1702 2005 1887 2060 multis

262 2100 410 2171 apud
443 2116 569 2158 eum
609 2100 932 2172 magnisque
970 2100 1291 2156 criminibus
1323 2113 1565 2170 persrepe
1603 2111 1887 2168 premere-

262 2204 380 2258 tur,
412 2195 535 2266 cogi
566 2204 682 2271 ‘non
726 2195 923 2265 potuit.
956 2204 1015 2249 ut
1041 2208 1165 2249 eum
1212 2209 1241 2248 a
1277 2192 1619 2265 presbyterio
1662 2192 1887 2249 submo-

261 2283 457 2354 veret,
508 2291 594 2365 ne.
620 2301 775 2342 suam
811 2286 1067 2374 persequi
1098 2285 1380 2342 videretur
1420 2285 1707 2355 iniuriam;
1753 2283 1886 2340 illud
1946 2356 1951 2361 γ

260 2394 415 2450 saepe
449 2378 917 2447 mmmemomns,
949 2370 1009 2436 Si
1036 2379 1292 2458 Christus
1318 2370 1514 2435 ludam
1542 2391 1736 2458 passus
1761 2383 1845 2434 est
1866 2413 1883 2445 ,

259 2487 366 2528 cur
404 2482 515 2546 ego
539 2478 650 2528 non
674 2473 856 2544 patiar
877 2452 1256 2533 Brictioneml

270 2571 285 2574 Α
340 2553 486 2660 ΧἫῖ
517 2556 599 2621 Ad
627 2559 748 2641 luet:
774 2565 1195 2660 Postumianus,
1227 2564 1706 2660 Audiat,,inquit,
1740 2563 1886 2621 istud

259 2650 588 2729 exemplum
614 2670 813 2717 uoster
842 2648 958 2719 iste
980 2654 1051 2717 de
1082 2660 1341 2732 proximo
1370 2702 1383 2725 ,
1417 2658 1523 2731 qui
1543 2648 1670 2715 cum
1694 2659 1773 2721 sit
1802 2672 1890 2713 sa-

265 2751 456 2822 piens,
476 2738 775 2807 immemor
797 2742 1160 2821 praesentium
1180 2792 1195 2815 .
1221 2752 1516 2807 immemor
1540 2749 1885 2818 futurorum,

260 2838 314 2899 si
346 2829 511 2898 fuerit
537 2826 783 2907 edemus
804 2883 821 2911 ,
851 2838 1089 2908 ihsauit,
1119 2848 1174 2899 in
1201 2856 1299 2898 sua
1329 2859 1389 2916 se
1420 2857 1527 2898 non
1556 2842 1764 2905 habens
1793 2856 1891 2911 po-

263 2947 474 2993 testate
499 2955 515 2993 :
544 2931 704 2992 smvit
726 2938 782 2993 in
803 2926 1060 3004 ciericoe,
1082 2947 1367 3009 grassatur
1391 2936 1446 2989 iu
1471 2936 1664 3001 laicos,
1687 2943 1891 2992 totum-

263 3046 378 3097 que
422 3041 700 3085 terrarum
730 3017 928 3084 orbem
957 3014 1017 3084 in
1047 3041 1205 3084 suam
1236 3014 1554 3083 commovet
1585 3027 1888 3083 ultionem:

264 3126 327 3176 in
356 3136 468 3194 qua
489 3136 589 3193 per
616 3117 1149 3195 trienniumjugiter
1176 3108 1533 3177 dimicatione
1560 3120 1891 3185 consistens.

1992 1908 2244 1977 primum
2279 1911 2577 1974 martyrem
2605 1917 2799 1968 suum,
2825 1901 3075 1975 quamvis
3097 1911 3289 1956 sancto
3311 1900 3459 1955 illius
3483 1915 3611 1957 san-

1991 1999 2153 2069 guine
2182 1980 2503 2051 consecrata
2526 2036 2540 2061 ,
2568 1993 2822 2049 miretur.
2848 1991 2966 2048 iam
2989 1993 3035 2048 si
3064 1991 3133 2048 ad
3158 1992 3352 2047 lmvam
3381 1993 3605 2065 Achaia:
3679 2012 3682 2015 λ

1990 2092 2169 2145 sinum
2196 2088 2475 2159 paululum
2504 2086 2749 2143 devexus
2773 2084 3089 2154 intraveris,
3113 2084 3254 2141 sciat
3275 2084 3602 2153 Corinthus,

1992 2185 2167 2240 sciant
2193 2182 2461 2248 Athenae,
2495 2197 2603 2236 non
2633 2179 3034 2250 sapientiorem
3067 2179 3124 2234 in
3155 2177 3450 2235 Academia
3484 2178 3608 2250 Pla-

1994 2287 2175 2333 tonem
2198 2317 2213 2341 ,
2244 2288 2348 2329 nec
2375 2274 2662 2329 Socratem
2694 2272 2749 2327 in
2780 2285 3008 2327 carcere
3028 2268 3357 2349 fortiorem:
3390 2269 3607 2327 felicem

1990 2372 2211 2445 quidem
2253 2362 2565 2438 Graeciam,
2610 2384 2734 2440 quae
2779 2370 2986 2425 meruit
3033 2368 3226 2425 audire
3278 2368 3607 2440 Apostolum

1994 2464 2384 2537 praedicantem
2411 2480 2425 2525 :
2461 2462 2559 2519 sed
2589 2474 2931 2533 nequaquam
2963 2476 2993 2515 a
3021 2456 3248 2526 Christo
3275 2454 3485 2520 Gallias
3514 2463 3611 2520 de-
3704 2528 3707 2529 ν

1990 2560 2254 2627 relictas,
2298 2558 2499 2629 quibus
2536 2556 2830 2613 donaverit
2869 2555 3076 2612 habere
3119 2558 3434 2614 Martinum.
3466 2558 3608 2617 Cum

1992 2669 2122 2710 vero
2149 2652 2215 2708 ad
2243 2651 2740 2725 [Egyptumausque
2770 2652 3090 2722 perveneris
3108 2690 3125 2717 ,
3152 2664 3486 2723 quamquam
3516 2654 3609 2711 illa

1991 2764 2216 2805 suorum
2242 2758 2558 2804 sanctorum
2580 2762 2809 2803 numero
2831 2756 2890 2803 et
2918 2746 3215 2804 virtutibus
3229 2749 3316 2803 sit
3342 2750 3604 2821 superba,

1993 2853 2174 2900 tamen
2201 2858 2307 2898 non
2328 2841 2658 2912 dedignatur
2698 2842 2891 2898 audire
2911 2882 2926 2908 ,
2956 2841 3081 2912 quia
3113 2842 3190 2897 illi
3218 2828 3303 2899 vel
3334 2843 3603 2900 universae

1996 2935 2141 2988 Asiae
2177 2935 2379 2999 insolo
2409 2934 2646 2988 Martino
2678 2932 2891 3011 Europa
2934 2948 3040 2988 non
3072 2934 3325 2990 cesserit.

2071 3014 2253 3082 XVIII.
2296 3024 2568 3082 Caeterum
2598 3040 2723 3081 cum
2754 3025 3195 3100 Hierosolymam
3236 3027 3365 3082 inde
3404 3028 3605 3099 petitu-

1998 3138 2092 3177 rus
2130 3121 2307 3178 ventis
2348 3136 2564 3177 rursum
2600 3120 2718 3175 vela
2759 3120 3143 3196 commiseris,
3178 3120 3460 3193 negotium
3505 3121 3611 3178 tibi

262 3230 379 3271 nec
407 3223 660 3285 tempore
692 3229 795 3270 nec
827 3205 1046 3293 ratione
1075 3205 1299 3291 sedatur
1324 3231 1338 3267 :
1372 3200 1612 3269 dolenda
1654 3212 1892 3268 hominis
1920 3234 1966 3298 ρ
2000 3215 2173 3271 nostri
2201 3213 2411 3270 doloris
2438 3212 2690 3285 iniungo,
2718 3220 2809 3276 ut.
2837 3212 2887 3269 si
2910 3227 3170 3293 umquam
3200 3212 3435 3270 illustris
3461 3212 3612 3271 illius

264 3312 329 3364 et
359 3300 675 3381 miseranda
708 3303 989 3378 conditio,
1019 3303 1238 3367 etiamsi
1270 3301 1374 3366 hac
1416 3312 1529 3367 sola
1571 3309 1893 3367 insanabilis

265 3396 413 3467 mali
438 3414 595 3473 peste
624 3413 995 3477 premeretur.
1029 3401 1228 3461 Verum
1274 3405 1378 3460 ista
1423 3405 1473 3461 ei
1510 3391 1794 3475 patientiae
1838 3415 1895 3458 et

262 3491 695 3565 tranquillitatis
740 3497 996 3571 exempla
1038 3486 1245 3553 referre
1285 3500 1523 3569 sacpius,
1565 3495 1755 3562 Galle,
1802 3497 1912 3557 de-.

262 3587 512 3652 buens,
547 3594 607 3641 ut
640 3587 892 3646 nesciret
919 3587 1085 3644 irasci
1125 3600 1182 3645 et
1219 3592 1401 3657 sciret
1435 3588 1751 3661 ignoscere.
1781 3576 1892 3658 ,Qui

262 3680 316 3733 si
361 3678 528 3734 istum
562 3673 743 3751 ipSutu
777 3679 1023 3737 breviter
1058 3682 1328 3738 insertum
1361 3696 1676 3737 sermonem
1710 3694 1893 3735 nzeum

262 3773 329 3829 in
376 3788 439 3829 se
484 3772 765 3855 prolatum
811 3777 958 3855 forte
997 3775 1363 3847 cognoverit,
1405 3775 1545 3832 sciat
1584 3792 1689 3827 non
1722 3773 1898 3844 magis

264 3881 375 3922 ore
405 3852 620 3923 inimici
648 3881 813 3939 quam
841 3852 1009 3923 amici
1050 3868 1236 3923 animo
1278 3882 1365 3949 me
1392 3867 1642 3922 locutum
1668 3883 1682 3918 :
1726 3868 1855 3937 quia
1880 3909 1894 3933 ,

265 3959 320 4016 si
346 3958 473 4016 fieri
501 3970 723 4029 posset,
755 3961 1042 4029 optarem,
1072 3969 1132 4015 ut
1160 3946 1393 4017 Martino
1427 3960 1607 4031 potius
1629 3960 1897 4032 episcopo

264 4069 438 4123 quam
465 4042 689 4109 Phalari
714 4063 953 4127 tyranno
996 4054 1201 4110 similis
1227 4056 1528 4110 diceretur.
1560 4053 1670 4109 Sed
1705 4054 1893 4115 istum.

266 4147 437 4216 cujus
463 4147 934 4205 commemoratio
958 4162 1149 4217 parum
1174 4147 1360 4204 suavis
1384 4157 1501 4214 est,
1532 4152 1899 4213 transeamus,

266 4249 328 4297 et
358 4239 430 4295 ad
460 4237 756 4295 Martinum
786 4251 1035 4296 nostrum
1054 4281 1071 4310 ,
1096 4240 1288 4309 Galle,
1319 4232 1637 4316 redeamus.

345 4324 520 4389 XVII.
554 4330 694 4388 Tum
736 4347 875 4405 ego.
905 4348 1030 4390 cum
1058 4334 1171 4405 jam
1202 4333 1401 4392 adesse
1433 4344 1720 4408 vesperam
1753 4336 1901 4391 occi-

224 4446 235 4455 η
266 4417 382 4480 duo
413 4422 534 4481 sole
563 4425 834 4483 sentirem
856 4466 874 4494 ,
906 4424 1067 4493 Dies,
1098 4426 1356 4497 inquam,
1382 4417 1557 4507 abiit,
1593 4418 1905 4484 Postumia-

270 4526 382 4577 ηοξ
415 4524 754 4589 surgendum
781 4529 869 4575 est
888 4537 906 4573 :
936 4515 1100 4576 simul
1131 4529 1243 4575 tam
1268 4514 1535 4578 studiosis
1558 4518 1906 4578 auditoribus

2003 3306 2356 3364 Ptolentaidis
2384 3305 2538 3362 littus
2567 3302 3197 3381 accesseris,sollicitus
3219 3303 3491 3378 inquiras,
3515 3302 3611 3381 ubi

1997 3402 2070 3455 sit
2096 3398 2453 3469 consepultus
2480 3396 2672 3453 noster
2703 3396 2795 3454 ille
2828 3395 3197 3468 Pomponius,
3228 3411 3329 3453 nec
3360 3394 3609 3459 fastidias

1999 3496 2221 3551 visitare
2246 3508 2371 3552 ossa
2400 3492 2713 3565 peregrina.
2734 3476 2929 3549 Multas
2958 3491 3068 3549 illic
3098 3491 3371 3565 lacrymas
3400 3504 3511 3547 tam
3541 3506 3611 3548 ex

1998 3588 2197 3645 affectu
2243 3598 2333 3643 tuo
2375 3600 2539 3657 quam
2583 3602 2652 3642 ex
2694 3584 2900 3641 nostris
2932 3580 3096 3641 funde
3128 3584 3474 3643 visceribus:
3508 3600 3609 3654 ac,

1999 3682 2120 3739 licet
2154 3683 2300 3737 inani
2343 3694 2603 3751 munere,
2636 3680 2815 3737 solum
2850 3683 3026 3753 ipsum
3069 3679 3208 3737 ﬂore
3248 3696 3528 3753 purpureo
3557 3691 3615 3737 et

1997 3792 2170 3832 suave
2196 3776 2575 3855 redolentibus
2600 3786 2795 3848 Sparge
2824 3773 3194 3847 graminibus.
3228 3776 3394 3832 Dices
3427 3785 3614 3831 tamen

2001 3870 2079 3925 illi
2107 3913 2120 3936 ,
2152 3871 2253 3926 sed
2286 3881 2397 3942 non
2429 3884 2657 3941 aspere,
2692 3885 2801 3924 non
2842 3870 3078 3936 acerbe,
3110 3867 3503 3941 compatientis
3533 3867 3619 3940 al.-

2000 3965 2208 4033 loqulo,
2233 3977 2342 4018 non
2363 3950 2753 4030 exprobrantis
2776 3959 2992 4032 elogio:
3018 3962 3162 4032 quod
3186 3962 3231 4017 si
3255 3962 3342 4018 vel
3363 3972 3415 4022 te
3438 3976 3620 4034 quon-

2002 4056 2126 4112 dant
2151 4098 2167 4125 ,
2198 4056 2283 4111 vel
2311 4072 2400 4112 me
2427 4070 2648 4129 semper
2674 4055 2868 4112 audire
2905 4056 3212 4123 voluisset,
3240 4065 3297 4112 et
3324 4056 3617 4112 Martinum

2004 4150 2180 4221 magis
2224 4164 2389 4221 quam
2436 4149 2629 4216 illum,
2676 4164 2839 4219 quem
2884 4150 3176 4205 nominare
3219 4148 3384 4217 nolo,
3426 4148 3621 4206 fuisset
3697 4139 3700 4142 ’

2007 4242 2286 4298 imitatus:
2319 4258 2615 4314 numquam
2643 4256 2673 4298 a
2702 4256 2789 4299 me
2815 4249 2927 4297 tam
2956 4241 3260 4299 crudeliter
3282 4242 3618 4313 disparatus,

2008 4338 2179 4410 ignoti
2220 4337 2465 4410 pulveris
2494 4345 2645 4410 syrte
2673 4345 2975 4408 tegeretur,
3012 4332 3260 4406 naufragi
3294 4347 3447 4391 sorte
3474 4349 3625 4408 pra:-

1966 4470 1974 4479 .
2008 4432 2167 4489 donis
2195 4447 2390 4504 passus
2424 4433 2476 4486 in
2510 4431 2689 4487 medio
2721 4430 2859 4485 mari
2901 4437 3167 4495 mortem,
3212 4439 3263 4483 et
3299 4430 3387 4483 vix
3430 4426 3486 4483 in
3528 4443 3623 4484 ex-

2012 4532 2190 4581 tremo
2222 4535 2414 4580 nactus
2448 4524 2633 4580 littore
2662 4524 3021 4593 sepulturam.
3052 4518 3292 4575 Videant
3334 4517 3442 4576 hoc
3482 4515 3627 4589 opus

268 4614 438 4669 cuius
462 4604 718 4669 debetur.
745 4606 826 4670 De
848 4608 1084 4695 Martino
1108 4627 1292 4673 autem
1320 4627 1649 4689 exspectare
1678 4634 1785 4689 non
1812 4618 1910 4674 de—
1934 4626 1987 4687 D
2013 4634 2171 4675 suum
2195 4661 2207 4683 ,
2249 4619 2589 4688 quicumque
2628 4632 2693 4671 ex
2739 4615 2889 4670 illius
2932 4613 3196 4669 abscessu
3246 4611 3380 4667 mihi
3422 4626 3627 4693 nocere

269 4702 410 4769 Ita,
442 4712 500 4758 ut
527 4702 636 4761 ulla
669 4709 745 4762 sit
784 4714 929 4762 meta
974 4696 1253 4765 referendi
1279 4726 1291 4763 :
1325 4696 1492 4766 latius
1524 4710 1617 4767 ille
1645 4711 1908 4769 diffundi-

253 4802 395 4863 ‘tur,
430 4800 593 4871 Quam
625 4796 693 4858 ut
721 4786 838 4858 ullo
869 4794 1052 4857 valeat
1084 4801 1342 4861 sermone
1369 4805 1642 4861 concludi.
1675 4805 1788 4862 Ista
1825 4807 1910 4864 in-

271 4876 451 4955 ici-im
476 4889 547 4947 de
574 4886 673 4947 illo
700 4893 820 4947 viro
852 4889 1103 4964 portabis
1128 4891 1341 4967 Orienti
1360 4937 1375 4961 ,
1404 4905 1460 4953 et
1485 4882 1612 4952 dum
1640 4898 1907 4967 recurrit,

273 4977 645 5056 diver'sasqne
675 4984 940 5056 regiones
964 5027 981 5049 ,
1014 4984 1136 5041 loca
1160 5026 1179 5053 ,
1210 4998 1402 5057 portus
1426 5032 1441 5056 ,
1475 4981 1685 5045 insulas
1719 4991 1909 5046 urbes-

276 5076 391 5149 qua
422 5068 797 5153 pfwterle‘gis,
829 5079 1055 5138 Martini
1096 5089 1295 5140 nomen
1339 5092 1395 5140 et
1434 5086 1671 5156 gloriam
1712 5104 1909 5160 sparge

278 5172 385 5239 per
408 5173 655 5243 populos.
684 5171 976 5248 Imprimis
1002 5165 1282 5233 memento
1305 5191 1409 5233 non
1435 5179 1721 5250 prazterir'e
1745 5181 1909 5239 Cam-

406 5356 431 5367 ἡ

2018 4713 2348 4768 voluerunt:
2385 4713 2605 4769 videant
2642 4711 2873 4784 gloriam
2912 4722 3065 4765 suam
3088 4746 3106 4773 ,
3137 4715 3196 4761 et
3225 4705 3309 4761 vel
3352 4710 3502 4761 nunc
3528 4704 3628 4761 ad-

2018 4822 2235 4863 versum
2286 4823 2372 4861 mc
2415 4808 2655 4877 grassari
2696 4803 2955 4860 desinant
2996 4799 3280 4865 vindicati.
3329 4797 3458 4854 Ilaec
3498 4814 3625 4855 cum

2014 4902 2250 4958 maxime
2282 4900 2451 4955 ﬂebili
2486 4914 2618 4955 voce
2657 4911 3037 4968 gemeremus,
3071 4882 3320 4951 omnium
3361 4891 3630 4966 Iacrymls

2013 5012 2110 5068 per
2140 5006 2325 5051 nostra
2368 4996 2605 5050 lamenta
2645 4992 2938 5049 commotis
2959 5032 2973 5056 ,
3002 5005 3124 5044 cum
3158 5003 3367 5069 magna
3398 4987 3627 5059 quidem

2012 5087 2226 5146 Martini
2256 5086 2642 5154 admiratione,
2675 5086 2773 5142 sed
2803 5098 2912 5139 non
2944 5080 3161 5137 minore
3190 5096 3254 5137 ex
3291 5080 3498 5137 nostris
3523 5078 3626 5137 lle-

2016 5182 2162 5238 tibus
2192 5180 2385 5238 dolore
2408 5222 2423 5248 ,
2457 5179 2764 5237 discessum
2797 5187 2902 5234 est.

1704 5500 2243 5577 mm
