3866 6206
86 347 244 405 1133

1470 356 1679 408 LIBER
1713 356 1806 408 DE
1840 357 2022 408 FIDE.

3256 367 3399 422 1134

76 472 290 544 suam:
307 461 461 544 Dicit
483 462 638 513 enim
654 461 1129 544 quodluminaria
1144 463 1366 544 dudum
1391 464 1602 544 fuerint
1620 466 1702 544 in-
1726 472 1780 544 Α
1800 466 2028 544 diverso
2053 469 2262 544 cuncti,
2300 471 2402 544 qui
2434 471 2627 544 divina
2664 481 2961 540 praecepta
2998 481 3398 543 contemnunt,

76 530 365 583 tellectus
378 537 439 584 et
455 544 686 593 sensus,
712 537 770 583 et
785 532 921 594 quia
936 533 1291 597 negligenter
1307 537 1520 587 versati
1544 541 1701 601 sunt,

78 614 211 654 sua
231 604 605 667 postmodum
620 603 834 654 virtute
846 604 1069 667 privati,
1084 606 1157 655 ad
1170 606 1339 669 ignea
1352 607 1465 659 ista
1481 609 1703 656 damnati

76 680 242 726 sunt
264 687 521 740 corpora,
550 677 615 725 ut
639 686 812 738 super
836 681 1045 726 terram
1069 675 1315 729 luceant.

164 745 287 796 XX.
309 745 578 797 Similiter
592 750 788 796 autem
804 747 1103 810 gentilium
1118 760 1366 800 errorem
1390 749 1702 812 approbare

73 815 435 867 desiderans
456 818 538 867 sic
553 816 709 875 dicit,
735 817 890 879 quod
914 817 1043 869 ideo
1068 827 1085 846 ·
1103 819 1296 882 posuit
1316 818 1622 870 luminaria
1645 821 1699 867 in

73 888 466 940 ﬁrmamento
490 888 511 917 ⁸³
538 889 597 939 in
622 888 811 950 signa,
834 893 897 939 ut
922 901 1121 940 eorum
1146 890 1243 953 huj
1255 892 1477 941 usmodi
1504 895 1701 942 motus

70 960 269 1010 nobis
308 960 323 993 ι
350 958 468 1012 fata
503 962 704 1010 nostra
734 959 1082 1022 signiﬁcent.
1115 961 1353 1012 Discant
1385 961 1558 1025 igitur
1600 963 1701 1024 qui

72 1030 376 1081 nefariam
392 1028 655 1093 Origenis
671 1028 940 1081 heresim
955 1039 1297 1093 sequuntur,
1316 1043 1434 1081 non
1451 1031 1533 1082 sic
1552 1031 1702 1082 acci-

70 1113 233 1163 pere
257 1100 518 1153 divinam
543 1100 910 1164 Scripturam,
932 1112 1119 1163 neque
1144 1105 1399 1153 evertere
1420 1101 1597 1164 hujus
1612 1102 1702 1152 in-

81 1171 416 1235 tellectum,
441 1177 508 1223 ut
537 1184 638 1235 pro
658 1170 930 1235 allegoria
955 1172 1171 1223 scilicet
1193 1176 1431 1223 utantur
1461 1172 1701 1224 historia

72 1242 426 1294 secundum
439 1240 793 1294 voluntatem
810 1253 996 1293 suam.
1020 1242 1165 1292 Nam
1182 1254 1317 1293 cum
1341 1244 1589 1291 dicentem
1611 1250 1702 1291 ter-

72 1325 178 1365 rse
216 1314 527 1365 audiamus
565 1312 873 1364 Jeremiam
909 1313 1267 1377 Prophetam,
1318 1314 1496 1378 Terra,
1536 1320 1697 1375 terra,

73 1390 262 1447 terra,
288 1385 426 1434 audi
448 1383 665 1434 verbum
688 1383 932 1447 Domini,
957 1385 1122 1433 scribe
1145 1385 1291 1433 hunc
1316 1384 1591 1434 hominem
1614 1384 1702 1433 ab-

73 1455 346 1504 dicatum
385 1456 511 1518 (Jer.
558 1453 644 1507 2‘2.
684 1453 812 1516 29.),
848 1466 965 1504 non
999 1454 1129 1506 ideo
1166 1454 1446 1507 debemus
1490 1456 1699 1520 dicere,

73 1526 256 1590 quod
280 1528 446 1589 quasi
484 1524 719 1577 animali
749 1524 1189 1589 rationabilique
1214 1531 1381 1578 terris
1418 1527 1701 1590 Propheta

76 1598 416 1662 pmcipiat.
442 1596 597 1649 Solet
621 1597 797 1647 etiam
831 1596 1018 1647 David
1053 1597 1341 1661 PrOpheta
1361 1597 1701 1661 hujusmodi

74 1669 437 1733 corporibus
461 1669 757 1733 imperare,
783 1680 918 1718 cum
941 1668 1097 1731 dicit,
1125 1669 1365 1717 Laudate
1399 1668 1699 1718 Domi-num

74 1741 156 1789 de
173 1745 341 1800 terra,
368 1740 624 1789 dracones
647 1743 691 1786 et
716 1753 900 1787 omnes
915 1737 1111 1803 abyssi.
1129 1740 1299 1802 Ignis,
1316 1740 1547 1803 grando,
1572 1740 1693 1801 nise,

73 1812 311 1875 glacies,
329 1812 554 1875 spiritus
565 1809 944 1874 procellarum,
964 1824 1080 1873 quae
1088 1810 1304 1872 faciunt
1326 1811 1545 1859 verbum
1562 1810 1692 1873 ejus,

74 1887 305 1931 montes
327 1889 373 1930 et
397 1896 579 1931 omnes
601 1880 769 1941 colles,
789 1880 942 1943 ligna
962 1880 1252 1943 fructifera
1279 1888 1323 1930 et
1348 1896 1530 1931 omnes
1552 1881 1696 1930 cedri

82 1954 266 2017 (Psal.
307 1952 425 2007 148.
467 1952 559 2015 7.).
599 1954 723 2003 Non
757 1957 1057 2014 propterea
1094 1952 1263 2004 docet
1306 1966 1433 2018 nos,
1475 1956 1540 2003 ut
1573 1954 1700 2004 haec

81 2026 297 2077 omnia
315 2024 675 2076 rationabilia
699 2018 848 2089 59|
879 2035 1009 2074 esse
1029 2024 1351 2076 credamus.
1379 2024 1489 2076 Sed
1504 2024 1701 2088 Orige-

86 2109 204 2147 nes
240 2109 393 2147 nunc
428 2107 674 2159 eJusque
709 2097 848 2145 socii
875 2094 1252 2147 dimittantur.

161 2168 320 2217 XXI.
338 2168 455 2218 Nos
472 2179 624 2217 enim
642 2166 816 2216 etiam
832 2167 941 2216 hoc
956 2180 991 2216 a
1008 2167 1297 2229 Scriptura
1312 2165 1509 2216 divina
1522 2167 1701 2214 didici-

86 2238 426 2302 mus,quod
438 2240 591 2288 Deus
614 2236 947 2289 caelestibus
961 2239 1186 2289 cunctis
1213 2239 1598 2285 rationabilibus
1624 2252 1705 2297 po-

82 2312 413 2363 testatibus
439 2318 456 2338 ε
477 2308 635 2360 dedit
662 2308 872 2361 habere
890 2308 1127 2360 liberam
1154 2310 1531 2371 voluntatem,
1554 2310 1705 2358 sicut

86 2382 276 2432 etiam
299 2380 636 2431 hominibus
659 2379 721 2429 in
750 2383 902 2430 terra
926 2380 1195 2442 prmstitit
1220 2381 1362 2430 Nam
1385 2392 1556 2430 nemo
1581 2390 1704 2430 om-

86 2455 266 2503 nium
283 2452 381 2515 qui
397 2452 675 2502 rationem
689 2450 866 2501 habet
884 2455 986 2501 aut
1009 2463 1265 2512 sensum,
1285 2451 1503 2502 invitus
1526 2452 1705 2511 poterit

88 2525 223 2574 Deo
250 2522 337 2574 vel
356 2523 478 2573 sine
505 2526 793 2573 voluntate
818 2522 1050 2582 servire,
1070 2522 1173 2573 sed
1197 2534 1397 2572 omnes
1421 2523 1472 2572 ei
1499 2526 1704 2585 sponte

85 2594 329 2659 propria
344 2594 561 2645 scilicet
576 2596 996 2645 obsecundant.
1017 2593 1289 2655 Alioquin
1319 2594 1368 2643 si
1398 2593 1456 2643 id
1479 2605 1599 2644 non
1623 2607 1704 2640 es-

88 2670 210 2725 set,
236 2677 425 2729 neque
447 2664 701 2716 laudatio
719 2677 839 2727 eos,
860 2676 1048 2727 neque
1072 2664 1416 2728 vituperatio
1442 2675 1705 2725 sequere-

92 2743 216 2800 tur,
243 2742 345 2787 aut
367 2737 603 2799 crimen,
630 2736 778 2787 sicut
806 2736 937 2786 etin
961 2736 1185 2787 caeteris
1205 2734 1549 2785 animalibus
1566 2747 1701 2784 con-

94 2809 235 2873 tigit
279 2806 733 2858 inrationalibus.
792 2808 1009 2858 Omnes
1056 2807 1232 2870 igitur
1285 2806 1704 2857 contrariorum

92 2890 347 2944 capaces
372 2878 676 2938 habentur,
706 2883 823 2929 tam
846 2878 980 2928 boni
1003 2877 1130 2929 dico
1162 2890 1337 2940 quam
1360 2876 1540 2941 pravi,
1568 2874 1705 2926 boni

93 2952 359 3015 quidem,
377 2962 510 3000 cum
526 2949 584 3000 id
602 2949 757 3012 quod
773 2951 928 3000 Deus
946 2947 1305 3000 vultfaciunt
1323 2962 1335 2997 :
1355 2950 1497 3008 pravi
1514 2954 1700 3009 autem,

88 3021 258 3086 quod
278 3021 549 3073 mandata
569 3021 796 3071 Domini
820 3020 1055 3070 minime
1076 3020 1431 3071 custodiunt.
1458 3021 1527 3069 Et
1548 3016 1705 3081 quod

92 3092 312 3157 Angeli
331 3092 712 3155 caaleStesque
738 3092 999 3153 virtutes,
1025 3104 1157 3142 cum
1183 3092 1287 3142 Dei
1307 3090 1544 3141 minime
1569 3101 1709 3153 prae-

89 3169 270 3228 cepta
289 3168 687 3224 contemnunt,
703 3161 872 3213 laude
888 3162 1185 3225 potiuntur
1198 3161 1435 3226 ingenti,
1452 3162 1613 3212 testis
1629 3165 1701 3207 est

91 3237 308 3287 beatus
318 3234 501 3285 David
523 3233 605 3283 ita
628 3234 845 3295 dicens,
864 3234 1159 3282 Benedicite
1180 3233 1355 3281 Deum
1387 3247 1569 3281 omnes
1590 3233 1702 3281 An-

85 3306 200 3370 geli
235 3308 369 3367 ejus,
404 3310 638 3369 potentes
663 3305 855 3353 virtute
894 3304 1149 3366 facientes
1187 3305 1404 3353 verbum
1441 3319 1571 3368 ejus.
1613 3305 1701 3353 Ad

85 3378 436 3427 audiendam
450 3390 625 3425 vocem
635 3391 945 3425 sermonum
958 3376 1391 3439 ejus.Benedicite
1400 3376 1702 3424 Dominum

84 3464 283 3498 omnes
307 3452 525 3496 virtutes
554 3448 686 3511 ejus,
721 3448 967 3497 ministri
991 3449 1104 3511 ejus
1128 3448 1381 3509 facientes
1405 3448 1704 3497 voluntates

87 3520 214 3585 ejus
250 3519 410 3584 (Psal.
451 3517 575 3572 102.
609 3518 739 3581 ⁸21.).
779 3521 864 3569 Ex
903 3519 1011 3569 hac
1056 3520 1230 3583 igitur
1265 3517 1610 3579 laudatione,
1646 3519 1705 3570 id

85 3596 188 3644 est
205 3603 279 3642 ex
301 3591 701 3642 observatione
717 3590 946 3640 Domini
965 3594 1404 3654 praceptorum,
1432 3592 1598 3641 beata
1613 3594 1705 3639 sci-

89 3667 231 3715 licet
255 3664 444 3716 vitaet
458 3670 733 3727 perpetua
747 3663 1041 3714 fruuntur.
1060 3665 1167 3714 Sed
1185 3665 1337 3715 sicut
1360 3676 1583 3726 omnes,
1602 3664 1704 3726 qui
1740 3706 1763 3725 ,

89 3736 203 3787 Dei
218 3735 439 3787 faciunt
456 3734 831 3796 voluntatem,
851 3738 1081 3798 perenni
1100 3735 1457 3786 beatitudine
1478 3736 1706 3798 potiun-

90 3814 213 3867 tur,
238 3807 515 3859 etlaudes
539 3809 703 3858 aDeo
727 3810 1161 3869 consequuntur
1184 3812 1451 3871 aeternas,
1480 3807 1563 3857 sic
1588 3811 1644 3859 et
1671 3820 1703 3859 e

157 3961 179 3981 ·
202 3953 341 4014 Μ8.,
378 3952 563 4001 Posuit
593 3950 732 3999 Deus
755 3950 1080 4001 luminaria.

153 4023 178 4053 δ
202 4024 270 4072 ιη
292 4026 472 4085 signa.
492 4022 507 4086 J
534 4023 812 4073 Praeclare
833 4022 985 4071 idem
1007 4021 1420 4083 Theoderetus,
1435 4022 1702 4085 quaestio-

91 4109 168 4146 ne
194 4094 286 4147 15.
306 4094 617 4143 vanitatem
631 4093 782 4143 hanc
800 4091 1100 4143 stellarum
1124 4105 1230 4142 nec
1246 4092 1552 4156 gentilium
1579 4106 1701 4144 om-

92 4167 265 4217 nium
283 4164 465 4216 fuisse
479 4164 754 4225 ostendit,
773 4169 871 4213 sed
888 4166 1197 4213 stultorum
1215 4160 1442 4212 tantu’m
1459 4168 1517 4214 et
1531 4179 1701 4213 amen-

94 4238 267 4289 tium.
293 4238 362 4288 Τὸ
386 4236 439 4285 δὲ
472 4250 500 4281 (ι
535 4231 597 4291 εἷς
622 4244 802 4298 σημεῖα
834 4253 859 4277 ι»
891 4230 947 4284 οὐ
970 4236 1098 4285 κατὰ
1118 4228 1228 4289 τοὺς
1252 4230 1487 4295 ἀνοήτους
1506 4242 1698 4298 νοῦμεν·

93 4316 183 4371 τῆς
226 4310 319 4373 γὰρ
366 4308 745 4371 γενεθλιολογίας
788 4302 875 4367 τὴν
922 4304 1270 4373 ματαιολογίαν
1324 4302 1438 4354 οὐδὲ
1481 4306 1701 4370 Πυθαγό-

94 4398 204 4447 ρας,
234 4372 350 4428 οὐδὲ
380 4379 656 4447 Σωκράτης,
691 4373 803 4426 οὐδέ
828 4378 1055 4447 Πλάτων,
1082 4372 1195 4426 οὐδὲ
1220 4376 1264 4426 οἱ
1293 4377 1486 4427 Στοίκοὶ
1521 4396 1701 4443 προσε-

94 4442 318 4509 δέξαντο.
363 4445 420 4501 Εἰ
464 4442 517 4498 δὲ
561 4448 605 4498 o't
655 4458 751 4503 τοῖς
802 4448 964 4513 μύθοίς
1018 4442 1388 4513 ἐντεθραμμένι
1436 4442 1572 4500 τοῦδέ
1620 4462 1703 4502 τοῦ

1727 3196 1775 3271 C

1801 539 2015 588 aeterna
2035 537 2447 601 vituperatione
2469 541 2833 597 damnantur.

1863 609 2039 686 XXII.
2067 606 2229 659 Unde
2249 607 2359 673 ille,
2371 622 2544 686 quem
2562 612 2756 686 divina
2773 617 3068 680 Scriptura
3092 619 3397 671 Diabolum

1800 679 2094 749 nominare
2112 679 2430 741 consuevit,
2451 685 2508 731 et
2524 683 2648 743 ejus
2664 688 2778 747 pari
2788 691 2872 737 ter
2888 679 2986 749 qui
3005 686 3273 740 dicuntur
3294 693 3399 740 An-

1799 749 1929 812 geli,
1952 748 1972 778 δ
1988 762 2122 800 cum
2146 749 2342 813 primis
2358 750 2689 804 hominibus
2705 748 3051 819 inviderent,
3071 760 3255 810 Adam
3280 762 3394 809 dico

1799 825 1857 871 et
1889 822 2039 894 Evte,
2066 833 2101 871 a
2134 823 2302 894 beata
2331 822 2469 882 vita,
2509 834 2679 884 quam
2711 828 2960 887 primum
2996 830 3395 894 possederant,

1801 892 2142 964 semetipsos
2159 892 2816 964 alienarunt.Ethomini
2832 892 3064 960 quidem
3088 914 3187 964 per
3212 892 3397 961 decep-4

1798 961 2029 1021 tionem,
2057 975 2229 1025 quam
2254 963 2364 1027 ipsi
2388 963 2620 1035 penitus
2644 967 3060 1031 excogitarunt,
3089 961 3399 1035 persuase-

1800 1036 1936 1082 runt
1958 1037 2278 1095 peccantes,
2296 1036 2360 1084 ut
2379 1047 2414 1083 a
2430 1033 2699 1084 mandato
2724 1036 2824 1084 Dei
2840 1033 3109 1098 protinus
3114 1041 3391 1100 deviaret,

1801 1102 2144 1165 semetipsos
2164 1109 2359 1156 autem
2371 1109 2590 1156 aeterno
2606 1105 2817 1167 pariter
2834 1105 3110 1169 supplicio
3123 1111 3251 1173 subj
3260 1123 3397 1174 uga-

1799 1177 1952 1235 runt,
1980 1174 2130 1223 sicut
2154 1178 2214 1226 et
2240 1176 2523 1225 Dominus
2548 1179 2747 1226 noster
2768 1176 2799 1226 J
2806 1189 2911 1226 esu
2935 1177 3194 1229 Christus
3210 1181 3395 1239 docet,

1798 1255 1931 1293 cum
1946 1243 2020 1294 ad
2040 1242 2168 1295 illos
2184 1244 2337 1305 dicit,
2361 1246 2461 1308 qui
2477 1246 2795 1309 propinquo
2817 1260 2925 1298 suo
2949 1248 3397 1302 misericordiam

1799 1316 2112 1375 denegarunt
2136 1329 2148 1364 :
2167 1315 2315 1363 [tein
2333 1316 2515 1379 ignem
2537 1320 2816 1379 aeternum,
2844 1320 2939 1380 qui
2965 1326 3307 1382 praeparatus
3329 1326 3398 1369 est

1798 1383 2022 1434 Diabolo
2066 1390 2110 1433 et
2132 1385 2354 1449 Angelis
2380 1386 2510 1450 ejus.
2537 1386 2760 1436 Esurivi
2785 1388 2954 1448 enim,
2978 1395 3023 1437 ct
3046 1404 3159 1437 non
3181 1389 3399 1439 dedistis

1798 1456 2301 1517 mihimanducare,
2320 1461 2375 1508 et
2391 1463 2581 1509 cetera
2600 1458 2805 1521 (Matth.
2826 1457 2913 1512 ‘25.
2930 1459 3057 1521 41.).
3076 1463 3214 1516 Quod
3232 1468 3397 1510 autem

1798 1526 2079 1587 diabolus,
2112 1527 2200 1579 vel
2215 1529 2341 1591 ejus
2369 1528 2462 1589 qui
2488 1527 2761 1579 dicuntur
2773 1529 3000 1593 Angeli,
3025 1531 3095 1581 de
3120 1532 3399 1583 creaturis

1797 1596 2126 1649 caelestibus
2139 1604 2293 1660 sunt,
2315 1595 2428 1665 59
2441 1597 2489 1664 2
2505 1600 3054 1663 rationabilibusque
3066 1602 3396 1666 virtutibus,

1798 1669 1961 1720 testis
1978 1673 2065 1720 est
2088 1669 2290 1720 beatus
2314 1672 2534 1733 Petrus,
2560 1682 2691 1721 cum
2710 1670 2794 1721 sic
2820 1671 2973 1731 dicit,
3011 1671 3074 1721 Si
3088 1672 3235 1720 enim
3258 1674 3398 1722 Deus

1792 1739 2014 1802 Angelis
2049 1740 2146 1804 qui
2181 1747 2532 1804 peccaverunt
2562 1756 2674 1789 non
2695 1742 2926 1805 pepercit
2962 1739 3029 1804 (‘2.
3055 1743 3196 1793 Petr.
3224 1741 3274 1797 2.
3300 1743 3394 1808 4.).

1803 1810 2069 1861 Similiter
2099 1814 2294 1862 autem
2332 1815 2389 1863 et
2420 1813 2625 1863 beatus
2660 1811 2869 1863 Paulus
2920 1811 3105 1878 docet,
3159 1814 3394 1865 dicens:

1800 1881 2025 1931 Nescitis
2039 1883 2303 1945 quoniam
2320 1883 2547 1946 Angelos
2562 1882 2932 1947 judicabimus
2960 1883 3028 1947 (1.
3053 1884 3174 1935 Cor.
3208 1885 3257 1938 6.
3283 1883 3395 1948 3.)?

1803 1954 1881 2004 Ne
1897 1953 2027 2016 quis
2041 1954 2217 2016 igitur
2230 1955 2538 2005 arbitretur
2552 1958 2757 2017 captus
2772 1967 2979 2015 errore,
2998 1955 3152 2018 quod
3168 1956 3265 2007 isti
3280 1965 3396 2005 ante

1800 2029 2182 2089 peccaverunt
2196 2038 2368 2087 quam
2390 2025 2721 2076 hominibus
2735 2026 3075 2089 inviderent,
3101 2031 3159 2077 et
3184 2033 3315 2091 post
3337 2028 3396 2079 il-

1799 2093 1902 2145 lud
1912 2099 2212 2157 peccatum
2224 2096 2297 2145 ad
2319 2095 2684 2159 decipiendos
2702 2096 2965 2147 homines
2987 2095 3284 2160 devenere,
3303 2101 3396 2147 sie-

1801 2169 1867 2217 ut
1888 2165 2141 2216 nefarius
2159 2166 2433 2229 Origenes
2449 2166 2691 2217 docebat
2716 2184 2727 2215 :
2753 2166 2855 2218 sed
2880 2175 2945 2218 ut
2968 2168 3230 2232 superius
3249 2168 3390 2231 dixi,

1805 2248 1877 2286 ex
1913 2249 1979 2287 eo
2004 2235 2159 2299 quod
2195 2236 2459 2287 diabolus
2498 2242 2555 2286 in
2585 2243 2911 2300 serpentem
2953 2241 3399 2302 transﬁguratus

1804 2308 1985 2358 Evam
2002 2306 2241 2369 decepit.
2257 2307 2418 2367 Quod
2441 2312 2635 2357 autem
2647 2320 2723 2357 ex
2738 2307 2832 2357 illo
2856 2308 3134 2373 diabolus,
3162 2311 3401 2361 Veritate

1804 2378 2035 2442 penitus
2047 2377 2315 2428 derelicta
2328 2376 2620 2427 transtulit
2636 2390 2697 2428 se
2714 2380 2970 2441 protinus
2984 2382 3045 2427 ad
3063 2382 3402 2444 mendacium,

1804 2462 1880 2502 ex
1903 2462 2017 2513 quo
2046 2451 2242 2512 Evam,
2263 2453 2330 2499 ut
2353 2448 2491 2512 dixi,
2508 2450 2748 2513 peremit
2767 2454 2951 2501 morte
2976 2451 3211 2514 peccati,
3239 2452 3406 2503 testis

1805 2526 1897 2571 est
1929 2522 2210 2571 Dominus
2222 2524 2420 2570 noster
2444 2533 2575 2569 cum
2590 2520 2959 2571 dicitJudseis
2983 2534 3099 2572 non
3121 2522 3406 2574 credenti-

1807 2592 1916 2642 bus
1948 2591 2077 2653 sibi,
2119 2591 2216 2639 Vos
2252 2605 2318 2638 ea!
2346 2596 2502 2653 patre
2524 2590 2737 2638 diabolo
2774 2593 2914 2651 estis,
2950 2592 3213 2642 desideria
3235 2594 3407 2656 patris

1806 2664 1964 2711 vestri
1984 2661 2187 2709 diaboli
2208 2661 2367 2708 vultis
2392 2660 2582 2721 facere.
2601 2659 2690 2709 Ille
2713 2660 2985 2710 homicida
3001 2667 3117 2710 erat
3140 2662 3205 2710 ab
3228 2664 3403 2728 initio,

1806 2739 1850 2781 et
1867 2733 1928 2780 in
1943 2734 2160 2780 veritate
2176 2747 2285 2780 non
2302 2732 2455 2789 stetit,
2475 2747 2505 2795 q
2516 2731 2610 2779 uia
2625 2731 2819 2780 veritas
2831 2746 2941 2779 non
2957 2737 3029 2781 est
3050 2734 3111 2780 in
3137 2747 3213 2797 eo,
3231 2749 3262 2797 q
3273 2749 3407 2784 uan-

1807 2804 1873 2852 do
1890 2803 2133 2867 loquitur
2146 2802 2507 2864 mendacium,
2526 2802 2587 2849 de
2602 2802 2844 2865 propriis
2860 2801 3119 2866 loquitur,
3138 2806 3405 2867 quoniam

1804 2874 2048 2924 mendam
2079 2879 2149 2922 est
2189 2879 2233 2923 et
2265 2879 2421 2937 pater
2459 2873 2572 2937 ejus
2610 2872 2786 2935 (Joan.
2820 2869 2873 2925 8.
2912 2873 3038 2935 44.).
3082 2875 3229 2938 Ergo
3272 2888 3405 2928 cum

1806 2944 2054 2995 dixisset
2076 2944 2380 3005 Dominus,
2411 2943 2565 3005 quod
2583 2942 2674 2993 ille
2695 2942 2981 2993 homicida
3002 2946 3122 2994 erat
3143 2946 3215 2995 ab
3238 2948 3404 3010 initio,

1805 3020 1863 3067 et
1888 3015 2044 3078 quod
2087 3015 2145 3065 in
2174 3014 2410 3066 veritate
2434 3027 2550 3064 non
2585 3014 2761 3076 stetit,
2792 3019 2986 3077 aperte
3009 3013 3223 3079 docuit,
3249 3017 3404 3080 quod

1805 3099 1879 3138 ex
1904 3100 1971 3138 eo
1996 3086 2259 3136 diabolus
2293 3099 2328 3136 a
2360 3088 2600 3137 veritate
2629 3083 2856 3146 decidit,
2892 3097 2966 3135 ex
2999 3097 3114 3148 quo
3138 3087 3406 3150 primitus

1802 3170 1903 3221 per
1926 3157 2204 3209 fallaciam
2229 3156 2699 3208 mendaciiEvam
2716 3168 2903 3207 errore
2927 3155 3229 3221 deceptam
3250 3167 3405 3210 morte

1803 3228 2290 3292 praevaricationis
2328 3226 2552 3277 occidit.
2579 3228 2804 3277 Rursus
2836 3226 3011 3278 etiam
3034 3228 3161 3280 ideo
3186 3228 3404 3281 dictum

1804 3304 1910 3363 est,
1931 3300 2083 3363 quod
2100 3302 2332 3362 quando
2355 3298 2614 3361 loquitur
2628 3297 3013 3358 mendacium,
3034 3299 3103 3350 de
3122 3312 3226 3351 suo
3243 3303 3407 3361 loqui-

1806 3376 1915 3435 tur,
1949 3371 2223 3434 quoniam
2260 3370 2479 3433 primus
2503 3382 2625 3433 ipse
2640 3370 2774 3419 ﬁcta
2801 3369 3024 3419 fallacia
3046 3372 3215 3421 etiam
3240 3384 3401 3422 men—

1804 3442 2031 3493 dacium
2056 3441 2390 3504 procreavit.
2420 3440 2580 3491 Unde
2598 3440 2773 3490 etiam
2796 3441 2989 3502 ceteri,
3005 3442 3105 3503 qui
3130 3454 3245 3491 una
3268 3455 3401 3493 cum

1801 3513 1928 3577 ipso
1956 3513 2175 3563 homini
2199 3510 2550 3572 inviderunt,
2568 3511 2753 3574 ipsius
2770 3510 2979 3561 diaboli
3003 3510 3192 3574 angeli
3215 3513 3403 3563 nomi-

1803 3584 1925 3635 nati
1947 3589 2104 3647 sunt,
2132 3583 2298 3645 quasi
2320 3584 2441 3645 ipse
2454 3586 2595 3645 prim
2608 3595 2673 3630 us
2690 3582 2934 3645 hujusce
2959 3581 3179 3633 militiis
3195 3595 3404 3637 caussa

1804 3660 1980 3718 esset,
2019 3660 2077 3707 et
2114 3658 2305 3717 caput.
2340 3653 2450 3704 Sed
2488 3652 2560 3703 de
2607 3651 2733 3702 istis
2776 3665 3006 3716 quoque
3048 3653 3401 3708 sufficienter

1803 3728 2043 3778 dictum.

1868 3799 2071 3849 XXlIl.
2087 3796 2368 3848 Mundam
2383 3794 2665 3845 Dominus
2680 3806 2812 3844 cum
2828 3798 3061 3854 crearet,
3074 3795 3300 3856 caelum,
3316 3795 3405 3848 in-

1805 3941 1867 3993 Ὀ
1912 3941 2032 3995 Θεὸς
2086 3939 2231 4003 λέγει,
2276 3954 2307 3985 ‹.‹
2354 3931 2437 3986 ἐὰν
2486 3931 2562 4003 μὴ
2595 3936 2764 3996 θέλητε
2806 3936 3063 4002 προσέχειν
3108 3946 3203 3995 τοῖς
3244 3937 3402 4002 λόγοις

1804 4030 1916 4076 μου,
1984 4002 2204 4076 μάχαιρα
2262 4008 2390 4076 tua;
2447 4002 2719 4058 κατέδεται’
2770 4021 2801 4052 ›>
2852 4003 2974 4068 αὐτὴ
3032 4008 3176 4071 λέγει,
3221 4021 3251 4054 (ι
3305 4008 3398 4060 κᾶν

1906 4072 2212 4153 δὲλωμξένίῇ
2250 4081 2303 4153 δᾴ
2347 4072 2460 4153 ἡμῖν
2507 4079 2784 4153 δεδομένον,
2830 4079 3021 4134 πάντως
3053 4079 3335 4153 σωζᾷμεθαῖ
3375 4098 3396 4124 ι

1805 4156 1939 4204 Deus
1964 4154 2110 4213 άιεὶι,
2142 4149 2200 4199 si"
2214 4150 2505 4209 volueritis,
2536 4154 2581 4197 et
2618 4150 2666 4196 si
2697 4149 2993 4212 nolueritis,
3028 4149 3276 4199 dominos
3304 4151 3398 4213 fu-

1801 4227 1943 4275 ciens
1966 4238 2064 4272 nos
2100 4222 2313 4270 virtutis
2349 4236 2411 4269 ac
2443 4221 2580 4279 vitii,
2617 4226 2776 4285 atque
2803 4221 2863 4268 in
2887 4221 3177 4269 voluntatis
3202 4228 3396 4271 nostra

1796 4302 2047 4363 potestate
2070 4294 2410 4343 constituens.
2434 4291 2525 4339 Ille
2562 4306 2681 4340 vero
2707 4291 2838 4354 quid
2867 4296 2944 4338 ait
2972 4295 2997 4341 ‘I
3028 4291 3174 4355 quod
3207 4292 3389 4354 fatum

1798 4369 1964 4418 vitari
1991 4370 2236 4429 nequeat,
2270 4368 2315 4411 et
2345 4365 2389 4411 si
2414 4363 2654 4421 velimus,
2681 4368 2725 4410 et
2754 4363 2801 4409 si
2824 4377 3098 4413 conemur.
3136 4364 3271 4414 Deus
3306 4366 3396 4414 di-

1803 4443 1906 4505 xit,
1943 4440 1990 4488 si
2026 4436 2318 4496 volueritis,
2354 4434 2495 4483 bona
2528 4440 2675 4482 terrae
2696 4435 2988 4484 comedetis.
3014 4438 3210 4484 Fatum
3243 4436 3390 4501 dicit,

95 4505 253 4589 μύδου
291 4523 348 4572 τὸ
379 4517 555 4589 ἀσεϐὲς
586 4505 921 4581 ἐδδελύξαντο,
964 4520 1032 4575 τίς
1062 4514 1121 4589 ὄιν
1152 4505 1261 4575 ’τοὶς
1293 4521 1428 4575 (laici;
1458 4523 1698 4575 πιστεύων

1805 4520 1850 4563 et
1865 4513 1911 4561 si
1937 4510 2176 4569 velimus,
2201 4510 2247 4555 si
2265 4507 2455 4555 datum
2472 4505 2640 4565 nobis,
2663 4520 2777 4553 non
2787 4505 2972 4568 fuerit,
2995 4506 3093 4554 hoc
3109 4507 3231 4555 velle
3248 4509 3396 4559 nihil

95 4587 276 4660 λογίοις
326 4601 420 4643 τῶν
472 4588 529 4642 οὗ
580 4594 833 4642 δυσσεϐῶν
873 4591 1050 4655 μόνον,
1096 4587 1223 4641 ἀλλὰ
1262 4593 1347 4642 κσὶ
1393 4592 1501 4643 λίαν
1548 4590 1701 4658 ἀνοή-

93 4687 191 4718 των
223 4662 497 4730 ἀνάσχοιτο
523 4663 713 4727 λόγων;
746 4662 897 4720 Quod
933 4662 1135 4710 dicitur
1165 4661 1226 4712 in
1256 4662 1436 4727 signa,
1475 4680 1585 4714 non
1610 4668 1698 4716 in-

94 4736 385 4800 telligimus
397 4736 692 4782 secundum
703 4733 1015 4797 opinionem
1027 4732 1381 4796 quorundum
1390 4734 1692 4786 stultorum.

95 4810 157 4860 Si
173 4806 399 4872 quidem
419 4820 622 4854 vanam
645 4804 798 4854 illam
831 4804 894 4853 de
916 4804 1175 4867 cujusque
1198 4802 1480 4854 nativitate
1504 4807 1699 4873 discep-

94 4882 360 4931 tationem
389 4892 481 4926 nec
504 4877 866 4941 Pythagoras,
893 4890 989 4925 nec
1020 4876 1274 4938 Socrates,
1299 4890 1392 4925 nec
1414 4877 1586 4938 Plato,
1604 4894 1698 4928 nec

95 4950 268 5004 Stoici
290 4955 616 5013 receperunt.
642 4950 794 5005 Quod
816 4948 863 4996 si
892 4948 989 5011 qui
1018 4948 1077 4997 in
1102 4947 1301 5010 fabulis
1322 4948 1531 4998 educati
1551 4955 1696 5013 sunt,

97 5023 270 5087 hujus
284 5019 478 5085 fabulae
500 5020 834 5083 impietatem
849 5025 1216 5083 eacsecrantur,
1234 5020 1357 5083 quis
1374 5020 1573 5070 divinis
1588 5036 1699 5070 ser-

95 5091 350 5145 monibus
363 5091 579 5141 credens
600 5093 708 5139 haec
727 5105 839 5139 non
855 5090 1013 5140 modo
1035 5091 1233 5155 impia,
1249 5093 1338 5141 sed
1366 5091 1514 5142 valde
1535 5093 1699 5142 etiam

91 5167 257 5229 fatua
290 5164 516 5227 recipiat
533 5166 558 5213 9

161 5249 178 5268 ε
206 5235 363 5286 Dedit
387 5234 578 5283 habere
603 5232 827 5281 liberam
850 5233 1197 5282 voluntatem.
1227 5232 1244 5295 ]
1273 5236 1412 5285 Fato
1440 5234 1698 5299 exploso,

94 5307 261 5363 liberi
276 5306 493 5357 arbitrii
511 5305 723 5368 dogma
740 5305 1064 5366 conllrmat,
1084 5309 1222 5353 sunt
1237 5306 1393 5355 enim
1418 5306 1695 5369 opposita.

96 5380 264 5434 Unde
288 5384 347 5430 et
371 5377 467 5428 illa
490 5376 645 5441 apud
669 5380 1148 5441 Chrysostomum
1173 5376 1325 5426 Orat.
1363 5375 1414 5429 ‘2.
1446 5380 1515 5426 de
1540 5379 1699 5438 Fato,

96 5450 447 5504 Deuminter
459 5453 516 5499 et
529 5451 872 5510 daemonem,
889 5460 993 5497 seu
1008 5446 1494 5497 fatumantitheta.
1510 5447 1655 5497 Εἶπεν
1675 5450 1701 5498 ὁ

96 5542 129 5574 «
153 5525 275 5577 Θεὸς
300 5516 383 5570 ἐὰν
408 5521 593 5580 Θέλητε,
617 5516 701 5571 καὶ
730 5514 813 5569 ἐὰν
842 5516 907 5581 μὴ
931 5519 1117 5579 θέλητε,
1142 5532 1172 5564 ›>
1194 5518 1388 5581 κυρίους
1402 5512 1528 5579 ἡμᾶς
1551 5528 1700 5568 ποιῶν

97 5593 275 5661 ἀρετῆς
317 5594 402 5643 καὶ
443 5592 638 5650 κακίας,
675 5592 763 5663 καὶ
800 5585 879 5663 ἐπὶ
1004 5589 1174 5663 γνώ-μῃ
1300 5582 1513 5663 ἡμετέρᾳ
1549 5590 1703 5663 ⁴ςιϐείς.

98 5653 316 5721 Ἐκεῖνος
344 5666 398 5713 δὲ
427 5664 470 5713 τί
505 5663 695 5743 φησίνξ.
720 5661 791 5711 ὅτι
819 5662 874 5711 τὸ
896 5653 1201 5743 μείῂαρμένον
1234 5653 1290 5712 ei;
1313 5653 1526 5743 ,δυνατὸν
1559 5653 1708 5743 ἐκτυ-

97 5748 222 5805 γεῖν,
252 5734 346 5786 κᾶν
371 5735 604 5805 θέλωμεν,
635 5732 728 5783 κᾶν
761 5732 1132 5805 σαιτουδοὶζωμενΖ
1158 5730 1220 5805 ‘O
1243 5732 1364 5805 θεὸς
1392 5729 1538 5791 λέγει,
1557 5745 1596 5805 ’ξι
1620 5726 1706 5805 ἐόιν

100 5797 367 5870 ὁὲλήτε,τὰ
389 5802 549 5873 thalia
569 5809 652 5867 τῆς
673 5809 760 5869 γῆς
782 5804 1050 5873 φάγεσθεί»
1073 5798 1199 5864 αὐτὴ
1222 5801 1277 5852 δὲ
1298 5801 1455 5863 λέγιτ,
1476 5814 1507 5873 ᾳ
1520 5797 1615 5873 κᾶν
1632 5802 1708 5853 Θέ-

99 5867 288 5944 λωμ-εν,
311 5873 378 5943 μὴ
392 5867 498 5941 iri-6t
514 5871 625 5940 ἡμῖν
652 5867 936 5940 δεδομένον,
960 5868 1102 5925 οὐδὲν
1128 5873 1297 5938 ὄφελος
1320 5876 1460 5923 τοῦτο
1482 5869 1656 5925 θέλειν.
1678 5887 1711 5922 s

1799 4584 2029 4652 prodest.
2055 4581 2195 4630 Deus
2214 4578 2360 4641 dicit,
2394 4578 2440 4625 si
2476 4577 2633 4652 verba
2662 4592 2781 4652 mea
2805 4578 3073 4652 attendere
3096 4579 3395 4652 nolueritis,

1799 4649 2014 4725 gladius
2053 4656 2457 4725 consumetvos.
2489 4649 2684 4725 Fatum
2715 4649 2865 4725 dicit,
2898 4654 2944 4697 et
2972 4649 3020 4698 si
3056 4650 3318 4712 nolimus,
3347 4656 3398 4704 si

1800 4721 1989 4781 datum
2013 4724 2165 4774 nobis
2189 4722 2374 4784 fuerit,
2404 4722 2630 4769 omnino
2644 4721 2781 4769 salvi
2813 4736 3021 4772 sumus.

1858 4802 1879 4831 ἀ
1906 4801 2043 4850 Cum
2064 4795 2261 4861 primis
2278 4793 2591 4842 hominibus
2612 4792 2929 4842 inviderent.
2950 4792 2966 4857 ]
2990 4795 3184 4843 Diaboli
3197 4797 3395 4855 lapsum

1796 4874 1889 4926 alii
1904 4880 2137 4934 quoque
2150 4866 2223 4916 ad
2235 4863 2514 4915 invidiam
2528 4863 2665 4914 olim
2682 4862 3023 4915 retulerunt.
3044 4868 3137 4914 Sed
3149 4881 3266 4917 cum
3286 4883 3399 4917 ver-

1798 4945 1887 4996 bis
1906 4938 2188 5006 Cypriani,
2207 4936 2377 4999 quiin
2393 4934 2595 4986 eadem
2606 4934 2715 5006 fuit
2729 4934 3035 5006 sententia,
3057 4943 3187 4986 totus
3212 4940 3295 4987 hic
3318 4941 3397 4988 lo-

1797 5030 1901 5068 cus
1924 5003 2161 5064 miritlce
2184 5007 2490 5059 consentit.
2514 5008 2605 5056 Sic
2628 5004 2784 5055 enim
2810 5003 2903 5056 ille
2921 5006 2983 5058 in
3005 5006 3149 5059 libro
3171 5008 3242 5060 de
3261 5010 3393 5062 Zelo

1797 5093 1856 5140 et
1878 5087 2079 5137 hvore:
2102 5082 2150 5130 Η
2156 5081 2242 5128 inc
2253 5076 2527 5135 Diabolus,
2546 5078 2644 5138 ait,
2658 5077 2798 5124 inter
2812 5076 2979 5125 initia
2993 5081 3175 5128 statim
3198 5080 3396 5129 mundi

1797 5167 1843 5209 et
1862 5157 2024 5224 periit
2051 5154 2265 5219 primus
2289 5149 2605 5224 etperdidit.
2625 5148 2715 5197 Ille
2727 5148 2936 5197 dudum
2960 5150 3215 5211 Angelica
3230 5151 3398 5214 maje-

1797 5221 1928 5280 state
1964 5225 2249 5283 Subnixus,
2284 5222 2371 5269 ille
2407 5221 2510 5269 Deo
2543 5224 2784 5284 acceptus
2817 5225 2861 5267 et
2893 5234 3069 5279 carus,
3106 5228 3398 5284 postquam

1802 5299 2077 5353 hominem
2094 5297 2167 5345 ad
2184 5294 2479 5357 imaginem
2495 5293 2590 5340 Dei
2606 5292 2813 5355 factum
2838 5290 3130 5353 conspexit,
3150 5292 3212 5338 in
3227 5293 3398 5344 zelum

1800 5369 2058 5421 malevolo
2083 5368 2245 5415 livore
2276 5365 2547 5430 prorupit,
2585 5379 2695 5411 non
2717 5361 2875 5426 prius
2891 5360 3121 5408 alterum
3145 5362 3398 5425 dejiciens

1805 5443 2063 5493 instinctu
2096 5438 2207 5497 seti,
2242 5451 2410 5500 quam
2440 5437 2549 5498 ipse
2590 5435 2692 5483 aeto
2728 5437 2849 5481 ante
2874 5429 3117 5493 dejectus,
3155 5435 3399 5499 captivus

1805 5520 2099 5574 antequam
2131 5510 2367 5571 capiens,
2397 5508 2636 5570 perditus
2669 5508 2958 5565 antequam
2989 5503 3237 5574 perdens,
3267 5506 3400 5554 dum

1804 5572 2117 5633 stimulante
2133 5579 2314 5635 livore,
2339 5578 2578 5639 gratiam
2605 5578 2739 5624 datae
2762 5572 3191 5622 immortalitatis
3214 5577 3399 5641 eripit,

1806 5657 1917 5718 ipse
1936 5665 2147 5714 quoque
2170 5648 2227 5695 id
2242 5648 2387 5709 quod
2406 5647 2563 5718 prius
2576 5646 2757 5707 fuerat
2772 5644 3080 5718 amisit.-S_ic
3102 5648 3240 5718 enim
3266 5649 3400 5696 haud

1807 5714 1842 5775 d
1853 5722 1981 5773 ubie
2002 5718 2332 5783 legendum,
2345 5715 2606 5779 neglecta
2622 5714 2871 5776 Pamelii,
2889 5715 2988 5775 qui
3013 5714 3122 5777 ipse
3136 5714 3404 5779 legentis,

1808 5790 2227 5847 emendatione.
2258 5798 2391 5849 quae
2420 5785 2686 5849 Cypriani
2710 5785 3059 5836 sententiam
3083 5788 3314 5839 evertit.

1872 5864 1892 5900 ί
1913 5862 2132 5916 Vitiose
2147 5857 2428 5921 scriptum
2437 5860 2560 5908 erat
2568 5855 2732 5918 facta,
2748 5854 2901 5918 quod
2912 5868 3007 5904 nos
3018 5858 3408 5908 emendavimus
