3866 6206
480 331 622 388 1135

1789 330 2033 381 RUFINI
2067 328 2466 380 PALIESTINI

3672 330 3781 385 H36

480 457 675 519 quam,
722 448 780 496 et
808 448 1034 519 terram,
1060 447 1119 494 et
1141 441 1336 519 omnia
1360 453 1493 505 quas
1516 442 1577 493 in
1601 442 1686 493 eis
1710 442 2081 519 suum-solum
2106 447 2160 519 Α
2185 442 2481 519 sedeti_am
2499 439 2709 519 caelum
2720 444 2777 492 et
2798 444 3033 505 terram,
3052 445 3272 519 etqua:
3292 442 3511 519 inistis
3532 448 3785 519 suntprte-

478 517 773 568 hominem
797 513 1118 566 secundum
1142 513 1449 575 imaginem
1486 525 1653 563 suam
1677 517 1732 563 et
1757 512 2084 564 similitudi-

480 601 611 642 nem
652 587 804 649 fecit,
852 587 1004 636 sicut
1030 586 1257 647 MoySes
1275 585 1459 647 docet,
1493 584 1574 634 ita
1598 584 1817 643 dicens,
1849 585 1915 633 Et
1938 584 2082 632 dixit

480 672 637 716 ueus,
662 658 951 707 Faciamus
976 656 1253 703 hominem
1273 655 1569 704 secundum
1600 656 1895 718 imaginem
1919 672 1981 704 ac
2006 656 2083 703 si-

480 728 845 779 militudinem
866 733 1129 776 nostram.
1146 728 1354 777 Etcum
1376 728 1605 790 Moyses
1618 726 1727 776 hoc
1751 740 1821 776 ex
1837 738 2081 790 persona

478 800 582 851 Dei
595 800 858 862 dixisset,
876 798 999 861 ipse
1019 798 1275 860 protinus
1290 797 1800 861 adjecitdicens,Et
1810 798 1930 861 fecit
1944 799 2081 847 Deus

481 870 773 929 hominem,
825 868 898 916 ad
932 866 1229 929 imaginem
1264 868 1361 918 Dei
1399 869 1521 930 fecit
1556 884 1677 917 eum
1705 870 1849 930 (Gen.
1878 868 2077 931 1.26.).

478 943 798 1002 Utrumque
814 941 1041 1002 Moyses
1058 951 1235 989 unum
1256 938 1472 990 scilicet
1486 939 1830 1003 intelligens,
1850 948 1946 987 tam
1962 943 2084 988 ima-

477 1012 672 1076 ginem
687 1012 814 1062 dico
834 1012 850 1045 ¹
863 1047 874 1065 .
894 1022 1069 1073 quam
1083 1010 1537 1073 similitudinem,
1557 1012 1808 1074 imagine
1825 1014 2079 1059 nominata

480 1081 920 1134 similitudinem
955 1082 1184 1145 penitus
1223 1082 1761 1144 reticuit.Alioquin
1788 1083 1834 1132 si
1859 1096 1977 1133 non
2000 1083 2081 1134 ita

479 1158 650 1215 esset,
676 1163 975 1214 nunquam
1006 1157 1203 1213 postea
1227 1152 1472 1202 dixisset
1492 1154 1745 1202 Jacobus
1769 1152 2080 1216 Apostolus

478 1224 537 1273 in
563 1224 814 1286 Epistola
836 1234 959 1285 sua,
978 1235 1111 1272 cum
1125 1222 1353 1273 doceret
1367 1236 1481 1273 non
1499 1222 1705 1274 debere
1723 1224 1806 1274 uti
1826 1227 2001 1285 lingua
2016 1228 2076 1274 ad

478 1293 863 1343 ministerium
895 1290 1071 1360 593
1097 1293 1231 1343 mali
1257 1294 1366 1344 hoc
1394 1294 1663 1353 modo,ln
1688 1295 1805 1358 ipsa
1826 1294 2081 1344 benedici-

480 1378 598 1413 mus
622 1364 854 1413 Domino
875 1370 921 1413 ct
949 1366 1121 1423 Patri,
1147 1370 1192 1413 et
1218 1365 1277 1412 in
1304 1366 1421 1428 ipsa
1448 1365 1820 1412 maledicimus
1846 1367 2031 1414 homin
2045 1369 2079 1415 i~

477 1436 572 1484 bus
615 1437 713 1499 qui
744 1436 1040 1485 secundum
1064 1436 1482 1485 similitudinem
1516 1437 1611 1484 Dei
1641 1438 1772 1497 [acti
1793 1443 1919 1485 sunt
1943 1438 2076 1499 (Jac.

477 1504 528 1561 3.
556 1506 646 1570 9.).
674 1508 981 1558 Hominem
1000 1508 1176 1570 igitur
1196 1509 1351 1557 Deus
1364 1507 1634 1557 omnibus
1648 1508 1927 1559 dominari
1945 1522 2079 1571 qua:

476 1579 603 1642 ipse
635 1578 864 1637 creavit,
891 1583 1009 1629 tam
1038 1580 1095 1627 in
1124 1582 1270 1628 terra
1285 1591 1458 1640 quam
1475 1578 1533 1627 in
1560 1578 1721 1637 mari,
1747 1582 2076 1646 praeposuit,

481 1659 498 1678 ·
534 1662 602 1700 eo
627 1649 781 1711 quod
823 1649 1013 1712 imago
1058 1649 1243 1712 ipsius
1275 1654 1365 1699 est
1394 1649 1586 1711 homo,
1625 1650 1773 1699 sicut
1796 1656 1853 1700 et
1875 1652 2078 1703 beatus

479 1719 690 1771 Paulus
726 1720 894 1771 docet
936 1721 1016 1771 ita
1039 1720 1252 1783 dicens,
1276 1720 1422 1769 Nam
1448 1722 1534 1769 vir
1562 1721 1782 1784 quidem
1807 1738 1915 1770 non
1943 1723 2083 1774 debet

475 1794 685 1856 operire
709 1798 887 1856 caput,
915 1807 1036 1841 cum
1053 1793 1120 1840 sit
1146 1793 1328 1855 imago
1354 1798 1398 1840 et
1422 1792 1597 1855 gloria
1632 1794 1729 1841 Dei
1756 1792 1826 1855 (1.
1857 1795 1978 1844 Cor.
1998 1795 2081 1849 11.

2183 518 2348 577 cepto
2372 512 2472 564 Dei
2496 514 2705 575 creata,
2728 524 2899 575 opera
2918 525 3215 564 manuum
3234 513 3483 565 Domini
3508 515 3781 566 nominare.

2182 585 2371 635 Testis
2394 586 2485 635 est
2513 584 2689 635 David
2705 584 2983 649 propheta
2999 585 3072 635 ad
3099 586 3295 637 Deum
3310 585 3542 647 dicens,
3565 586 3623 634 Et
3639 587 3781 636 videbo

2181 656 2326 704 caelos
2360 672 2524 719 opera
2548 655 2846 717 digitorum
2887 663 3140 719 tuorum,
3186 657 3400 705 lunam
3434 662 3482 705 et
3518 657 3680 706 stellas
3697 674 3785 722 qua

2181 732 2239 775 tu
2272 727 2520 789 fundasti
2565 726 2723 789 (Psal.
2769 724 2819 779 8.
2862 727 2932 791 4.)
2973 728 3044 778 Et
3067 728 3323 792 iterum,
3350 730 3421 776 In
3446 730 3707 792 principio
3728 736 3784 789 tn,

2179 798 2426 860 Domine,
2461 805 2659 846 terram
2684 797 2951 858 fundasti,
2976 803 3023 847 et
3055 814 3227 862 opera
3270 813 3564 847 manuum
3603 806 3781 849 tuarum

2178 875 2305 917 sunt
2325 869 2434 918 caeli
2467 868 2629 930 (Psal.
2678 868 2796 922 101.
2836 867 2964 932 ‘26.).
3004 870 3286 921 Simili'cr
3311 873 3523 920 autem
3549 874 3604 921 et
3625 872 3781 937 Isaias,

2179 940 2458 1003 propheta
2486 952 2558 990 ex
2588 940 2689 989 Dei
2708 951 2967 1003 persona
3000 940 3085 990 sic
3136 941 3305 999 dicit,
3337 937 3531 1008 594
3571 943 3702 990 Audi
3732 959 3788 991 mc

2176 1010 2337 1059 Jacob
2359 1016 2403 1059 et
2426 1011 2609 1070 Israel,
2647 1025 2802 1074 quem
2847 1026 2938 1073 ego
2958 1026 3101 1060 voco.
3126 1011 3249 1074 Ego
3273 1026 3411 1059 sum
3446 1014 3563 1075 ipse
3594 1027 3675 1073 ego
3693 1015 3783 1076 pri-

2178 1096 2317 1143 mus,
2344 1087 2389 1130 et
2411 1097 2502 1145 ego
2528 1081 2879 1139 novissimus,
2923 1096 3128 1129 manus
3151 1096 3282 1130 mea
3305 1082 3584 1142 fundavit
3606 1089 3782 1143 terram,

2179 1157 2224 1201 et
2259 1153 2479 1201 dextera
2525 1167 2653 1201 mea
2696 1153 2939 1214 ﬁrmavit
2964 1152 3151 1201 malum
3178 1153 3318 1215 (Esa
3346 1153 3446 1206 48.
3482 1151 3604 1215 ‘19.).
3629 1155 3785 1206 Etite—

2177 1236 2326 1287 rum,
2367 1223 2455 1271 Sic
2501 1222 2641 1271 dicit
2681 1223 2967 1285 Dominus,
3001 1222 3192 1271 cretum
3229 1224 3387 1272 mihi
3420 1224 3588 1283 sedes,
3613 1231 3653 1272 et
3677 1231 3781 1274 terra

2177 1293 2461 1343 scabellum
2486 1294 2687 1357 pedum
2716 1308 2985 1343 meorum.
3017 1295 3195 1352 Quam
3224 1294 3475 1343 domum
3499 1295 3786 1358 aedificatus

2180 1366 2338 1424 mihi,
2363 1371 2409 1413 et
2433 1366 2528 1428 qui
2552 1365 2695 1414 locus
2728 1365 2958 1429 requieti
2968 1366 3093 1414 onis
3116 1380 3248 1415 meae
3267 1368 3293 1415 ἓ
3330 1367 3542 1415 omnia
3569 1367 3787 1416 enimista

2178 1451 2379 1484 manus
2411 1451 2531 1484 mea
2553 1436 2675 1498 fecit
2699 1435 2843 1496 (Esa.
2866 1435 2952 1489 66.
2993 1435 3086 1499 1.).

2242 1508 2420 1556 XXV.
2449 1509 2551 1557 Est
2576 1507 2748 1569 igitur
2774 1506 2968 1569 homo,
2986 1507 3141 1557 sicut
3164 1506 3380 1558 divina
3398 1509 3692 1573 Scriptum
3706 1522 3787 1560 nos

2178 1577 2391 1637 docuit,
2416 1590 2623 1641 corpus
2639 1578 2869 1640 quidem
2887 1578 3113 1629 habens
3131 1591 3206 1628 ex
3225 1583 3411 1642 terra,
3432 1580 3684 1630 animam
3696 1596 3788 1629 vero

2185 1648 2294 1699 sibi
2319 1651 2569 1700 creatam
2593 1661 2663 1699 ex
2689 1647 2885 1712 nihilo,
2927 1654 2985 1699 et
3011 1660 3141 1700 eam
3178 1649 3367 1700 sicuti
3397 1652 3725 1702 sensibilem
3745 1658 3787 1703 et

2184 1719 2541 1782 rationalem,
2560 1719 2641 1769 sic
2660 1720 2834 1771 etiam
2857 1719 3271 1780 immortalem,
3292 1725 3366 1771 ut
3381 1727 3788 1785 utrumquenos

2187 1788 2351 1839 docet
2381 1791 2835 1853 Testamentum,
2862 1793 2981 1840 tam
3006 1802 3235 1841 novum
3261 1790 3405 1842 dico
3433 1804 3613 1855 quam
3627 1800 3782 1843 vetus.

479 1862 569 1925 7.).
596 1865 825 1927 PrOpter
850 1865 998 1926 quod
1016 1864 1262 1914 homoin
1275 1864 1501 1914 cunctis
1522 1863 1958 1917 inrationalibus
1975 1881 2076 1918 an-
2104 1857 2157 1931 B
2178 1860 2322 1910 Nam
2353 1865 2409 1911 et
2442 1861 2724 1911 Dominus
2748 1864 2949 1912 noster
2970 1862 3149 1912 Jesus
3176 1861 3465 1913 Christus
3495 1864 3599 1925 ait,
3640 1863 3785 1912 Nolite

482 1934 715 1986 tefertur
726 1935 1072 1985 animalibus
1089 1934 1302 1996 quibus
1321 1934 1665 1993 dominatur,
1680 1947 1782 1998 per
1794 1936 1901 1987 hoc
1917 1942 2084 1998 ipsum

477 2006 648 2056 etiam
666 2006 928 2057 omnium
952 2006 1224 2056 dominus
1237 2006 1478 2056 eliectus
1491 2011 1595 2056 est.
1611 2008 1754 2056 Nam
1768 2010 2091 2061 inrationabi-

474 2077 549 2127 lia
574 2077 807 2140 quidem
824 2078 1117 2140 animalia,
1137 2077 1286 2128 sicut
1304 2079 1533 2140 Moyses
1549 2077 1762 2141 docuit,
1779 2091 1851 2129 ex
1866 2084 2012 2132 terra
2028 2088 2087 2136 et

472 2160 623 2211 aqua
635 2154 826 2200 creata
844 2162 917 2201 ex
940 2149 1024 2199 eis
1044 2154 1160 2199 tam
1177 2150 1428 2199 animam
1444 2161 1617 2211 quam
1631 2161 1836 2213 corpus
1850 2150 2079 2209 habent:

472 2219 645 2271 homo
672 2225 869 2271 autem
882 2232 1094 2283 corpus
1138 2221 1371 2282 quidem
1389 2220 1754 2271 videturcum
1779 2224 1979 2274 ceteris
1993 2225 2091 2277 ha-

472 2291 605 2341 bere
630 2303 970 2352 commune;
996 2290 1259 2361 animam
1289 2303 1425 2361 vero
1456 2290 1639 2340 multo
1664 2296 2077 2361 praestantiorem,

474 2362 624 2412 sicut
669 2363 899 2424 Moyses
933 2362 1142 2411 iterum
1181 2360 1320 2411 dicit
1349 2360 1458 2411 hoc
1484 2361 1671 2421 modo,
1698 2362 1763 2410 Et
1792 2360 2081 2427 plasmauit

470 2433 610 2482 Deus
649 2431 927 2481 hominem
950 2431 1015 2481 de
1038 2431 1168 2480 limo
1200 2436 1370 2493 terra,
1396 2437 1443 2480 et
1468 2433 1771 2496 insufﬂauit
1805 2435 1863 2483 in
1886 2437 2083 2498 faciem

470 2504 585 2568 ejus
610 2504 868 2568 spiritum
906 2504 1041 2563 vitae,
1072 2508 1116 2551 et
1159 2503 1333 2566 factus
1366 2509 1436 2553 est
1463 2505 1623 2553 homo
1647 2506 1707 2553 in
1734 2507 1986 2557 animam
2010 2510 2084 2560 vi-

470 2580 672 2624 ventem
698 2575 847 2635 (Gen.
873 2573 924 2627 2.
952 2574 1043 2636 7.).

533 2647 739 2697 XXIV.
768 2648 951 2697 Ilomo
978 2645 1154 2709 igitur
1175 2644 1303 2696 ideo
1326 2646 1512 2709 potior
1530 2648 1801 2699 omnibus
1818 2654 1925 2709 est,
1944 2663 2081 2715 quo-

468 2717 624 2769 niam
650 2716 981 2769 sensibilem
1004 2720 1061 2767 et
1080 2716 1409 2767 rationalem
1446 2717 1698 2769 animam
1728 2719 1959 2781 habere,
1991 2722 2077 2772 di-

468 2789 782 2853 gnoscitur,
811 2793 868 2840 et
896 2800 1027 2839 eam
1052 2788 1213 2839 liberi
1238 2788 1474 2839 arbitrii.
1492 2791 1642 2854 Ergo
1657 2792 2081 2856 quasipruden-

472 2864 560 2911 tes
594 2862 853 2924 Moysem
887 2860 1196 2911 audiamus
1234 2860 1539 2911 dicentem.
1588 2864 2074 2924 quemadmodum

472 2932 627 2985 Deus
650 2932 945 2983 hominem
988 2931 1281 2982 creaverit.
1315 2932 1403 2981 Sic
1440 2933 1594 2982 enim
1637 2934 1803 2984 nobis
1847 2937 2071 2999 Moyses

476 3001 760 3066 celerique
783 3002 1079 3067 propheta
1100 3002 1171 3053 de
1196 3003 1313 3053 Deo
1328 3007 1581 3066 narrant,
1612 3004 1782 3055 sicuti
1803 3021 2072 3065 possumus

468 3074 804 3138 intelligere.
827 3076 1023 3138 Neque
1039 3073 1191 3125 enim
1209 3072 1381 3124 homo
1399 3079 1489 3124 est
1508 3077 1753 3136 Deus,ex
1767 3077 1962 3129 anima
1977 3080 2071 3125 fac-

472 3150 568 3198 tus
592 3151 650 3198 et
673 3159 924 3210 corpore.
953 3150 1017 3198 ut
1038 3145 1308 3197 manibus
1328 3145 1619 3197 hominem
1646 3147 1853 3199 formet
1877 3151 1934 3200 et
1961 3149 2069 3200 tin-

2187 1932 2371 1979 timere
2409 1946 2492 1980 eos
2525 1932 2621 1995 qui
2666 1932 2914 1980 occidunt
2952 1946 3167 1996 corpus,
3204 1934 3475 1982 animam
3504 1940 3679 1982 autem
3697 1951 3779 1982 non

2182 2007 2405 2067 possunt
2432 2004 2664 2052 occidere
2684 2020 2693 2051 :
2712 2003 2802 2051 sed
2820 2003 3004 2067 potius
3019 2018 3143 2051 eum
3167 2004 3376 2064 timete,
3401 2006 3503 2069 qui
3512 2011 3780 2069 potestatem

2186 2073 2337 2121 habet
2362 2074 2611 2122 animam
2634 2079 2679 2121 et
2698 2089 2890 2139 corpus
2913 2074 3209 2137 perdercin
3224 2075 3493 2138 gehenna
3514 2076 3776 2139 {Matth.ltl.

2183 2145 2292 2209 28.)
2338 2150 2581 2211 Igneum
2603 2146 2954 2211 supplicium
2974 2148 3284 2200 interitum
3305 2151 3775 2214 nuncupavitls’am

2182 2218 2469 2281 quomodo
2490 2219 2611 2270 fieri
2634 2220 2842 2282 potest,
2870 2219 2953 2270 uti
2978 2220 3133 2282 quod
3160 2221 3409 2282 penitus
3432 2224 3560 2281 erit,
3588 2228 3639 2273 et
3660 2235 3777 2272 nus-

2182 2302 2355 2351 quam
2388 2302 2622 2354 prorsus
2646 2294 2910 2340 constare
2929 2295 3141 2353 potest,
3168 2295 3466 2342 azternam
3481 2292 3687 2356 perpeti
3702 2306 3776 2342 va-

2180 2359 2295 2412 leat
2322 2360 2615 2422 ultionem,
2648 2373 2781 2411 cum
2806 2363 3094 2413 Dominus
3118 2362 3342 2413 iterum
3369 2364 3776 2415 dicatzls‘tibuni

2178 2432 2270 2479 isti
2312 2432 2374 2481 in
2412 2447 2635 2496 poenam
2666 2438 2941 2491 aeternam,
2975 2432 3117 2497 justi
3151 2438 3342 2483 autem
3378 2435 3442 2483 in
3472 2438 3633 2485 vitam
3654 2442 3774 2483 ater-

2179 2518 2316 2551 nam
2340 2504 2549 2565 (Matth.
2580 2500 2667 2556 25.
2694 2502 2841 2567 45.)?

2242 2575 2449 2625 XXVI.
2478 2574 2518 2622 δ.
2544 2576 2661 2625 Nec
2685 2573 2997 2625 dicendum
3022 2579 3133 2638 est,
3158 2576 3428 2628 animam
3448 2580 3665 2641 partem
3688 2578 3770 2628 Dei

2175 2656 2323 2709 esse,
2347 2645 2497 2695 sicut
2519 2644 2952 2709 imprudentum
2965 2645 3409 2698 etindoctorum
3431 2660 3621 2698 sermo
3635 2651 3775 2695 habet.

2178 2716 2321 2765 Nam
2348 2716 2396 2766 si
2427 2715 2536 2766 hoc
2559 2715 2642 2766 ita
2670 2719 2844 2774 esset,
2868 2728 3177 2779 nunquam
3203 2718 3365 2768 Deus
3390 2723 3614 2782 partem
3631 2731 3770 2769 suam

2172 2787 2408 2850 perenni
2434 2786 2712 2851 supplicio
2734 2787 2860 2849 subj
2871 2793 3089 2851 ugaret,
3118 2786 3225 2838 sed
3241 2801 3321 2839 ne
3335 2801 3582 2852 peccare
3597 2793 3771 2851 quidem

2170 2861 2405 2909 omnino
2441 2858 2568 2923 ipsa
2604 2858 2887 2922 potuisset
2916 2858 3087 2921 quasi
3112 2870 3250 2922 pars
3272 2861 3400 2919 Dei,
3430 2862 3643 2925 quippe
3660 2874 3771 2911 cum

2169 2930 2326 2980 Deus
2353 2930 2427 2980 sit
2454 2927 2830 2979 immutabilis
2844 2941 3073 2993 semper
3089 2930 3263 2981 sicuti
3280 2935 3515 2994 natura,
3528 2934 3609 2982 sic
3624 2932 3770 2983 etiam

2170 3000 2482 3051 voluntate.
2513 3002 2582 3051 Et
2604 3001 2831 3059 iterum,
2849 3000 2895 3050 si
2920 3003 3122 3051 anima
3134 3004 3339 3053 nostra
3360 3015 3501 3065 pars
3524 3004 3625 3054 Dei
3637 3009 3767 3054 esset

2167 3071 2325 3123 nullo
2360 3071 2585 3137 penitus
2610 3072 2883 3136 corporali
2916 3072 3058 3124 vitio
3085 3073 3443 3126 domaretur.
3473 3076 3617 3126 Nam
3644 3074 3766 3126 divi-

2168 3143 2318 3193 nitas
2345 3147 2438 3194 est
2462 3155 2687 3206 semper
2709 3144 2944 3207 invicta,
2963 3148 3023 3194 et
3045 3145 3193 3195 nulli
3210 3158 3478 3208 unquam
3495 3156 3511 3175 '~'
3526 3146 3766 3197 subditur

473 3221 588 3283 gat,
607 3219 700 3270 vel
723 3231 792 3270 ex
819 3230 947 3269 aere
971 3217 1237 3298 spiritum
1257 3218 1533 3298 trahens.
1556 3222 1616 3268 ut
1639 3218 1699 3298 in
1716 3218 1916 3270 faciem
1941 3222 2069 3283 ejus
2099 3222 2147 3298 ρ
2171 3212 2632 3298 vitio'corpo'rali.

470 3292 746 3353 insufflat,
762 3295 820 3343 et
837 3292 917 3341 sic
932 3302 1066 3341 eum
1084 3289 1352 3341 viviﬂcet.
1369 3289 1574 3340 Omnia
1586 3290 1737 3340 enim
1751 3304 1849 3355 per
1861 3294 2066 3341 unicum

474 3365 726 3415 Verbum
745 3367 802 3413 et
819 3362 1091 3426 Spiritum
1109 3365 1376 3411 sanctum
1399 3361 1699 3412 voluntate
1717 3362 1851 3414 facit
1871 3367 1926 3414 et
1939 3364 2066 3412 fecit.

474 3434 670 3487 Solent
707 3446 843 3487 vero
880 3433 1053 3485 etiam
1077 3432 1372 3497 prophetas
1396 3444 1513 3483 non
1538 3432 1726 3483 solum
1756 3433 2068 3499 hominem,

535 3585 553 3605 '
577 3576 657 3625 Eo
673 3575 820 3639 quod
842 3575 1023 3637 imago
1050 3573 1221 3637 ipsius
1242 3579 1312 3622 est
1340 3574 1540 3636 homo.]
1558 3575 1943 3637 Expositionis
1966 3576 2071 3628 hu-

464 3646 564 3709 jus
589 3649 789 3696 auctor
806 3645 865 3694 in
888 3644 1088 3706 primis
1111 3642 1392 3693 Diodorus
1411 3645 1727 3705 Tarsensis,
1742 3647 1909 3709 cujus
1923 3651 2072 3696 verba

474 3718 628 3778 sunt,
687 3720 798 3769 Πῶς
833 3712 923 3785 οὖν
956 3718 1079 3763 Θεοῦ
1124 3709 1263 3785 εἰκὼν
1313 3714 1663 3785 ὁῖᾶνθρωπος
1701 3720 1829 3767 κατά
1877 3719 1932 3767 τὸ
1984 3716 2073 3785 ἆρ-

474 3789 634 3854 χικὸν,
666 3787 795 3836 κατὰ
825 3786 880 3833 τὸ
906 3778 1212 3841 ἐξουσιαστικ
1236 3782 1308 3833 όν.
1337 3784 1628 3854 Quomodo,
1652 3785 1856 3850 inquit,
1890 3778 2070 3853 imago

472 3852 569 3908 Dei
595 3862 669 3905 est
700 3857 877 3904 homo.
895 3854 1205 3903 Secundum
1229 3852 1524 3917 imperium
1546 3861 1591 3903 et
1611 3862 1937 3920 potestatem.
1959 3862 2072 3912 Alii

474 3928 587 3980 alia
607 3926 980 3990 collegerunt,
1005 3925 1066 3976 in
1094 3924 1306 3988 quibus
1335 3925 1507 3976 homo
1536 3928 1722 3978 Deum
1747 3929 2066 3983 temulatur.

476 3998 814 4051 Trinitatem
840 4009 1068 4061 quoque
1084 3996 1269 4060 ipsam
1281 3995 1370 4046 alii
1387 3996 1552 4048 aliter
1566 3998 1626 4049 in
1641 3999 1891 4051 hominis
1903 4006 2072 4051 anima

473 4082 810 4136 expressam
826 4068 1157 4123 voluerunt.
1170 4068 1296 4119 Alio
1314 4070 1469 4120 enim
1486 4070 1656 4123 modo
1675 4073 2071 4128 Theodoretus

476 4146 688 4209 quaest.
714 4140 801 4196 20.
827 4141 888 4191 in
911 4140 1178 4191 Genesin.
1206 4142 1304 4191 Καὶ
1330 4144 1477 4209 γεννᾷ
1503 4141 1590 4206 μὲν
1616 4144 1642 4193 ὁ
1666 4149 1776 4200 νοῦς
1799 4147 1880 4195 τὸν
1905 4146 2069 4211 λόγον,

476 4214 766 4280 πμπρόεισι
795 4212 849 4263 δὲ
885 4216 952 4279 τῷ
993 4211 1121 4278 λόγῳ
1160 4217 1375 4283 πνεῦμαὶ
1413 4214 1469 4267 οὐ
1510 4214 1812 4277 γεννώμενον
1852 4219 2071 4283 καθάπερ

474 4289 501 4339 ὁ
554 4279 711 4351 λὸὴος,
764 4290 1204 4350 συμπαρομαρτῶν
1256 4284 1309 4333 δὲ
1356 4279 1432 4334 ἀεὶ
1481 4288 1548 4349 τῷ
1608 4285 1755 4351 λόγῳ,
1807 4289 1893 4338 καὶ
1943 4279 2071 4351 συμζ.

474 4376 567 4424 προ
590 4359 645 4408 ὃν
662 4361 729 4423 τῷ
742 4356 1049 4422 γεννωμένῳ,
1073 4354 1182 4404 hoc
1204 4357 1311 4417 est,
1328 4354 1393 4402 Et
1417 4370 1565 4403 mens
1586 4357 1802 4418 quidem
1820 4359 2069 4421 producit

473 4442 791 4491 sermonem,
816 4427 1054 4491 procedit
1074 4430 1253 4474 autem
1276 4440 1399 4475 cum
1429 4441 1667 4476 sermone
1688 4428 1929 4492 spiritus,
1956 4445 2069 4479 non

473 4506 756 4565 generatus
778 4499 996 4563 quidem
1020 4497 1480 4561 quemadmodum
1502 4513 1693 4563 sermo,
1716 4501 1804 4548 sed
1818 4507 2068 4565 perpetuo

473 4584 795 4635 consequens
809 4582 1127 4632 sermonem,
1142 4574 1186 4617 et
1205 4583 1325 4617 cum
1344 4584 1401 4618 eo
1425 4568 1559 4617 dum
1576 4570 1679 4619 edit
1687 4586 1752 4619 ur
1766 4572 2067 4635 procedens.

474 4643 600 4696 Alio
622 4641 965 4693 Ambrosius
989 4640 1049 4691 in
1077 4639 1284 4700 libello,
1317 4641 1378 4689 de
1398 4640 1661 4704 dignitate
1687 4642 1942 4691 humanae
1965 4659 2069 4692 na-

476 4719 628 4774 tura,
653 4726 771 4777 cap.
789 4712 821 4765 ‘2
836 4729 846 4760 :
862 4713 987 4761 Non
1007 4712 1141 4760 sicut
1165 4726 1232 4760 eae
1253 4712 1432 4773 Patre,
1456 4712 1662 4775 inquit,
1686 4719 1975 4776 generatur
1989 4716 2071 4764 Fi-

475 4782 598 4847 lius,
621 4789 664 4831 ct
680 4799 745 4832 eae
766 4785 925 4833 Patre
948 4783 1188 4846 Filioque
1208 4783 1445 4846 procedit
1471 4783 1710 4847 Spiritus
1733 4791 1969 4851 sanctus,
1992 4787 2070 4836 ita

472 4869 540 4904 ex
580 4853 841 4904 intellectu
880 4860 1168 4917 generatur
1190 4854 1453 4917 voluntas,
1479 4861 1601 4903 clear:
1625 4856 1710 4904 his
1738 4856 1862 4905 item
1886 4857 2072 4907 ambo-

474 4924 569 4975 bus
600 4925 835 4989 procedit
864 4925 1145 4974 memoria.
1181 4925 1307 4977 Alio
1332 4926 1580 4989 denique
1602 4926 1697 4978 alii
1721 4927 2063 4992 complures.

533 4997 554 5026 ¹³
576 4996 684 5046 Nec
707 4995 993 5044 dicendum
1035 4998 1286 5045 animam
1326 5002 1538 5061 partem
1564 5012 1667 5046 esse
1694 4998 1832 5062 Dei.]
1872 5001 2066 5064 Neque

470 5069 645 5131 enim,
671 5070 737 5118 ut
759 5065 1145 5129 Hieronymus
1168 5068 1312 5118 libro
1331 5066 1381 5121 2.
1401 5069 1680 5120 adversus
1695 5069 2065 5124 Jovinianum

470 5136 951 5202 scribit,ejusdem
965 5136 1310 5189 substantiae
1325 5144 1432 5203 est,
1453 5140 1607 5203 quod
1625 5142 1888 5189 Manichaei
1901 5144 2064 5191 solent

467 5212 688 5274 docere,
709 5221 903 5261 anima
925 5207 1181 5259 humana
1196 5221 1263 5259 ac
1285 5210 1461 5260 Deus.
1492 5210 1795 5262 Manichaei
1811 5224 1945 5275 ergo
1972 5226 2061 5265 er-

466 5295 560 5335 ror
580 5283 673 5334 hic
692 5281 815 5346 fuit,
835 5285 891 5333 et
920 5285 1051 5344 post
1069 5291 1204 5330 eum
1227 5279 1577 5331 Priscilliani.
1602 5281 1863 5344 Origenis
1888 5284 2061 5338 etiam

465 5353 663 5418 fuisse,
681 5358 882 5405 auctor
903 5351 1055 5403 idem
1080 5350 1483 5416 Hieronymus,
1503 5352 1601 5415 qui
1626 5352 1683 5402 in
1706 5353 1948 5417 epistola
1971 5356 2058 5410 61.

460 5424 533 5475 ad
557 5425 1007 5487 Pammachium,
1040 5425 1321 5475 Joannem
1356 5423 1941 5487 Hierosolymitanum
1976 5432 2057 5479 ta-

461 5500 579 5559 xat,
628 5496 779 5559 quod
818 5494 1200 5547 Manichazum
1224 5494 1335 5545 hoc
1358 5497 1589 5547 nomine
1618 5496 1961 5547 insimulans
1985 5498 2056 5550 de

460 5566 691 5630 Origine
726 5566 1134 5627 dissimularet,
1160 5567 1441 5631 Producis,
1466 5566 1672 5631 inquit,
1697 5565 1847 5615 nobis
1870 5567 2055 5617 Mani-

457 5637 663 5685 chteum
690 5641 734 5684 et
760 5636 1037 5685 abscondis
1065 5638 1366 5700 Origene-1n.

560 5706 689 5767 Ms.,
717 5705 945 5755 Subdita
970 5707 1095 5755 vitio
1116 5709 1405 5772 corporali.

517 5773 539 5802 «ι
567 5774 798 5845 animas
832 5782 956 5824 ante
997 5792 1225 5841 corpora
1245 5779 1457 5843 factas.]
1486 5781 1611 5832 Duo
1634 5780 1727 5831 hic
1750 5793 2048 5845 perperam

454 5840 695 5893 docebat
719 5844 1007 5909 Origenes,
1033 5840 1328 5901 ctanimas
1353 5840 1591 5903 seorsim
1610 5840 2043 5918 olim—conditas,

2234 3286 2465 3337 XXVII.
2495 3287 2652 3337 Sicut
2672 3298 2805 3349 ergo
2830 3286 2929 3349 qui
2951 3287 3035 3337 ita
3057 3285 3326 3347 credunt,
3353 3287 3535 3352 impie
3558 3288 3763 3340 credere

2169 3357 2616 3421 comprobantur
2641 3372 2654 3407 :
2683 3356 2765 3407 sic
2808 3356 2981 3408 etiam
3021 3355 3124 3420 illi,
3152 3358 3255 3420 qui
3285 3358 3310 3387 ά
3330 3359 3564 3410 animas
3589 3359 3768 3410 dicunt

2168 3433 2301 3480 ante
2317 3440 2553 3493 corpora
2572 3428 2752 3480 factas
2775 3426 2976 3490 fuisse,
3002 3428 3258 3480 multum
3279 3442 3314 3481 a
3335 3430 3557 3494 pietate
3572 3431 3767 3482 distare

2169 3568 2221 3620 ei
2240 3569 2303 3620 in
2324 3578 2560 3633 corpora
2588 3567 2857 3632 deinceps
2872 3580 3008 3619 cum
3032 3566 3644 3634 aliquidcpeccassent,
3660 3576 3768 3622 tum

2170 3640 2395 3691 dimitti.
2421 3639 2584 3701 Quod
2602 3644 2789 3690 utrum
2799 3652 2909 3702 que
2925 3643 3130 3690 contra
3144 3653 3282 3691 eum
3303 3642 3591 3703 scribens,
3609 3642 3768 3693 redar-

2170 3711 2296 3775 guit
2310 3712 2456 3762 inter
2470 3716 2691 3762 ceteros
2706 3711 3005 3774 Antipater
3016 3711 3352 3762 Bostrensis
3368 3728 3484 3774 cap.
3503 3712 3535 3765 7
3563 3714 3577 3731 '
3590 3718 3633 3766 Ο
3645 3711 3766 3773 ﬁmi;-

2171 3800 2260 3847 σας
2286 3784 2368 3847 τὸν
2400 3782 2650 3847 ἄνθρωπον
2686 3776 2770 3832 ἀπ’
2805 3777 2958 3847 ἀρχῆς
2992 3780 3145 3847 ἄρσεν
3172 3784 3258 3833 καὶ
3285 3787 3406 3844 θῆλυ
3442 3779 3669 3845 ἐποίησεν
3694 3781 3767 3835 air

2169 3846 2295 3913 τοὺς,
2320 3846 2377 3901 οὗ
2406 3846 2594 3916 πρῶτον
2619 3851 2731 3901 κατ’
2759 3852 2905 3902 αυτὸν
2937 3851 3073 3911 νόας,
3109 3847 3159 3908 ἐξ
3196 3853 3450 3917 ἁμαρτιῶν
3484 3850 3766 3919 ἁνδΜους.

2170 3923 2274 3981 Qui
2291 3922 2566 3971 hominem
2576 3922 2699 3984 fecit
2716 3921 2781 3971 ab
2795 3921 2954 3971 initio
2970 3922 3281 3971 masculum
3298 3928 3348 3972 et
3366 3924 3639 3987 feminam
3661 3926 3767 3988 fecit

2168 4009 2269 4055 eos,
2308 4008 2401 4042 nec
2420 3993 2602 4058 primo
2625 4000 2825 4042 mentes
2850 3993 3148 4061 secundum
3170 3994 3361 4055 ipsum
3384 4001 3431 4043 et
3461 4011 3530 4044 ex

2171 4066 2433 4125 homines,
2465 4066 2534 4116 Et
2558 4065 2727 4129 paulo
2749 4070 2883 4132 post
2910 4081 2919 4112 :
2949 4060 3057 4117 Οὐκ
3083 4059 3132 4122 ἐξ
3157 4065 3415 4132 ἁμαρτιῶν
3444 4069 3535 4119 καὶ

2170 4156 2290 4194 σεως
2316 4136 2604 4198 πληθυνθὲν,
2636 4134 2699 4192 ὡς
2737 4129 2768 4199 ἦ
2796 4137 2978 4187 τούτων
3011 4137 3230 4203 διδάσκει
3263 4129 3451 4203 ﬂagri],
3483 4135 3597 4190 ἀλλ’
3623 4134 3675 4190 ἐι
3696 4144 3767 4199 τῆς

2168 4228 2252 4261 τον
2295 4213 2401 4259 θεοῦ
2443 4203 2785 4275 εὐλογίαςηὼς
2813 4209 2840 4257 ὁ
2879 4205 3128 4273 προφήτης
3172 4202 3428 4270 ἐδήλωσεν
3460 4228 3471 4239 ·
3522 4205 3562 4260 εἰ
3590 4212 3677 4275 γὰρ
3720 4204 3766 4259 ἐι

2168 4280 2513 4345 παραϐάσεως,
2555 4280 2642 4329 καὶ
2687 4272 2743 4328 ἐκ
2789 4283 2872 4339 τῆς
2914 4272 2997 4328 ⁸ἑοῦ
3043 4283 3201 4345 italo?)
3246 4275 3542 4338 ἀποὼὖξεως
3577 4272 3764 4331 sese?

2167 4344 2429 4417 ἀνθρώπων
2472 4349 2751 4411 πληθύνειαι
2793 4350 2958 4414 γένος,
3005 4344 3098 4402 οὐκ
3148 4345 3354 4415 εὐλογία
3412 4348 3542 4404 ἀλλὰ
3589 4353 3765 4419 κατάρα

2238 4501 2407 4552 1Non
2448 4499 2676 4551 videtur
2707 4498 3045 4551 Sirmondus
3090 4499 3149 4550 id
3189 4500 3352 4564 quod
3376 4514 3472 4554 res
3495 4507 3633 4564 erat,
3656 4504 3763 4554 ani-

2093 4540 2150 4613 D
2171 4570 2302 4622 mad
2310 4570 2572 4633 vertisse,
2590 4571 2845 4621 damnari
2864 4570 2991 4621 heic
3008 4540 3230 4623 scilicet
3245 4542 3651 4626 commentum
3665 4577 3764 4624 Ori-

2168 4642 2349 4707 genis,
2375 4641 2477 4705 qui
2492 4640 2923 4692 similitudinem
2934 4641 3007 4691 ab
3018 4641 3272 4706 imagine
3289 4643 3705 4709 distinguebat,
3718 4650 3765 4695 et

2170 4711 2465 4763 conditum
2491 4711 2723 4775 quidem
2743 4711 3037 4762 hominem
3058 4711 3134 4762 ad
3156 4712 3481 4777 imaginem
3496 4716 3599 4767 Dei
3631 4716 3763 4767 fate-

2168 4785 2356 4847 batur,
2382 4783 2566 4849 ipsius
2577 4795 2714 4835 vero
2727 4782 3167 4835 similitudinem
3183 4797 3527 4850 comparare
3536 4800 3669 4838 eum
3680 4789 3760 4835 sibi

2167 4856 2448 4907 virtutum
2462 4854 2667 4906 merito
2678 4854 3151 4916 contendebat,ut
3163 4857 3663 4919 quemadmodum
3673 4873 3764 4920 per

2166 4926 2348 4977 cando
2372 4925 2626 4987 Diabolo,
2652 4925 2731 4977 ita
2753 4929 2905 4977 recte
2934 4926 3160 4990 agendo
3187 4928 3422 4980 Christo
3454 4929 3672 4980 similes
3703 4928 3764 4980 et-

2164 4997 2439 5049 iiciamur.
2486 4996 2629 5049 Vide
2674 4998 2799 5060 ejus
2834 4997 3144 5048 Homiliam
3194 5000 3238 5049 Ι.
3275 4998 3339 5050 in
3388 5000 3676 5064 Genesim,
3716 5001 3765 5049 et

2161 5066 2258 5119 lib.
2305 5070 2402 5121 IV.
2453 5070 2838 5131 Commentar,
2884 5068 2946 5119 in
2998 5068 3323 5132 Epistolam
3356 5070 3434 5121 ad
3469 5072 3759 5123 Romanos.

2161 5140 2535 5192 Luculentius
2582 5143 2779 5191 autem
2825 5138 2919 5189 lib.
2964 5140 3060 5191 III.
3106 5140 3481 5194 Periarchon.
3521 5143 3650 5207 Hoc,
3676 5142 3758 5193 ait

2161 5211 2306 5277 quod
2341 5211 2485 5261 dixit
2504 5210 2578 5262 ad
2605 5210 2901 5274 imaginem
2928 5210 3025 5259 Dei
3044 5210 3171 5273 fecit
3191 5228 3336 5274 cum,
3363 5220 3411 5263 et
3436 5215 3499 5264 de
3522 5214 3759 5265 similitu-

2159 5284 2286 5333 dine
2317 5283 2488 5346 siluit,
2508 5297 2621 5332 non
2644 5282 2800 5332 aliud
2820 5281 3070 5348 inducat,
3101 5285 3217 5332 nisi
3240 5286 3396 5349 quod
3418 5286 3673 5352 imaginis
3694 5285 3759 5333 ἀει

2158 5356 2417 5419 gnitatcm
2439 5354 2500 5403 in
2520 5354 2705 5419 prima
2725 5353 3033 5403 conditione
3056 5358 3374 5419 perceperit,
3397 5357 3756 5407 similitudinis

2156 5440 2276 5475 vero
2296 5425 2548 5490 perfectio
2574 5426 2633 5475 in
2655 5425 3126 5474 consummatione
3148 5435 3373 5476 servata
3389 5435 3464 5478 est
3484 5431 3754 5491 ;scilicet,ut

2155 5498 2275 5561 ipsa
2293 5496 2390 5547 sibi
2414 5512 2533 5546 eam
2553 5497 2790 5561 propriae
2812 5496 3102 5545 industriae
3136 5498 3344 5548 studiis
3377 5515 3449 5550 ex
3476 5502 3572 5552 Dei
3596 5500 3752 5547 imita-

2155 5569 2297 5617 tione
2340 5569 2691 5630 conscisceret,
2709 5581 2832 5615 cum
2858 5566 3283 5631 possibilitatem
3307 5572 3419 5619 sibi
3444 5568 3745 5636 perfectionis

2152 5640 2415 5688 divinitus
2440 5639 2626 5688 datam
2646 5653 2745 5702 per
2766 5638 3035 5702 imaginis
3065 5639 3429 5704 dignitatem,
3467 5645 3525 5692 in
3556 5644 3651 5706 fine
3671 5636 3742 5686 de-

2149 5725 2303 5759 mum
2324 5726 2420 5775 per
2441 5725 2665 5776 operum
2686 5709 3043 5773 expletionem
3059 5713 3371 5777 perfectam
3386 5716 3493 5765 sibi
3508 5715 3612 5780 ipse
3621 5709 3740 5761 sisn-

2147 5783 2436 5833 litudinem
2461 5786 2879 5832 consummaret.
