3866 6206
134 374 294 430 1137

1532 378 1743 430 LIBER
1775 376 1868 428 DE
1901 376 2086 429 FIDE.

3317 386 3458 441 1138

125 488 1569 568 inveniuntur.Undeimpitisorigenes,'Gentilium
1589 497 1757 554 captus
1779 495 1835 568 Α
1856 490 2044 568 Adam
2071 492 2436 556 praterisset.
2462 496 2607 568 Nam
2624 496 2774 549 sicut
2792 509 2862 549 os
2884 509 2960 549 ex
2985 498 3219 568 ossibus
3230 500 3459 561 meis,et

129 572 360 623 errore,
381 568 439 614 et
450 565 524 615 ab
548 576 613 615 eo
637 564 841 617 nolens
878 566 1107 629 penitus
1133 566 1457 627 abscedere,
1472 577 1755 616 novarum

128 633 323 704 etiam
338 635 589 686 studens
605 640 941 687 auctoresse
959 642 1248 688 sectarum
1263 641 1370 696 conj
1380 639 1562 684 ecturis
1576 632 1750 704 595

128 701 383 755 illorum
420 706 533 757 alio
568 707 739 758 modo
766 707 1059 759 translatis
1088 708 1334 769 edocuit,
1359 708 1430 758 de
1451 701 1672 770 quibus
1694 708 1753 758 in

132 777 429 838 prasenti
447 777 865 842 disputandum
886 793 1013 831 esse
1028 792 1145 830 non
1155 780 1413 842 arbitror,
1433 792 1502 829 ne
1516 795 1607 827 nos
1621 781 1751 826 mul-

137 848 277 897 tum
306 849 618 900 verborum
644 851 941 901 mittamus
965 852 1023 901 in
1048 852 1288 915 sylvam.
1317 851 1461 913 Quia
1485 851 1658 914 igitur
1681 849 1752 900 ad

138 918 611 972 confirmandam
638 921 907 974 haresim
934 935 1101 974 suam
1132 924 1407 976 nefariam
1442 925 1752 988 praedictus

134 989 428 1054 Origenes
452 1005 524 1043 ex
549 992 748 1044 divina
765 995 1051 1059 Scriptura
1076 1008 1305 1046 sumere
1316 998 1754 1047 conaturexem-

137 1059 261 1123 pla,
304 1062 721 1126 redarguamus
755 1078 908 1129 eum,
945 1065 1294 1129 Scripturam
1326 1066 1554 1129 penitus
1588 1067 1754 1130 igno-

132 1143 310 1183 rasse
354 1133 627 1195 divinam,
665 1140 723 1186 et
768 1148 896 1188 eam
941 1137 1067 1188 sine
1101 1150 1275 1187 sensu
1295 1137 1580 1189 docuisse.
1607 1140 1752 1189 Nam

132 1214 284 1253 cum
327 1204 452 1268 ipse
498 1205 714 1258 diceret
760 1208 777 1241 ί
829 1208 888 1258 in
934 1208 1209 1272 principio
1256 1214 1534 1261 creatura
1588 1209 1751 1261 initio

133 1274 369 1326 calum
393 1289 527 1327 cum
552 1280 703 1328 terra
726 1283 982 1329 creatum
1000 1292 1118 1330 non
1143 1292 1271 1331 esse
1293 1292 1503 1343 corpus
1521 1280 1751 1332 firmum

136 1345 303 1397 sicut
335 1346 445 1398 hoc
477 1348 631 1411 quod
667 1349 911 1412 videtur,
952 1350 1054 1401 sed
1093 1362 1264 1402 omne
1286 1351 1397 1402 hoc
1421 1352 1750 1403 sensibilem

133 1417 606 1482 rationalemque
650 1433 779 1472 esse
826 1422 1245 1484 substantiam,
1293 1426 1350 1472 et
1403 1434 1531 1473 eam
1577 1423 1750 1474 unius

135 1488 525 1552 ejusdemque
550 1493 794 1555 natura,
819 1492 875 1543 in
897 1492 988 1543 his
1010 1493 1441 1543 rationabilibus
1467 1494 1749 1544 sensibili-

141 1559 382 1623 busque
428 1562 769 1613 substantiis
809 1564 980 1614 etiam
1022 1564 1247 1614 animas
1270 1564 1570 1615 hominum
1594 1578 1751 1616 com-

136 1631 532 1695 prehendens,
559 1638 615 1683 et
646 1638 776 1697 post
798 1634 927 1686 hac
950 1634 1305 1698 animalium,
1331 1647 1461 1697 qua
1484 1636 1750 1687 sextadie

145 1707 347 1752 creata
373 1706 529 1761 sunt,
547 1703 763 1756 faciens
778 1705 1145 1765 mentionem,
1159 1705 1221 1756 in
1236 1706 1604 1757 eahominem
1618 1720 1753 1771 quo-

148 1784 272 1834 que
289 1779 544 1825 creatum
570 1776 879 1839 reperiens,
904 1789 1076 1828 suum
1111 1776 1233 1840 jam
1255 1790 1372 1828 non
1399 1779 1583 1841 potuit
1603 1779 1754 1830 affir-

1854 575 1986 614 caro
2012 562 2083 638 de
2100 575 2270 615 carne
2292 577 2434 638 mea,
2460 567 2698 628 dicebat,
2725 570 2808 620 sic
2830 570 3005 620 etiam
3048 567 3225 638 596
3264 572 3456 622 anima

1855 633 2132 685 exanima
2144 647 2274 685 mea
2298 636 2483 687 dicere
2502 640 2797 700 potuisset.
2818 641 2929 693 Sed
2952 633 3313 692 tantufn'hoc
3328 645 3458 690 dixit

1853 704 2007 768 quod
2027 706 2134 756 sibi
2150 706 2421 758 videlicet
2437 709 2650 761 sciebat
2659 712 2934 763 ablatum.
2951 714 3121 763 Porro
3134 718 3328 764 autem
3342 728 3456 761 con-

1853 776 2114 827 sentiens
2154 778 2337 840 Moysi
2361 779 2532 829 etiam
2561 780 2860 833 Zacharias
2886 782 3165 847 propheta
3190 785 3273 833 sic
3296 783 3451 845 dicit,

1849 847 2159 896 Emtendens
2187 848 2372 897 calum
2405 854 2449 895 et
2481 848 2727 911 fundans
2748 858 2963 917 terram,
2988 859 3033 903 et
3057 856 3266 917 ﬁngens
3285 854 3453 917 spiri-

1853 924 1970 967 tum
2015 919 2255 967 hominis
2296 921 2356 968 in
2402 921 2515 984 ipso
2560 922 2742 982 (Zach.
2770 922 2854 975 1‘2.
2882 924 2969 985 1.).
2997 926 3141 976 Nam
3167 928 3214 975 si
3238 937 3357 976 non
3380 938 3452 976 ex

1852 991 2152 1053 supposita
2166 992 2716 1054 materia,crearetur
2725 992 2973 1044 hominis
2986 997 3290 1059 caro,sicut
3303 998 3451 1045 etiam

1851 1060 2037 1112 Adam
2048 1068 2104 1112 et
2119 1064 2274 1122 Eva,
2293 1069 2350 1114 et
2367 1065 2449 1115 sic
2468 1069 2672 1127 postea
2689 1064 2746 1113 in
2764 1064 2889 1127 ipso
2906 1066 3096 1117 anima
3119 1080 3232 1118 non
3249 1081 3322 1119 ex
3339 1083 3455 1129 sup-

1852 1133 2040 1197 posita
2062 1135 2302 1185 materia
2321 1140 2597 1198 tanquam
2622 1135 2807 1186 Adam
2829 1136 3037 1199 pariter
3061 1142 3119 1187 et
3136 1138 3283 1201 Eva,
3302 1152 3451 1189 nun-

1851 1216 2027 1266 quam
2044 1205 2318 1269 propheta
2339 1206 2646 1258 Zacharias
2661 1208 2741 1258 ita
2758 1207 3094 1258 dixisset.Et
3107 1223 3289 1256 creans
3300 1211 3455 1273 spiri-

1853 1280 1967 1324 tum
2015 1276 2255 1325 hominis
2302 1278 2363 1326 in
2400 1279 2515 1342 ipso
2552 1278 2743 1341 (Ibid.).
2794 1280 3060 1342 Apertius
3084 1284 3276 1330 autem
3300 1281 3455 1332 Salo-

1848 1359 1990 1398 mon
2030 1348 2091 1398 in
2120 1349 2467 1401 Ecclesiaste
2500 1350 2686 1412 docet,
2722 1350 2945 1401 animas
2975 1363 3010 1402 a
3043 1352 3160 1403 Deo
3200 1352 3456 1415 prastari

1849 1419 2121 1469 omnibus
2149 1432 2281 1482 qua
2306 1422 2515 1485 abipso
2535 1426 2802 1472 creantur
2814 1434 2887 1473 ex
2909 1423 3207 1485 supposita
3222 1423 3459 1474 materia

1849 1490 2559 1552 corporibus,solutionem
2572 1491 2846 1545 humana
2864 1494 3303 1556 compositionis
3319 1508 3458 1542 enar-

1848 1572 1999 1620 rans,
2026 1573 2157 1611 cum
2182 1561 2337 1624 dicit,
2367 1563 2429 1610 Et
2442 1568 2775 1611 convertetur
2788 1564 2967 1627 pulvis
2985 1565 3043 1612 in
3062 1571 3263 1613 terram
3277 1580 3453 1625 suam,

1846 1636 1893 1680 et
1924 1637 2211 1680 revertetur
2231 1633 2455 1696 spiritus
2479 1634 2551 1682 ad
2573 1635 2745 1682 Deum
2769 1635 2865 1698 qui
2890 1635 3033 1683 dedit
3056 1650 3179 1683 eum
3192 1636 3351 1697 (Eccl.
3368 1633 3452 1689 12.

1851 1701 1941 1764 7.).
1973 1704 2117 1753 Cum
2137 1703 2248 1754 hoc
2282 1704 2550 1755 Salamon
2573 1704 2838 1763 dixisset,
2863 1710 3058 1769 aperte
3083 1706 3282 1757 docuit
3298 1706 3455 1769 quod

1851 1774 2008 1825 Deus
2020 1775 2264 1839 pulveri,
2284 1787 2461 1838 quem
2479 1775 2552 1826 ad
2572 1775 2885 1827 creandum
2902 1776 3199 1828 hominem
3218 1776 3288 1828 de
3306 1779 3457 1828 terra

140 1855 310 1937 ma‘re
325 1844 879 1937 figmentummeque
896 1848 1183 1937 propriam
1198 1850 1465 1930 roborare
1480 1852 1747 1901 fallaciam:
1780 1862 1833 1937 B
1855 1844 2075 1937 tulerat,
2110 1846 2373 1937 spiritum
2398 1846 2666 1937 praestitit
2688 1858 2805 1897 non
2825 1846 3082 1937 habenti.
3108 1846 3243 1937 Ideq
3257 1852 3453 1937 autem

141 1914 253 1965 sed
270 1917 438 1978 quasi
462 1916 684 1969 illorum
703 1932 837 1981 qua
861 1925 993 1970 ante
1005 1919 1278 1971 docuerat
1292 1920 1525 1984 penitus
1544 1922 1751 1974 fuisset

143 1985 386 2046 oblitus,
430 1988 651 2040 invitus
671 1990 882 2041 fatetur
905 1990 1130 2041 animas
1154 1996 1378 2043 creatas
1401 2004 1549 2053 esse,
1577 1998 1635 2044 et
1657 2006 1755 2045 eas

140 2056 357 2128 iterum
392 2058 771 2124 incorporeas.
816 2062 1221 2125 Respondeant
1262 2062 1438 2125 igitur
1464 2064 1630 2115 nobis
1656 2066 1754 2128 qui

144 2127 454 2179 nefandam
480 2130 743 2193 Origenis
761 2132 1027 2183 haresim
1046 2138 1396 2184 venerantur
1411 2140 1466 2185 et
1482 2127 1756 2194 colunt,et

141 2198 277 2263 ejus
300 2202 690 2264 expositiones
717 2203 787 2255 de
811 2203 1008 2255 divina
1033 2204 1323 2268 Scriptura
1348 2205 1419 2255 ad
1441 2207 1643 2257 calum
1657 2220 1756 2258 us-

142 2281 262 2332 que
288 2273 531 2323 summis
554 2274 858 2337 praconiis
882 2274 1079 2326 tollere
1106 2275 1448 2338 moliuntur,
1466 2278 1754 2340 quomodo

139 2340 359 2393 anima
372 2343 497 2395 sine
509 2345 846 2407 corporibus
862 2346 1089 2409 possint
1101 2346 1362 2410 intelligi,
1380 2361 1512 2399 cum
1531 2351 1754 2413 Moyses

141 2424 256 2462 nos
282 2413 484 2466 doceat
505 2416 724 2476 dicens,
755 2416 821 2465 Et
844 2417 965 2478 fecit
990 2417 1130 2466 Deus
1156 2418 1435 2467 hominem
1457 2420 1531 2469 ad
1552 2421 1755 2483 imagi-

140 2498 270 2532 nem
312 2484 406 2534 Dei
450 2486 574 2548 fecit
617 2502 758 2548 eum,
800 2487 1104 2537 masculum
1138 2494 1182 2537 et
1216 2488 1486 2550 feminam
1516 2491 1642 2553 fecit
1672 2507 1754 2541 eos

139 2553 298 2616 (Gen.
346 2556 395 2609 1.
436 2556 565 2621 27.).
603 2560 750 2610 Nam
786 2558 896 2610 hoc
919 2560 1188 2611 omnibus
1217 2560 1370 2612 clare
1394 2566 1552 2624 patet
1578 2563 1751 2625 quod,

139 2625 357 2679 anima
370 2640 547 2680 sexus
564 2632 867 2694 utriusque
882 2644 1121 2695 capaces
1139 2643 1269 2683 esse
1293 2647 1393 2681 non
1413 2641 1627 2693 possunt
1652 2637 1753 2683 nisi

139 2696 271 2749 sola
286 2711 539 2763 corpora,
559 2714 687 2764 qua
710 2703 972 2765 graviora
991 2708 1326 2755 noscuntur.
1349 2704 1645 2764 Quomodo
1660 2706 1756 2757 ite-

136 2781 274 2819 rum
296 2770 511 2823 etillud
535 2772 755 2824 dictum
778 2773 980 2825 audire
1000 2782 1016 2801 ·
1044 2779 1315 2838 poterunt
1331 2775 1472 2826 sola
1495 2776 1618 2827 sine
1634 2790 1753 2829 cor-

134 2840 378 2904 poribus
391 2843 619 2895 anima.
642 2844 861 2896 Crescite
876 2850 920 2893 et
940 2844 1392 2908 multiplicamini
1409 2846 1749 2911 (001.138.).

134 2911 460 2975 Siquidem,
491 2915 664 2965 etiam
692 2916 1010 2967 secundum
1034 2916 1223 2980 ipsum
1239 2916 1553 2981 Originem,
1575 2919 1753 2970 incor-

138 2982 426 3047 poralium
458 2991 665 3037 natura
698 2999 889 3050 neque
918 2987 1286 3051 multiplicari
1328 2992 1538 3053 potest,
1563 3001 1750 3053 neque

135 3066 420 3106 crescere.
489 3057 595 3108 Vel
647 3058 937 3121 quomodo
983 3058 1107 3109 sine
1153 3059 1490 3122 corporibus
1536 3060 1748 3113 anima

138 3127 354 3177 creata
376 3127 435 3177 in
462 3128 617 3179 caelis
634 3129 890 3180 habitare
901 3131 1183 3193 poterant,
1201 3142 1333 3181 cum
1346 3131 1500 3181 Deus
1514 3132 1747 3183 benedi-

135 3208 283 3247 cens
314 3196 443 3259 illis,
477 3211 625 3263 quos
662 3200 871 3252 fecerat
904 3200 1228 3251 masculum
1251 3206 1307 3253 et
1342 3201 1634 3261 feminam,
1663 3204 1745 3255 sic

136 3267 372 3332 dixerit,
422 3269 641 3319 Crescite
677 3276 723 3319 et
750 3272 1198 3335 multiplicamini
1230 3276 1277 3321 et
1314 3273 1522 3337 implete
1544 3279 1748 3323 terram

142 3339 348 3403 (Ibid.).
390 3342 501 3392 Sed
545 3342 816 3406 Origenes
850 3344 1059 3395 iterum
1097 3344 1340 3406 ejusque
1386 3347 1524 3395 socii
1554 3346 1746 3397 dimit-

145 3414 366 3462 tantur.
725 3455 733 3461 .

208 3483 464 3534 XXVIII.
496 3484 641 3546 Quia
664 3485 841 3549 igitur
860 3485 1120 3536 nonnulli
1148 3488 1302 3549 sunt,
1331 3487 1427 3550 qui
1455 3488 1745 3539 dementia

135 3554 295 3618 capti
328 3555 547 3619 dicunt,
587 3557 740 3619 quod
768 3567 786 3585 ι
809 3570 880 3608 ex
918 3570 1036 3608 una
1068 3558 1262 3608 anima
1293 3559 1460 3622 primi
1492 3559 1743 3612 hominis

134 3624 326 3675 Adam
358 3626 551 3678 anima
575 3629 711 3679 Eva
747 3628 1004 3679 mulieris
1042 3633 1341 3694 assumpta
1366 3630 1456 3691 sit,
1484 3632 1743 3683 nonnulli

133 3696 483 3760 etiamquod
504 3711 578 3750 ex
590 3700 911 3751 solo‘Adam
924 3713 1055 3751 cum
1071 3701 1308 3752 seminis
1321 3702 1479 3764 jactu
1498 3703 1557 3753 in
1568 3718 1742 3752 omnes

136 3767 242 3831 qui
265 3780 337 3819 ex
355 3782 420 3820 eo
441 3770 543 3821 niti
574 3770 808 3822 fuerunt
829 3773 1037 3823 anima
1054 3774 1416 3825 transmissa
1430 3774 1563 3837 sint,
1579 3777 1634 3825 et
1648 3774 1743 3825 alii

135 3838 297 3900 quod
328 3852 401 3890 ex
424 3841 544 3891 Eva
568 3842 691 3893 sola
708 3842 893 3906 magis
917 3843 1125 3894 anima
1150 3842 1306 3894 fuere
1335 3844 1645 3907 translata,
1686 3849 1745 3896 et

138 3908 226 3959 sic
248 3918 266 3936 °
290 3909 349 3960 in
376 3912 710 3973 parentibus
748 3913 816 3961 ad
854 3926 1052 3963 eorum
1085 3913 1292 3965 liberos
1318 3914 1583 3967 deducta
1609 3916 1739 3976 sint,

134 3982 610 4045 respondendum
632 3986 717 4035 est
747 3984 840 4035 hic
878 3985 987 4035 hoc
1008 3985 1211 4036 modo:
1241 3987 1354 4037 Cur
1376 3999 1511 4050 ergo
1537 3987 1742 4050 Adam,

138 4053 241 4116 qui
261 4053 482 4116 primus
504 4055 572 4106 de
587 4060 738 4107 terra
752 4061 977 4108 creatus
995 4061 1100 4119 cst,
1121 4057 1443 4108 secundum
1460 4073 1658 4107 carnem
1683 4062 1743 4108 de

136 4129 306 4175 costa
334 4137 467 4187 qua
492 4139 564 4177 ex
586 4128 712 4191 ipso
739 4127 921 4179 fuerat
938 4126 1183 4191 sublata,
1205 4128 1263 4177 in
1282 4129 1485 4191 spiritu
1506 4131 1744 4193 Deipro-

136 4195 435 4259 phetando
458 4196 700 4262 dicebat,
730 4200 839 4247 [loc
863 4213 1010 4246 nunc
1034 4213 1089 4245 os
1113 4212 1180 4247 ea:
1196 4198 1397 4247 ossibus
1414 4200 1541 4247 meis
1556 4206 1601 4248 et
1617 4217 1674 4249 ea
1685 4216 1743 4250 ro

138 4266 381 4316 decarne
410 4283 555 4317 mea:
583 4270 688 4318 haec
720 4268 995 4318 vocabitur
1028 4269 1243 4329 mulier,
1269 4273 1400 4334 quia
1420 4286 1485 4319 ea:
1506 4272 1624 4319 viro
1647 4286 1743 4322 suo

136 4344 362 4403 sumpta
387 4345 456 4387 est
481 4341 625 4405 (Gen.
656 4340 705 4393 2.
734 4340 862 4403 ⁸23.)ν
891 4353 1182 4404 nusquam
1208 4340 1341 4392 fecit
1356 4342 1565 4394 anima
1582 4355 1744 4395 men-

139 4411 357 4463 tionem
376 4415 399 4460 ?
417 4412 560 4461 Nam
575 4412 623 4463 si
641 4412 832 4463 anima
848 4425 1077 4475 quoque
1093 4417 1248 4463 esset
1263 4426 1333 4464 ex
1349 4414 1543 4465 anima
1558 4430 1742 4463 secun-

135 4481 284 4533 dum
296 4481 524 4533 illorum
536 4494 718 4534 vanas
731 4483 1049 4547 opiniones,
1066 4496 1367 4548 nunquam
1383 4484 1630 4549 profecto
1648 4489 1741 4535 hoc

1772 3226 1821 3302 C

1855 1919 2081 1967 tantum
2092 1916 2352 1980 spiritum
2369 1917 2440 1968 ad
2460 1919 2645 1969 Deum
2659 1918 2864 1969 reverti
2877 1917 3100 1981 dicitur,
3115 1918 3245 1969 licet
3262 1921 3457 1967 utrius-

1855 2001 1967 2051 que
1991 1989 2066 2039 sit
2088 1995 2309 2041 creator
2336 1991 2635 2052 Dominus,
2659 1993 2775 2042 tam
2801 1991 3175 2055 carnisquam
3193 1992 3453 2055 spiritus,

1854 2059 2124 2122 quoniam
2152 2073 2269 2111 non
2290 2073 2363 2112 ex
2404 2062 2705 2125 supposita
2734 2061 2971 2112 materia
2986 2065 3451 2123 etspiritumcrent,

1855 2130 2005 2181 sicut
2025 2136 2082 2181 et
2104 2144 2311 2195 corpus
2337 2148 2349 2183 :
2378 2133 2845 2195 etiterum,quod
2869 2145 3125 2185 unacum
3142 2136 3260 2185 Deo
3283 2134 3453 2185 homo

1853 2201 2077 2252 videtur
2099 2203 2316 2266 cperari
2341 2204 2412 2253 ad
2437 2204 2797 2255 nativitatem
2824 2206 3074 2268 corporis
3102 2204 3453 2268 procreandi,

1855 2273 2119 2336 spiritum
2142 2279 2331 2325 autem
2350 2276 2508 2326 solus
2523 2278 2781 2339 procreat
2798 2276 2966 2326 Deus.
2983 2276 3191 2339 quippe
3204 2288 3336 2327 cum
3358 2275 3456 2325 ho-

1852 2344 2075 2394 minum
2093 2345 2324 2407 quidem
2341 2347 2416 2397 sit
2430 2346 2874 2397 subministrare
2888 2346 3175 2403 materias,
3194 2349 3275 2394 Dei
3288 2352 3453 2394 autem

1854 2428 2045 2467 creare
2060 2416 2373 2468 hominem.
2393 2417 2553 2478 Quod
2570 2422 2766 2469 autem
2783 2419 2932 2469 Deus
2949 2421 3040 2468 est
3053 2417 3151 2479 qui
3167 2415 3376 2468 format
3391 2429 3457 2468 ea

1854 2498 1986 2549 qua
2008 2487 2069 2538 in
2092 2492 2322 2539 uterum
2344 2489 2565 2540 semina
2580 2489 2895 2551 jaciuntur,
2922 2488 3073 2539 sicut
3088 2488 3263 2539 etiam
3274 2491 3459 2538 cetera

1853 2557 2080 2609 diversa
2104 2559 2372 2621 viviﬁcat,
2387 2572 2518 2621 qua
2534 2561 2608 2610 ab
2620 2558 2885 2623 agricolis
2900 2561 3169 2611 seruntur
3180 2559 3239 2610 in
3258 2565 3455 2619 terram,

1855 2623 2019 2678 teStis
2042 2633 2133 2680 est
2158 2629 2360 2680 beatus
2374 2630 2483 2681 Job
2514 2642 2647 2680 cum
2670 2629 2811 2680 dicit
2838 2629 2909 2679 ad
2932 2630 3342 2690 Deum,Manus
3358 2634 3459 2677 tuae

1850 2698 2089 2761 fecerunt
2112 2714 2213 2754 me.
2249 2705 2293 2748 et
2316 2700 2723 2764 plasmaverunt
2746 2714 2828 2747 me
2850 2698 2983 2763 (Job.
3012 2699 3097 2753 10.
3124 2699 3215 2761 8.).
3244 2699 3458 2751 Eadem

1852 2769 2027 2821 etiam
2057 2770 2234 2821 David
2260 2771 2535 2835 propheta
2558 2770 2711 2822 dicit.
2732 2772 2955 2821 Rursus
2971 2770 3143 2821 etiam
3155 2772 3311 2821 Deus
3325 2771 3453 2821 Hie-

1852 2841 2049 2893 remia
2083 2842 2379 2906 Propheta
2405 2843 2487 2893 sic
2522 2842 2677 2901 dicit,
2703 2842 3043 2904 Priusquam
3068 2845 3112 2889 te
3133 2841 3454 2904 formarem,

1838 2910 1913 2959 εἰη
1936 2919 2084 2960 utero
2108 2913 2329 2977 cognovi
2353 2918 2398 2962 te
2413 2914 2538 2975 (Jer.
2565 2913 2615 2967 1.
2641 2912 2731 2975 5.).
2768 2912 3036 2963 Similiter
3058 2917 3255 2963 autem
3276 2912 3455 2964 Isaias

1851 2983 2129 3049 Propheta
2173 2984 2245 3037 de
2283 2984 2513 3049 populo,
2536 2984 2634 3048 qui
2653 2984 2830 3035 Jacob
2854 2984 3089 3036 nomine
3114 2985 3448 3045 vocabatur,

1846 3048 1995 3106 inter
2019 3060 2207 3107 cetera
2230 3048 2400 3107 etiam
2426 3057 2508 3107 sic
2529 3055 2667 3108 dicit
2692 3072 2702 3104 :
2729 3055 2998 3104 Dominus
3021 3055 3118 3118 qui
3142 3055 3365 3105 redemit
3390 3060 3454 3117 te,

1842 3130 1888 3175 et
1912 3127 2009 3191 qui
2035 3126 2293 3189 formavit
2317 3133 2362 3176 te
2396 3143 2463 3177 ex
2500 3133 2649 3176 utero
2695 3127 2840 3186 (Esa,
2881 3126 2969 3180 44.
3014 3124 3143 3190 2.4).
3176 3126 3450 3190 Apertius

1847 3202 2043 3249 autem
2056 3200 2229 3249 etiam
2250 3200 2452 3250 beatus
2470 3198 2679 3249 Paulus
2690 3198 2763 3248 ad
2779 3198 3058 3249 Hebraos
3075 3198 3334 3248 scribens
3344 3197 3450 3248 do-

1849 3274 1956 3333 cet,
1978 3270 2133 3333 quod
2161 3283 2277 3321 non
2296 3270 2465 3321 sicuti
2485 3281 2805 3333 corporaex
2822 3269 3193 3320 successione
3209 3268 3450 3319 descen-

1846 3340 2009 3403 dunt,
2034 3341 2114 3391 sic
2130 3341 2300 3391 etiam
2319 3342 2576 3405 spiritus,
2598 3339 2708 3392 hoc
2725 3344 2831 3403 est,
2846 3344 3062 3391 nostra
3073 3340 3302 3399 anima,
3317 3350 3450 3389 cum

1841 3411 1979 3462 dicit
2000 3431 2010 3459 :
2030 3413 2216 3461 Patres
2232 3413 2450 3476 quidem
2473 3412 2657 3460 carnis
2679 3417 2872 3460 nostra
2895 3410 3187 3460 habuimus
3205 3409 3451 3458 erudito-

1839 3496 1942 3540 res,
1960 3488 2007 3530 et
2031 3482 2419 3542 reverebamur,
2446 3497 2560 3531 non
2583 3482 2754 3531 multo
2770 3482 2947 3545 magis
2975 3479 3452 3543 obte-mperabimus

1838 3553 1988 3616 patri
2032 3555 2343 3617 spirituum,
2369 3560 2417 3602 et
2442 3554 2682 3602 vivemus
2711 3552 2885 3615 (Hebr.
2909 3550 2994 3606 12.
3024 3552 3135 3613 6.)?
3172 3551 3452 3613 Quoniam

1840 3624 1996 3674 Deus
2038 3636 2171 3675 cum
2200 3624 2556 3675 benediceret
2609 3623 2810 3688 primis
2838 3622 3192 3684 hominibus,
3225 3622 3335 3673 hoc
3364 3626 3453 3673 est

1844 3694 2030 3745 Adam
2054 3701 2111 3746 et
2136 3698 2284 3758 Eva),
2301 3695 2466 3751 dixit,
2488 3696 2720 3745 Crescite
2737 3700 2782 3743 et
2797 3694 3265 3758 multiplicamini,
3292 3699 3337 3742 et
3358 3693 3455 3741 im-

1839 3766 1970 3830 plele
2016 3771 2215 3815 terram
2264 3768 2414 3829 (Gen.
2452 3766 2503 3819 ‘2.
2546 3764 2656 3829 ‘28.)
2686 3780 2698 3815 :
2725 3766 2836 3816 hac
2861 3766 2932 3817 de
2956 3778 3167 3817 caussa
3190 3769 3455 3829 parentes

1842 3840 2031 3900 patres
2053 3838 2240 3887 carnis
2273 3836 2594 3901 Apostolus
2619 3836 2959 3897 nominavit,
2982 3839 3040 3887 et
3052 3837 3320 3899 quoniam
3337 3847 3455 3886 non

1841 3921 1914 3960 ex
1931 3909 2226 3973 supposita
2244 3921 2336 3959 ma
2350 3914 2435 3960 ter
2451 3922 2485 3959 a
2508 3911 2745 3959 creatas
2764 3922 2796 3958 a
2816 3910 2937 3959 Deo
2952 3908 3177 3958 animas
3194 3909 3455 3970 habemus,

1843 3974 1972 4043 ideo
1985 3982 2168 4031 Deum
2188 3984 2403 4042 patrem
2431 3980 2452 4008 ἀ
2479 3980 2751 4043 spiritum
2770 3978 3095 4043 appellavit.
3116 3979 3336 4029 Cuncta
3351 3977 3459 4040 igi-

1837 4042 1936 4101 t:ur
1980 4052 2128 4102 sicut
2168 4052 2442 4116 primitus
2478 4042 2670 4103 creata
2705 4042 2861 4113 sunt,
2897 4050 2979 4100 sic
3002 4050 3175 4100 etiam
3205 4062 3305 4112 per
3333 4048 3458 4100 dies

1841 4122 2102 4185 singulos
2128 4128 2524 4186 procreantur,
2543 4122 2653 4173 alia
2674 4121 2904 4184 quidem
2918 4133 2990 4172 ex
3017 4120 3314 4184 supposita
3336 4131 3460 4170 ma-

1835 4194 1993 4251 teria,
2040 4194 2189 4244 sicut
2234 4194 2587 4245 animalium
2629 4192 3048 4244 irrationalium
3082 4190 3310 4252 anima,
3340 4189 3461 4255 ,alia

1840 4269 2034 4315 autem
2070 4278 2190 4316 non
2229 4280 2302 4316 ex
2358 4266 2677 4329 supposita,
2716 4265 2867 4316 sicut
2902 4264 3207 4315 hominum
3228 4263 3455 4315 anima.

1839 4335 1947 4386 Sed
1977 4340 2035 4386 et
2057 4335 2128 4387 de
2162 4337 2358 4387 anima
2394 4338 2563 4388 nobis
2591 4336 2943 4388 sufﬁcienter
2971 4335 3208 4386 dictum.

1903 4408 2108 4458 XXIX.
2136 4407 2270 4459 Illos
2294 4408 2483 4471 igitur
2508 4408 2721 4471 primos
2738 4408 3022 4467 homines,
3041 4406 3227 4459 Adam
3250 4404 3377 4456 dico
3394 4408 3450 4456 et

1840 4480 2039 4542 Evam,
2063 4479 2197 4531 licet
2215 4487 2233 4508 °
2248 4479 2600 4532 immortales
2614 4478 2938 4531 secundum
2952 4478 3209 4530 animam
3220 4480 3446 4529 creatos

137 4681 330 4743 μᾶλλον
370 4675 429 4728 ἂν
458 4679 656 4734 διααίως
688 4678 898 4744 λεχθείη.
943 4678 1072 4728 Νοη
1109 4693 1176 4729 ea:
1204 4681 1446 4743 peccatis,
1478 4698 1643 4747 neque
1673 4701 1739 4735 ea:

1861 4675 2040 4747 multa,
2062 4679 2108 4725 et
2133 4675 2404 4725 benedicat
2418 4674 2579 4736 vobis,
2604 4676 2742 4725 sicut
2768 4674 2909 4724 vobis
2931 4675 3135 4724 locutus
3159 4672 3412 4736 est.Nequ
3430 4687 3455 4721 e

135 4749 565 4812 transgressione
590 4749 1001 4813 multiplicatur,
1029 4751 1168 4799 sicut
1195 4752 1393 4801 horum
1424 4755 1627 4818 scripta
1653 4756 1754 4805 do-

133 4825 275 4881 cent,
326 4820 418 4869 sed
444 4835 510 4869 ea:
548 4821 645 4870 Dei
673 4820 1046 4886 benedictione,
1068 4822 1204 4871 sicut
1231 4823 1507 4887 Propheta
1533 4830 1750 4877 testatus

133 4898 229 4943 est.
269 4892 419 4943 Nam
462 4894 509 4941 si
556 4907 623 4941 e1:
666 4894 1128 4955 transgressione,
1186 4896 1421 4958 rectique
1465 4896 1753 4947 desertione

134 4964 543 5028 multiplicatur
566 4964 860 5013 hominum
882 4980 1068 5028 genus,
1086 4981 1197 5015 non
1224 4966 1625 5031 benedictio,sed
1644 4985 1755 5019 ma-

134 5035 349 5085 ledictio
387 5036 568 5099 potius
610 5036 798 5083 merito
847 5036 1124 5087 diceretur.
1162 5038 1323 5100 Quod
1348 5038 1542 5102 ipsum
1566 5040 1752 5094 Theo-

129 5105 282 5169 phili
308 5118 541 5169 quoque
561 5105 937 5157 Alexandrini
957 5107 1062 5159 fuit
1077 5115 1485 5172 argumentum
1500 5114 1683 5161 Catena
1698 5116 1750 5161 in

137 5179 437 5239 Genesim,
477 5177 678 5228 Codice
714 5178 868 5240 regio
906 5177 1023 5232 810.
1055 5177 1164 5230 Ὅτι
1196 5176 1251 5230 οὐ
1290 5181 1354 5231 δι’
1395 5183 1651 5248 ἁμαρτίας,
1693 5182 1756 5241 ὡς

130 5248 383 5314 Ὠριγένει
421 5250 577 5317 ἔδρξε,
608 5250 1041 5310 καταϐεϐλημέναι
1080 5250 1129 5300 αἱ
1166 5253 1326 5317 ψυχαὶ
1371 5253 1566 5315 σώμασι
1606 5274 1753 5307 συνε-

134 5319 445 5387 πλάκησαν,
471 5315 789 5386 ἐχρησάμεθα
826 5324 891 5385 τῷ
935 5319 1155 5376 Μωσέως
1193 5315 1372 5386 ῥήματι
1410 5325 1634 5387 λέγοντος
1663 5336 1758 5382 τοῖς

134 5391 263 5447 uici;
294 5386 524 5461 Ἰσραὴλ,
558 5391 729 5461 Κύριος
753 5392 779 5441 ὁ
814 5394 937 5447 Θεὸς
972 5400 1066 5441 τῶν
1101 5393 1323 5456 πατέρων
1353 5386 1489 5461 ὑμῶύ
1520 5398 1756 5461 προσθείη

136 5464 257 5525 ὑμῖν
299 5460 510 5531 σήμερον
540 5460 603 5519 ὡς
638 5459 751 5513 ἐστὲ
789 5462 1165 5531 χρῆ-ιοπλασίως,
1204 5466 1289 5514 καὶ
1330 5459 1593 5529 εὐλογήσω
1633 5469 1759 5531 ὑμᾶς

138 5532 315 5610 ξαῦὂτι
342 5529 578 5593 ἐλάλησεν
605 5536 717 5597 ὑμῖν
747 5552 757 5562 ’
785 5529 841 5583 οὗ
865 5536 956 5610 γᾲρ
981 5529 1176 5597 εὐλογία
1206 5536 1335 5584 κατά
1357 5537 1607 5600 Ὠριγένην
1626 5529 1757 5589 ἔάτὶν

137 5599 174 5656 ὴ
219 5614 311 5654 τῶν
362 5606 601 5669 σωμάτων
645 5605 865 5663 ποίησις,
902 5599 1027 5654 ἀλλὰ
1056 5604 1247 5667 κατάρα
1283 5599 1622 5669 πλανωμέναις
1667 5613 1759 5672 ψυ-

136 5685 271 5742 χαῖς.
308 5675 461 5733 Quod
507 5691 613 5723 non
665 5675 725 5721 ob
762 5679 1056 5736 peccatum,
1098 5680 1151 5721 ut
1190 5674 1410 5737 Origcni
1448 5676 1623 5725 visum
1668 5687 1759 5741 est,

137 5746 346 5809 rtejecta
384 5748 583 5795 anima:
620 5745 930 5809 corporibus
978 5744 1250 5809 implicita
1283 5747 1407 5803 sint,
1445 5760 1512 5794 ea:
1558 5749 1763 5812 Moysis

142 5817 315 5868 verbis
358 5817 671 5881 didicimus,
715 5816 844 5880 ﬁliis
870 5816 1035 5865 Israel
1058 5816 1300 5875 dicentis,
1326 5816 1594 5866 Dominus
1621 5819 1762 5871 Deus

141 5895 371 5955 patrum
408 5894 704 5940 vestrorum
739 5887 907 5938 addat
953 5888 1028 5937 ad
1060 5887 1207 5936 hunc
1241 5902 1538 5937 numerum
1570 5892 1755 5942 millia

1852 4748 1999 4797 enim
2016 4746 2303 4798 benedictio
2319 4749 2613 4796 secundum
2630 4748 2927 4810 Origenem,
2940 4752 3013 4795 est
3027 4760 3317 4809 corporum
3324 4759 3452 4810 pro-

1855 4818 2053 4883 ductio,
2074 4820 2161 4868 sed
2184 4820 2485 4868 maledictio
2510 4818 2813 4867 errantibus
2849 4818 3042 4867 anima
3058 4816 3167 4865 bus.

1919 4899 1937 4919 "
1960 4889 2096 4952 Ms,
2114 4891 2364 4939 Poterant
2388 4892 2509 4938 sola:
2531 4891 2645 4938 sine
2669 4889 2983 4952 corporibus
3004 4888 3222 4937 anima.

1918 4962 1939 4989 ⁵
1980 4960 2067 5008 Ea:
2106 4975 2222 5008 una
2259 4960 2453 5008 anima
2473 4960 2646 5024 primi
2670 4958 2951 5021 hominis.)
2979 4959 3168 5009 Tertio
3197 4956 3322 5008 loco
3347 4968 3448 5008 eos

1857 5030 2067 5095 pariter
2084 5030 2299 5089 refellit,
2315 5031 2412 5094 qui
2435 5030 2661 5080 animas
2684 5041 2752 5079 ex
2782 5028 3016 5080 traduce
3041 5026 3442 5092 propagat-ian-

1858 5102 2178 5163 tumabant,
2226 5100 2335 5151 hoc
2379 5105 2484 5159 est,
2525 5100 2830 5163 interprete
2852 5103 3053 5150 sancto
3086 5098 3452 5159 Hieronymo.

1860 5172 2039 5243 Epist.
2086 5172 2347 5235 XXXIII,
2396 5171 2458 5220 Ut
2490 5170 2757 5243 quomodo
2798 5184 2990 5243 corpus
3031 5180 3356 5243 excerpere,
3383 5166 3459 5243 sic

1858 5233 2054 5292 anima
2100 5233 2356 5290 nascatur
2392 5256 2459 5290 ea:
2498 5233 2713 5300 anima,
2739 5245 2782 5288 et
2806 5238 2976 5287 simili
2999 5251 3119 5285 cum
3144 5233 3313 5283 brutis
3333 5236 3459 5284 ani-

1858 5313 2133 5362 mantibus
2166 5314 2471 5361 conditione
2506 5312 2766 5361 subslilal.
2806 5313 2928 5371 Qua
2952 5307 3021 5358 de
3051 5319 3109 5357 re
3133 5317 3264 5356 cum
3296 5306 3461 5357 anci-

1860 5386 2009 5449 pites
2054 5386 2362 5448 aliquando
2391 5385 2604 5436 fuerint
2644 5385 2703 5433 in
2748 5379 2997 5433 Ecclesia
3044 5377 3371 5449 sententia,
3397 5378 3456 5429 in

1862 5448 1990 5508 eam
2026 5471 2182 5507 nunc
2228 5469 2433 5508 omnes
2468 5454 2854 5529 consentiunt,
2905 5461 3077 5529 quam
3109 5451 3310 5529 noster
3346 5448 3455 5529 hoc

1861 5528 1986 5579 loco
2010 5528 2275 5587 adstruit,
2301 5529 2525 5579 animas
2552 5540 2585 5577 a
2609 5529 2726 5577 Deo
2752 5521 3007 5586 singulas
3027 5520 3224 5582 creari,
3261 5521 3319 5572 et
3341 5520 3457 5571 for-

1865 5600 2035 5651 matis
2060 5599 2395 5660 corporibus
2419 5598 2664 5648 infundi.

1929 5680 1947 5699 °
1984 5672 2087 5720 Ms.
2104 5670 2191 5718 Sic
2215 5684 2245 5715 a
2262 5668 2573 5730 parentibus
2593 5667 2665 5716 ad
2687 5681 2870 5715 eorum
2887 5662 3072 5713 liberos
3090 5660 3317 5712 deducta
3330 5664 3460 5712 sint.

1926 5740 1947 5768 ⁴¹
1974 5741 2078 5790 Ms.
2101 5738 2368 5799 Spiritum
2408 5738 2717 5799 appellavit.

1927 5822 1945 5843 ο
1967 5811 1992 5859 I
1998 5805 2304 5857 mmortales
2320 5806 2608 5868 mortales]
2632 5807 2777 5857 Hinc
2795 5800 3144 5866 Theophilus
3166 5804 3464 5851 Alexandri-

1932 5891 1950 5927 ⁸
1979 5892 2121 5942 Puto
2132 5887 2341 5939 librum
2350 5927 2361 5949 ,
2376 5886 2476 5950 qui
2487 5886 2851 5949 deIprincipiis
2865 5880 3215 5945 inscribitur,
3233 5884 3467 5933 indicari.
