3866 6206
419 350 558 406 1139

1720 346 1965 397 RUFINI
2007 345 2095 396 PA
2103 345 2401 397 LESTINI

3609 340 3735 396 1N0

418 484 547 525 esse
569 470 833 534 dixerim,
849 469 1117 520 mortales
1132 479 1268 519 vero
1280 466 1600 519 secundum
1612 482 1813 531 corpus,
1836 462 1949 535 59
1960 463 2009 533 7
2039 462 2100 532 Α
2120 478 2299 529 gnum
2317 468 2513 518 autem
2526 467 2627 519 Dei
2640 467 2973 520 mortalium
2990 479 3115 518 non
3127 471 3246 526 est,
3258 467 3352 514 sed
3364 464 3737 535 immortalium.

418 556 723 605 nunquam
740 546 925 593 tamen
947 545 1187 590 mortem
1206 541 1562 601 gustassent,
1577 549 1593 567 ·
1607 542 1855 599 siquidem
1872 553 2013 586 man-

2123 538 2271 588 sicut
2313 539 2488 589 etiam
2512 539 2793 589 Dominus
2818 544 3020 590 noster
3043 541 3076 590 J
3083 551 3231 590 esus
3262 535 3534 588 Christus
3559 532 3739 584 docuit

422 603 625 666 datum
666 613 769 664 Dei
805 624 1028 663 servare
1063 610 1397 673 voluissent,
1422 610 1572 661 sicut
1598 611 1800 661 beatus
1823 608 2020 660 Enoch
2120 605 2294 677 598
2327 609 2546 672 dicens,
2565 610 2669 668 Qui
2688 616 2869 659 autem
2895 611 3056 674 digni
3083 603 3738 677 habebuntursxculoilte

420 686 645 737 meruit.
668 684 772 735 Hic
788 694 1038 745 namque
1054 680 1455 732 licetmortalis
1472 686 1646 744 esset,
1660 686 1708 731 tn
1719 694 1849 731 men
1864 688 2022 728 trans-

421 757 575 808 latus
598 760 705 817 est,
734 760 797 804 ut
821 759 1063 805 mortem
1089 753 1317 816 penitus
1342 765 1457 804 non
1488 753 1724 804 videret.
1744 751 1905 813 Quod
1918 765 2022 801 au-

2118 686 2162 729 et
2173 682 2731 730 resurrectioncexmo
2741 683 2894 743 rtuis,
2912 696 3090 746 neque
3101 680 3349 738 nubunt,
3364 690 3544 741 neque
3554 676 3739 724 ducunt

2120 766 2334 813 uxores,
2362 767 2530 816 neque
2548 753 2695 801 enim
2712 754 2866 801 ultra
2879 754 3026 801 mori
3047 756 3335 816 poterunt,
3359 748 3593 811 aquales
3613 748 3737 795 enim

422 831 541 879 tem
572 827 841 877 mortales
870 824 1188 875 secundum
1206 837 1412 887 corpus
1430 827 1600 875 creati
1619 824 1949 874 suntAdam
1968 826 2026 872 et
2121 822 2338 884 Angelis
2369 829 2491 871 sunt
2528 824 2670 886 (Luc.
2720 822 2808 878 20.
2842 822 2970 886 35.).
3013 824 3201 874 Adam
3246 821 3437 883 igitur
3461 824 3520 869 et
3547 820 3678 877 Eva,
3700 817 3739 865 si

424 901 556 960 Eva,
586 902 647 948 ut
669 897 805 957 dixi,
839 896 1001 947 testis
1036 899 1124 946 est
1150 898 1377 959 Moyses
1394 909 1523 945 cum
1544 896 1696 957 dicit,
1713 896 1783 943 Et
1805 894 2025 959 planta-

422 970 497 1017 vit
522 969 663 1016 Deus
682 968 1009 1031 paradisum
1034 967 1091 1015 in
1120 967 1270 1015 Eden
1292 968 1364 1016 ad
1386 968 1666 1025 orientem,
1691 972 1736 1014 et
1760 965 1935 1028 posuit
1954 963 2028 1011 ibi

428 1040 704 1088 hominem
732 1053 888 1101 quem
913 1037 1222 1102 plasmauit,
1248 1044 1295 1087 et
1316 1039 1579 1103 produxit
1600 1038 1781 1087 adhuc
1803 1038 1864 1085 de
1888 1041 2030 1083 terra

426 1124 583 1158 omne
609 1110 825 1173 lignum
852 1108 1149 1173 pulchrum
1167 1110 1241 1157 ad
1264 1110 1461 1171 visum,
1491 1115 1535 1157 et
1559 1109 1760 1157 bonum
1783 1107 1857 1155 ad
1883 1106 2034 1155 eden-

427 1182 579 1243 dum,
604 1186 650 1229 et
676 1181 888 1243 lignum
912 1181 1027 1229 vitae
1055 1180 1115 1228 in
1144 1180 1321 1229 medio
1350 1179 1617 1244 paradisi,
1644 1185 1689 1226 et
1723 1179 1831 1240 lign
1846 1192 1935 1225 um
1960 1176 2034 1225 ad

424 1252 851 1314 cognoscendum
868 1251 1073 1300 bonum
1085 1258 1128 1299 et
1152 1252 1361 1300 malum
1381 1252 1525 1313 (Gen.
1541 1249 1591 1304 ‘2.
1611 1249 1644 1303 8
1667 1251 1703 1312 ).
1722 1252 2033 1312 Nunquam

426 1334 567 1374 vero
584 1324 736 1375 Deus
760 1324 981 1387 lignum
1008 1324 1145 1375 vitae
1161 1323 1219 1373 in
1236 1323 1499 1387 paradiso
1513 1324 1847 1384 plantasset,
1863 1320 1909 1369 si
1926 1320 2037 1379 qui-

429 1393 564 1445 dem
580 1395 763 1447 Adam
781 1395 1119 1445 immortalis
1134 1394 1454 1444 secundum
1468 1406 1699 1443 carnem
1709 1397 1901 1439 creatus
1914 1393 2037 1437 fuis-

436 1472 542 1518 set.
568 1469 793 1517 Rursus
812 1471 1005 1517 autem
1026 1466 1073 1516 si
1096 1466 1277 1516 Adam
1298 1469 1355 1515 et
1382 1462 1861 1515 Evaimmortales
1872 1454 2037 1509 essenl

433 1537 757 1589 secundum
780 1549 1009 1587 carnem
1036 1537 1228 1594 creati,
1250 1548 1548 1597 nunquam
1565 1534 1864 1585 audissent
1878 1544 1912 1582 a
1926 1534 2038 1583 Deo

434 1610 654 1659 Crescite
690 1613 736 1655 et
786 1607 1257 1671 multiplicamini,
1294 1612 1341 1655 et
1363 1607 1573 1670 implete
1596 1613 1795 1654 terram
1826 1602 2035 1668 (Gen.i.

440 1680 540 1740 ιϐ.)
582 1681 727 1730 Nam
765 1678 861 1741 qui
894 1678 1261 1740 manducare,
1292 1682 1347 1728 et
1372 1679 1584 1739 bibere,
1608 1680 1663 1727 et
1684 1676 1852 1739 coire,
1888 1686 2033 1725 cres-

433 1762 580 1809 cere,
611 1755 671 1800 et
688 1754 893 1800 terram
910 1749 1145 1812 implere
1151 1750 1300 1811 jussi
1316 1753 1469 1810 sunt,
1485 1749 1541 1798 hi
1558 1748 1786 1812 penitus
1804 1748 2035 1796 immor-

434 1826 576 1872 tales
599 1834 727 1872 esse
752 1833 869 1871 non
888 1824 1167 1884 poterant,
1192 1821 1342 1870 sicut
1356 1821 1526 1870 etiam
1540 1819 1823 1869 Dominus
1838 1820 2035 1867 noster

2124 894 2355 957 quidem
2374 894 2709 945 mandatum
2722 896 2817 946 Dei
2836 900 3379 955 servassent,nunq
3390 904 3527 941 nam
3541 891 3738 949 profectu

2124 967 2467 1028 gustassent
2487 971 2748 1017 mortem.
2766 966 3036 1018 Mandato
3052 972 3253 1018 autem
3273 965 3536 1014 minime
3551 964 3741 1013 servato,

2126 1048 2243 1086 non
2268 1048 2338 1084 ex
2365 1036 2785 1088 immortalibus
2823 1038 3096 1088 mortales
3121 1036 3256 1088 tacti
3284 1039 3459 1095 sunt,
3494 1030 3599 1082 sed
3622 1042 3735 1080 cum

2131 1106 2398 1158 mortales
2421 1112 2633 1171 essent,
2655 1110 2944 1172 promissa
2967 1109 3081 1160 sibi
3103 1120 3137 1158 a
3169 1110 3293 1158 Deo
3313 1102 3739 1155 immortalitate

2131 1178 2471 1240 semetipsos
2519 1180 2857 1231 alienarunt.
2891 1179 3055 1232 Unde
3084 1179 3276 1229 Adam
3308 1175 3543 1228 audivit
3574 1173 3741 1233 aDeo,

2136 1250 2297 1297 Terra
2324 1264 2392 1311 es,
2417 1254 2462 1297 et
2485 1250 2545 1298 in
2570 1256 2770 1299 terram
2788 1250 2890 1300 ibis
2914 1252 3059 1313 (Gen.
3090 1248 3145 1304 3.
3174 1249 3308 1313 13.).
3341 1248 3403 1298 id
3417 1252 3532 1309 est,
3557 1257 3740 1302 corrup-

2132 1319 2309 1371 tibilis
2332 1332 2414 1384 es,
2440 1325 2498 1371 et
2520 1321 2581 1372 in
2602 1323 2984 1386 corruptelam
3008 1322 3138 1383 ibis,
3162 1334 3303 1371 cum
3326 1332 3456 1382 3am
3485 1316 3741 1377 indignus

2134 1397 2288 1443 esset
2311 1393 2381 1443 de
2406 1392 2560 1456 ligno
2588 1393 2723 1445 vita:
2743 1394 3116 1454 manducare,
3147 1397 3207 1442 et
3234 1396 3531 1455 perpetuo
3548 1389 3738 1438 vivere.

2136 1465 2207 1515 Ut
2234 1468 2428 1531 autem
2456 1477 2655 1515 rursus
2673 1464 2861 1515 dicam
2879 1464 3037 1527 quod
3056 1464 3245 1515 Adam
3257 1468 3322 1514 et
3344 1464 3495 1519 Eva,
3516 1461 3567 1509 si
3581 1460 3640 1509 in
3653 1474 3740 1505 ser-

2134 1530 2326 1585 vando
2344 1534 2613 1586 mandato
2628 1536 2727 1586 Dei
2750 1539 3241 1599 perseverassent,
3259 1547 3387 1584 non
3413 1530 3741 1582 habuissent

2135 1604 2537 1657 discretionem
2554 1606 2935 1658 manducandi
2958 1606 3030 1657 de
3055 1606 3211 1670 ligno
3232 1605 3389 1657 vitae.
3407 1615 3602 1665 usque
3622 1604 3680 1647 ad
3695 1602 3737 1647 it

2137 1676 2236 1728 lud
2263 1676 2523 1729 videlicet
2545 1682 2794 1741 tempus,
2820 1691 2937 1741 quo
2949 1677 3264 1741 Deusipsis
3279 1677 3612 1724 revelaturus
3630 1679 3738 1720 erat:

2135 1761 2248 1811 qua
2269 1764 2279 1794 ί
2301 1762 2339 1798 x
2363 1762 2569 1799 caussa
2593 1750 2766 1799 etiam
2782 1762 2815 1799 a
2828 1749 3037 1800 ceteris
3050 1748 3226 1811 lignis
3243 1747 3443 1797 fuerat
3456 1750 3739 1804 separatum.

2138 1832 2271 1869 cum
2296 1820 2357 1869 in
2381 1819 2568 1869 medio
2593 1825 2746 1870 esset
2771 1820 3022 1882 paradisi
3047 1820 3330 1884 positum,
3359 1817 3465 1867 ubi
3504 1816 3671 1865 etiam
3684 1812 3739 1863 li-

433 1866 1913 1952 iegas'éi's‘sia’aeeea;sedisses;digestim.
1936 1903 2030 1935 εεε-
2058 1866 2112 1940 Β
2136 1866 2702 1953 satinsatin}:
2730 1866 3030 1941 gaianas
3048 1866 3486 1940 hastatam
3514 1892 3571 1936 et
3605 1884 3734 1935 mali.

435 1964 549 2013 culi
570 1964 738 2028 hujus
748 1962 959 2011 nubunt
971 1969 1017 2011 et
1041 1963 1341 2011 traduntur
1355 1962 1428 2011 ad
1440 1962 1679 2026 nuptias.
1700 1960 1782 2008 Illi
1799 1974 1917 2007 vero
1935 1957 2031 2021 qui

434 2035 589 2097 digni
621 2034 959 2083 habebuntur
979 2034 1163 2083 seculo
1186 2034 1275 2083 illo
1312 2040 1357 2082 et
1390 2032 1774 2082 resurrectione
1796 2046 1861 2079 eac
1886 2045 2035 2077 mor-

434 2107 541 2155 tuis
569 2121 740 2169 neque
777 2105 991 2163 nubent,
1027 2120 1197 2169 neque
1220 2105 1412 2153 ducent
1438 2118 1647 2153 uxores.
1675 2101 1857 2165 Neque
1889 2101 2033 2150 enim

434 2177 582 2225 ultra
604 2178 749 2227 mori
774 2182 1023 2242 poterunt
1057 2194 1067 2225 :
1091 2177 1319 2240 aequales
1339 2176 1484 2225 enim
1504 2174 1721 2238 Angelis
1743 2178 1867 2222 sunt
1890 2174 2031 2236 (Luc.

501 2320 683 2369 XXX.
711 2318 1020 2368 Probatum
1042 2322 1132 2368 est
1153 2316 1597 2377 sufﬂcienter,ut
1616 2328 1763 2375 reor,
1780 2316 2033 2363 hominem

436 2388 762 2439 secundum
794 2400 1023 2438 carnem
1058 2392 1315 2438 creatum
1338 2400 1465 2437 esse
1498 2386 1816 2449 mortalem,
1842 2390 2035 2449 aperte

433 2460 680 2510 Domino
725 2460 987 2519 docente,
1018 2459 1288 2510 mortales
1325 2472 1452 2509 esse
1492 2472 1590 2510 eos
1623 2459 1721 2522 qui
1759 2459 1913 2508 coitu
1938 2457 2035 2508 tali

435 2531 771 2595 nuptiisque
812 2532 1100 2582 limantur.
1135 2531 1296 2583 Unde
1321 2531 1515 2581 Enoch
1537 2531 1635 2592 qui
1660 2529 1872 2593 placuit
1899 2530 2033 2591 Deo,

434 2607 740 2666 postquam
765 2602 1014 2653 diversis
1039 2614 1106 2652 ex
1135 2602 1410 2652 uxoribus
1434 2603 1642 2652 liberos
1688 2600 2033 2664 procreavit,

436 2672 754 2724 translatus
777 2674 966 2736 est,‘ut
978 2677 1223 2723 mortem
1248 2673 1477 2736 penitus
1502 2685 1618 2722 non
1630 2672 1868 2733 videret,
1887 2671 2036 2721 sicut

433 2744 609 2795 etiam
657 2746 859 2794 beatus
903 2743 1115 2795 Paulus
1154 2744 1411 2795 Hebraeis
1441 2744 1698 2795 scribens
1720 2743 1874 2805 dicit,
1909 2741 2034 2790 Fide

437 2815 629 2864 Enoch
655 2814 952 2863 translatus
974 2819 1064 2877 est,
1090 2830 1157 2862 ne
1180 2815 1379 2863 videret
1402 2820 1625 2863 mortem
1650 2813 1794 2875 (Heb.
1822 2812 1902 2865 11.
1926 2810 1995 2875 5.)
2018 2828 2029 2860 :

434 2898 569 2937 nam
594 2891 729 2937 ante
756 2886 1191 2937 translationem
1232 2887 1346 2936 Deo
1379 2886 1662 2949 placuisse
1686 2884 2029 2950 perhibetur.

434 2957 524 3008 Sic
548 2956 723 3020 igitur
755 2970 1068 3021 possumus
1092 2957 1279 3007 dicere
1303 2957 1473 3008 etiam
1503 2957 1574 3008 de
1600 2958 1783 3007 Adam
1813 2961 1870 3006 et
1896 2956 2030 3015 Eva,

436 3027 590 3091 quod
617 3029 665 3078 si
692 3032 1048 3092 prmoeptum
1076 3028 1172 3079 Dei
1196 3028 1655 3091 mandatumque
1680 3029 2029 3087 servassent,

439 3099 610 3149 etiam
638 3104 769 3162 post
791 3099 1100 3150 liberorum
1126 3099 1592 3161 procreationem,
1623 3103 1853 3161 gustato
1877 3097 2033 3159 ligno

439 3170 596 3233 vitae,
625 3170 979 3222 immortales
995 3171 1120 3235 jugi
1128 3176 1210 3221 ter
1221 3171 1693 3235 permansissent,
1708 3183 1824 3221 non
1835 3174 2034 3228 egentes

2139 1962 2325 2012 fuerat
2348 1962 2744 2022 constitutum,
2771 1967 2835 2012 ut
2855 1962 3229 2013 interdictum
3256 1960 3497 2023 lignum
3524 1963 3735 2017 tangere

2140 2037 2461 2084 metuentes
2486 2034 2656 2084 etiam
2682 2046 2717 2084 a
2743 2033 2897 2083 licito
2922 2037 3195 2083 caverent
3217 2028 3734 2081 manducare.Nam

2140 2106 2248 2155 hoc
2271 2106 2440 2155 etiam
2468 2107 2619 2155 Deus
2642 2109 2835 2168 aperte
2859 2105 3078 2165 docuit,
3104 2104 3310 2154 dicens
3343 2116 3356 2152 :
3410 2101 3548 2149 Ecce
3583 2098 3733 2147 Adam

2138 2177 2313 2239 factus
2324 2183 2395 2225 est
2411 2178 2570 2240 quasi
2593 2192 2739 2225 unus
2761 2192 2828 2225 ea:
2848 2176 3004 2224 nobis
3013 2176 3086 2225 ad
3102 2174 3548 2238 cognoscendum
3564 2170 3737 2229 bonum

2139 2253 2185 2295 et
2210 2248 2435 2297 malum.
2462 2248 2527 2296 Et
2551 2263 2700 2296 nunc
2728 2262 2792 2295 ne
2812 2248 2949 2309 forte
2975 2246 3159 2295 tendat
3187 2248 3516 2301 manum,et
3542 2240 3741 2309 tollatde

2141 2318 2288 2381 ligno
2334 2320 2468 2381 vitae,
2506 2323 2551 2366 et
2596 2308 2854 2377 comedat,
2879 2323 2925 2366 et
2950 2318 3099 2365 vivat
3127 2317 3190 2364 in
3220 2323 3499 2363 aeternum
3530 2313 3651 2373 (Gen
3699 2308 3738 2373 3,

2140 2390 2357 2453 ‘22.).'In
2380 2402 2492 2453 quo
2510 2388 2657 2440 dixit
2678 2392 2855 2452 Deus,
2880 2388 3014 2437 Ecce
3034 2388 3215 2450 factus
3232 2392 3306 2435 est
3332 2399 3652 2450 cognoscens
3670 2382 3741 2430 bo-

2140 2476 2275 2509 num
2313 2467 2357 2509 et
2381 2461 2584 2509 malum
2611 2476 2627 2520 ;
2651 2465 2709 2513 et
2746 2476 2892 2509 nunc
2914 2476 2981 2508 ne
3004 2460 3144 2521 forte
3168 2459 3359 2507 tendat
3384 2470 3640 2517 manum,
3664 2467 3740 2504 os-

2142 2531 2325 2583 tendit
2342 2532 2495 2595 quod
2520 2539 2829 2593 antequam
2856 2532 3223 2594 experiretur
3250 2529 3400 2580 mali
3441 2528 3740 2584 scientiam,

2139 2616 2257 2653 non
2290 2606 2509 2666 poterat
2551 2614 2619 2653 ex
2652 2603 2963 2666 semetipso
2988 2601 3331 2665 intelligens
3366 2603 3666 2662 acceptum
3685 2595 3740 2645 de

2137 2673 2292 2737 ligno
2311 2674 2445 2725 vitae
2468 2686 2707 2724 sumere.
2728 2676 2796 2724 Et
2818 2686 2936 2725 non
2952 2673 3189 2735 mirum,
3217 2685 3360 2721 cum
3388 2671 3565 2722 etiam
3579 2668 3738 2719 Adam

2138 2744 2364 2804 dixerit,
2410 2758 2543 2795 cum
2567 2744 2637 2795 de
2664 2758 2844 2796 uxore
2872 2744 3243 2808 prophetaret
3267 2743 3383 2793 hoc
3413 2740 3610 2801 modo,
3643 2739 3739 2787 Hec

2137 2815 2412 2864 vocabitur
2434 2815 2647 2875 mulier,
2673 2816 2806 2880 quia
2821 2830 2885 2864 ea:
2909 2815 3028 2863 viro
3050 2830 3149 2864 suo
3174 2820 3367 2862 sumta
3381 2820 3477 2870 est,
3490 2818 3536 2860 et
3549 2816 3739 2875 proptr?

2140 2887 2235 2935 hoc
2257 2887 2585 2951 derelinquet
2624 2889 2783 2936 homo
2815 2891 3025 2948 patrem
3046 2892 3092 2934 et
3116 2892 3379 2943 matrem,
3403 2890 3453 2933 et
3476 2881 3738 2932 adhaeret-il

2138 2958 2321 3019 umori,
2346 2964 2393 3006 et
2422 2962 2583 3006 erunt
2607 2957 2763 3006 ambo
2788 2958 2847 3005 in
2873 2972 3041 3007 carne
3068 2972 3183 3004 una
3212 2956 3428 3020 (Gencs.
3448 2960 3499 3005 2.
3524 2952 3648 3016 25.),

2201 3029 2407 3078 XXXI.
2434 3030 2560 3079 Non
2584 3029 2771 3079 solum
2807 3028 2931 3087 hoc,
2959 3027 3064 3078 sed
3087 3028 3260 3079 etiam
3288 3040 3430 3077 curn
3456 3025 3734 3077 audissent

2136 3101 2317 3150 Deum
2353 3100 2463 3150 sibi
2497 3100 2780 3151 dicentem
2802 3099 2985 3150 Adam
3010 3103 3071 3149 et
3095 3099 3475 3158 Eva,Crescite
3496 3103 3546 3144 et
3572 3094 3734 3143 multi-

2134 3171 2437 3235 plicamini,
2465 3175 2509 3219 et
2526 3170 2734 3233 implete
2757 3177 2986 3231 terram;
3001 3175 3135 3221 ante
3150 3168 3614 3220 inobedientiam
3629 3158 3731 3225 quid

440 3239 501 3289 in
525 3244 817 3304 posterum
846 3234 1051 3304 victus,
1081 3245 1137 3292 et
1160 3241 1495 3293 incrementi
1516 3240 2031 3302 velnupliarum.Sin
2058 3234 2107 3309 ί]
2137 3234 2292 3294 esset
2307 3241 2613 3292 liberorum
2627 3241 3005 3292 creandorum
3023 3241 3338 3304 cupiditas,
3358 3240 3733 3309 penitusigne-

440 3323 576 3362 vero
601 3312 835 3375 quidam
860 3312 1145 3375 imperitia
1168 3312 1318 3376 capti
1340 3312 1398 3363 in
1421 3313 1620 3363 eadem
1647 3313 2032 3376 perseverant,

438 3381 697 3434 dicentes
720 3384 874 3447 quod
897 3384 1082 3435 Adam
1106 3388 1163 3434 et
1183 3385 1323 3442 Eva,
1342 3384 1519 3435 semel
1543 3390 1777 3447 accepta
1807 3381 2036 3434 licentia

439 3454 777 3504 comedendi
794 3456 865 3504 ab
883 3456 1039 3507 omni
1056 3455 1211 3518 ligno
1229 3456 1383 3518 quod
1394 3459 1516 3507 erat
1532 3456 1589 3506 in
1602 3456 1885 3519 paradiso,
1904 3469 2035 3515 prae-

437 3528 524 3574 ter
549 3539 729 3575 unum
751 3530 977 3576 tantum
996 3526 1150 3589 quod
1166 3540 1201 3577 a
1217 3528 1331 3578 Deo
1357 3527 1543 3579 fuerat
1558 3530 1898 3584 interdictum,
1920 3540 2033 3573 cum

437 3594 586 3644 inter
608 3596 801 3645 omnia
816 3596 987 3645 etiam
1008 3596 1079 3645 de
1090 3595 1246 3657 ligno
1258 3598 1391 3647 vitae
1403 3597 1807 3658 comedissent,
1827 3601 2037 3646 immor-

438 3664 715 3715 talitatem
740 3669 1248 3729 consequerentur,
1261 3666 1485 3717 discant
1497 3668 1649 3728 quod
1663 3680 1760 3730 qui
1778 3670 2031 3717 immorta-

438 3734 509 3784 lis
533 3734 720 3784 factus
750 3739 857 3795 est,
884 3735 1011 3784 cibo
1036 3734 1266 3797 penitus
1290 3748 1407 3785 non
1428 3741 1575 3799 eget.
1595 3738 1957 3803 Adamigitur
1978 3745 2035 3791 et

438 3806 559 3855 Eva
592 3804 879 3867 siquidem
909 3805 1259 3856 immortales
1285 3808 1621 3858 naturaliter
1653 3814 1867 3872 essent,
1887 3824 2035 3862 nun-

437 3887 613 3938 quam
638 3875 709 3926 de
737 3874 895 3939 ligno
918 3880 1272 3939 gustassent,
1307 3878 1459 3940 quod
1485 3891 1519 3929 a
1542 3880 1660 3930 Deo
1685 3880 2033 3942 prohibitum

435 3946 641 4007 fuerat,
666 3947 877 4010 quippe
901 3960 1035 3998 cum
1060 3947 1412 4000 immortales
1434 3948 1782 4002 desiderium
1795 3967 1920 4001 escae
1936 3968 2033 4000 non

434 4017 702 4081 habeant,
719 4018 869 4070 sicut
879 4018 1054 4070 etiam
1068 4020 1269 4071 beatus
1280 4022 1491 4072 Paulus
1510 4025 1752 4074 testatur
1764 4026 1854 4073 hoc
1868 4026 2035 4088 modo,

436 4092 557 4139 Non
578 4095 650 4138 est
672 4104 903 4153 regnum
926 4090 1021 4139 Dei
1043 4090 1188 4139 cibus
1211 4094 1263 4141 et
1282 4099 1440 4156 potus
1468 4093 1635 4156 (Rom.
1655 4093 1740 4148 14.
1768 4093 1895 4159 17.).
1922 4096 2035 4147 Re—

436 4243 549 4283 nus
569 4231 630 4283 in
649 4232 851 4304 Codice
875 4244 1046 4295 quem
1071 4232 1326 4285 diximus
1349 4234 1469 4290 810.
1496 4237 1659 4293 Μέσος
1689 4236 1773 4288 οὖν
1798 4239 1824 4289 ὁ
1848 4238 2035 4304 ἅνθρω-

437 4321 526 4359 πος
562 4312 655 4353 τῶν
691 4297 779 4355 δὺο
808 4298 999 4369 ἐγένετο
1032 4324 1042 4334 ·
1086 4306 1195 4356 οὔτε
1236 4309 1405 4366 Bamb:
1446 4304 1731 4374 ὁλοσχερὴς,
1764 4310 1874 4360 οὔτε
1912 4297 2035 4361 diﬁci-

436 4392 579 4432 νατος
620 4376 851 4437 καθόλου,
903 4378 1115 4434 δεκτικὸς
1157 4376 1210 4427 δὲ
1253 4379 1501 4444 ἑκατέρου.
1548 4380 1774 4439 Medius,
1822 4380 2032 4445 inquit,

406 4446 578 4506 _inter
610 4448 743 4496 duos
777 4448 935 4497 homo
959 4448 1133 4509 factus
1160 4450 1369 4513 fuerat;
1390 4464 1484 4500 nec
1514 4452 1758 4501 mortalis
1781 4453 1934 4500 omni
1966 4467 2034 4502 ea:

434 4524 606 4581 parte,
631 4535 725 4569 nec
745 4525 881 4569 totus
904 4521 1251 4583 immortalis,
1288 4522 1378 4571 sed
1411 4538 1590 4586 capax
1616 4522 1909 4586 utriusque.
1928 4525 2038 4575 Co-

2137 3315 2357 3365 rabant.
2383 3313 2532 3363 Dicit
2555 3312 2711 3363 enim
2737 3314 2985 3376 Moyses,
3010 3312 3189 3360 Erant
3209 3319 3399 3361 autem
3424 3306 3730 3367 ambouudi,

2139 3388 2254 3435 tum
2308 3384 2508 3447 Adam,
2541 3396 2716 3446 quam
2765 3396 2911 3434 uxor
2958 3385 3109 3447 ejus,
3146 3389 3193 3432 et
3238 3398 3357 3432 non
3382 3379 3733 3431 erubescebant

2139 3456 2284 3519 (Gen.
2323 3453 2373 3509 ‘2.
2421 3454 2547 3519 ‘25.).
2591 3456 2715 3505 Non
2760 3456 2988 3518 Moyses
3024 3456 3134 3506 hoc
3156 3455 3332 3514 dixit,
3367 3454 3545 3517 quasi
3566 3451 3641 3502 illi
3662 3450 3737 3500 in-

2136 3527 2509 3578 continentiae
2541 3526 2798 3577 caecitate
2831 3526 3074 3590 decepti,
3099 3525 3393 3590 pudorem
3418 3524 3735 3588 spernerent

2137 3598 2416 3648 nuditatis
2444 3615 2454 3646 :
2483 3597 2585 3649 sed
2614 3597 2868 3649 ostendit
2890 3610 2991 3649 eos
3019 3602 3305 3660 tanquam
3334 3596 3592 3647 infantes
3614 3604 3733 3643 nec—

2138 3669 2212 3719 du
2222 3683 2275 3719 m
2289 3669 2658 3733 cupiditatem
2676 3669 2922 3720 coeundi
2936 3670 3168 3722 habere.
3188 3669 3361 3720 Unde
3372 3674 3515 3733 post
3523 3666 3733 3727 praevari-

2138 3742 2419 3793 cationem
2445 3741 2954 3806 nuditateiperspec
2964 3747 3040 3805 ta,
3062 3754 3181 3793 non
3198 3742 3385 3792 totius
3409 3741 3542 3791 dico
3566 3748 3735 3800 corpo-

2139 3814 2236 3875 ris,
2285 3813 2387 3863 sed
2435 3812 2592 3863 illius
2626 3814 2820 3876 partis,
2857 3824 3032 3875 quam
3062 3814 3242 3865 etiam
3267 3813 3458 3863 Cham
3484 3814 3602 3863 Noe
3622 3808 3732 3859 dor-

2140 3884 2352 3935 miente
2366 3883 2606 3947 viderat,
2622 3888 2759 3935 tunc
2775 3883 3009 3934 demum
3030 3883 3425 3935 creandorum
3443 3884 3731 3933 liberorum

2139 3955 2509 4019 cupiditatem
2531 3954 2739 4019 adepti,
2758 3959 2815 4006 et
2831 3954 3225 4018 intelligentes
3235 3955 3574 4006 nuditatem
3590 3962 3729 4005 suam

2138 4026 2379 4077 ﬁcorum
2404 4026 2550 4077 foliis
2575 4026 2827 4078 verenda
2851 4032 3143 4078 texerunt.

2200 4098 2435 4149 XXXII.
2461 4097 2482 4126 ³
2503 4099 2656 4150 Deus
2680 4098 2855 4162 igitur
2885 4097 3208 4149 consulens
3230 4097 3600 4160 hominibus,
3616 4106 3727 4146 cum

2135 4239 2549 4322 foret,hliberum
2591 4241 2858 4306 siquidem
2889 4246 2937 4291 et
2979 4241 3070 4291 sui
3096 4241 3251 4306 juris
3297 4242 3584 4292 hominem
3613 4240 3730 4290 Deus

2136 4316 2650 4432 crfagi‘mandatum
2692 4383 2789 4432 Dei
2822 4398 3032 4433 servare
3055 4383 3347 4448 voluisset.]
3393 4387 3473 4435 At
3497 4383 3730 4446 Pelagius

2138 4452 2323 4503 Adam
2347 4452 2591 4515 dicebat,
2624 4454 2747 4506 sive
2782 4458 3101 4519 peccasset,
3135 4456 3263 4507 sive
3286 4468 3414 4507 non
3442 4458 3729 4520 peccasset,

2138 4525 2481 4576 moriturum
2520 4524 2718 4577 fuisse.
2744 4528 2871 4577 Non
2893 4527 3083 4590 potuit
3116 4527 3317 4591 igitur,
3349 4529 3511 4592 quod
3534 4524 3729 4593 praefati

435 4589 818 4681 piﬁqsegautem
834 4591 1839 4681 et:t‘3legarnterjeadem‘edisserperat
1859 4595 2033 4681 Theo-
2056 4605 2116 4681 D
2144 4608 2368 4681 sumus,
2416 4596 2570 4647 Libri
2604 4597 2780 4661 hujus
2792 4589 3015 4681 “auctor
3037 4589 3258 4663 haberi,
3284 4589 3451 4663 quod
3482 4589 3729 4663 suspicati

436 4660 628 4724 philus
675 4661 837 4725 alter,
884 4662 1027 4714 libro
1064 4664 1133 4716 II.
1167 4663 1239 4714 ad
1274 4663 1641 4729 Autolycum,
1676 4665 1767 4716 his
1796 4666 1989 4717 verbis
2016 4674 2061 4715 :'

436 4732 563 4783 Οὔτε
600 4732 740 4803 φήσει
776 4735 945 4803 θνητος
984 4728 1192 4803 ἐγένετο,
1234 4736 1345 4786 οὔτε
1381 4728 1671 4792 ἀθάνατος·
1711 4732 1749 4787 εἶ
1788 4738 1879 4803 γὰρ
1911 4734 2033 4788 ἀθά-

434 4820 581 4852 νατον
607 4799 754 4871 αὐτὸν
787 4801 870 4855 ἄπ’
902 4801 1056 4871 ἀρχῆς
1086 4801 1381 4869 ἐπεποιήκει,
1412 4807 1517 4858 Θεόν
1554 4803 1701 4858 αὐτὸν
1729 4799 2030 4870 ἐπεποίηκειο

433 4874 583 4924 πάλιν
610 4868 649 4922 εἰ
677 4876 850 4933 θνητὸν
890 4868 1037 4927 abibit
1070 4876 1361 4939 επεποιήκει,
1394 4872 1550 4928 ἐδόκει
1584 4876 1641 4929 ἂν
1673 4879 1699 4929 ὁ
1738 4881 1857 4936 Θεὸς
1889 4868 2033 4935 animo:

436 4942 557 4994 εἶναι
622 4949 702 4992 τοῦ
764 4945 974 4995 Θανάτου
1035 4944 1198 4999 αὐτοῦ.
1257 4949 1385 5000 Οὔτε
1446 4946 1530 4999 οὖν
1578 4945 1819 5000 ἀθάνατον
1883 4946 2030 5001 αὐτὸν

437 5009 686 5086 inatque»,
733 5014 844 5063 οὔτε
899 5018 1090 5086 θνητὸν,
1144 5014 1269 5069 ἀλλὰ
1326 5021 1542 5070 δεκτικὸν
1605 5016 1908 5086 ἀμφοτέρων,
1955 5020 2032 5073 ἵνα

434 5082 562 5157 ῥέψῃ
602 5079 683 5134 ἐπὶ
719 5086 780 5134 τὰ
820 5089 903 5147 τῆς
932 5081 1220 5148 ἀθανασίας,
1252 5092 1336 5157 καὶ
1366 5089 1580 5155 τηρήσας
1727 5079 1924 5153 ἐνέολὴν
1952 5099 2033 5142 τοῦ

434 5156 579 5220 Θεοῦ,
626 5158 794 5225 μισθὸν
834 5156 1099 5220 κομίσηται
1125 5164 1237 5223 παρ’
1276 5156 1425 5210 αὐτοῦ
1455 5157 1541 5223 τὴν
1574 5157 1866 5225 ἀθανασίαν,
1904 5160 1942 5213 εἰ
1979 5164 2034 5215 δὲ

434 5226 493 5277 ἂν
519 5233 679 5304 τραπῇ
716 5222 797 5304 in}
825 5230 886 5277 τὰ
925 5234 1008 5278 τοῦ
1045 5222 1276 5290 θανάτου,
1316 5226 1458 5304 wife;
1496 5233 1669 5281 ἑαυτοῦ
1716 5222 1915 5304 αἱίτιοςῇ
1950 5243 2032 5286 τοῦ

432 5294 667 5350 Θανάτον’
698 5318 708 5328 ·
766 5294 1008 5365 ἐλεύθερον
1064 5301 1155 5365 γὰρ
1205 5301 1292 5350 καὶ
1341 5296 1644 5357 αὐτεξούσιον
1712 5294 1940 5365 ἑποίησὲν
2003 5309 2031 5357 ὸ

431 5370 534 5425 θεὸς
556 5371 637 5419 τὸν
664 5370 935 5437 ἄνθρωπον.
966 5369 1073 5421 Nec
1111 5375 1317 5420 natura
1345 5373 1590 5421 mortalis
1607 5374 1783 5434 factus
1814 5381 1902 5435 est,
1939 5393 2032 5426 nec

433 5438 776 5491 immortalis.
834 5442 1209 5492 Immortalem
1265 5444 1461 5507 quippe
1503 5443 1551 5494 si
1591 5446 1814 5507 fecisset,
1863 5447 2032 5496 Deum

429 5508 587 5580 illum
606 5511 803 5572 fecisset
829 5532 842 5564 :
874 5515 922 5562 si
942 5515 1223 5564 mortalem
1246 5529 1439 5563 rursus
1462 5516 1618 5565 illum
1640 5517 1856 5580 fecisset,
1884 5534 2031 5567 mor-

428 5579 497 5628 tis
543 5595 658 5643 eJus
694 5588 882 5632 auctor
925 5589 973 5634 et
1010 5601 1202 5634 caussa
1228 5586 1508 5648 videretur,
1537 5579 1645 5637 Nec
1672 5588 2031 5637 immortalem

429 5650 601 5713 igitur
606 5651 768 5723 illum
777 5654 919 5716 fecit,
931 5670 1024 5704 nec
1040 5657 1340 5719 mortalem,
1361 5658 1450 5707 sed
1463 5658 1746 5707 amborum
1763 5675 2028 5723 capacem:

428 5724 488 5766 ut
544 5721 616 5767 ad
647 5722 1143 5792 _immortalitatem
1194 5734 1441 5791 vergeret,
1494 5735 1657 5792 utque
1706 5721 2030 5780 mandatum

427 5790 710 5868 efﬂanda,
738 5794 1041 5868 _mercedem
1082 5796 1147 5845 ab
1181 5812 1237 5845 eo
1267 5798 1522 5861 acciperet
1550 5790 2028 5853 immortalitatem.

432 5856 588 5914 Quod
609 5857 657 5906 si
677 5859 752 5908 ad
759 5867 987 5913 mortem
1008 5856 1413 5929 converteretur,
1428 5869 1633 5920 sibimet
1643 5874 2028 5923 mortisauctor

2142 4672 2279 4719 sunt
2298 4666 2360 4718 in
2382 4680 2629 4719 censura
2662 4681 2767 4719 sua
2788 4667 3182 4721 Corbeienses.

2195 4737 2215 4766 ι’
2240 4739 2380 4787 Deus
2402 4740 2682 4788 consulens
2714 4738 3067 4802 hominibus.]
3103 4742 3188 4791 De
3214 4741 3372 4792 bono
3397 4744 3603 4793 mortis
3624 4745 3731 4790 extat

2138 4808 2280 4859 liber
2314 4810 2504 4860 Sancti
2523 4810 2935 4873 Ambrosii,qui
2954 4815 3011 4861 et
3033 4811 3094 4861 in
3111 4810 3241 4862 aliis
3256 4813 3485 4877 passim
3506 4816 3731 4874 plurimus

2132 4884 2223 4931 est
2246 4879 2306 4930 in
2330 4881 2441 4932 hoc
2475 4886 2835 4944 argumento.
2864 4880 3210 4933 Remedium
3236 4882 3394 4935 hanc
3412 4885 3614 4948 videri,
3634 4896 3730 4935 non

2132 4962 2383 5014 pcenam,
2429 4952 2684 5004 ostendit
2722 4951 2813 5003 lib.
2855 4950 2907 5006 2.
2950 4951 3020 5004 de
3064 4954 3214 5004 Abel
3247 4958 3311 5006 et
3340 4956 3483 5007 Cain
3517 4969 3636 5021 cap.
3660 4954 3727 5008 10.

2132 5021 2280 5071 Nam
2314 5021 2360 5069 si
2385 5021 2711 5085 innocentes,
2741 5023 2947 5087 inquit,
2973 5024 3302 5074 moriuntur
3330 5027 3435 5091 qui
3459 5028 3684 5091 gradum
3702 5040 3729 5072 α

2130 5092 2355 5156 peccatis
2376 5107 2623 5142 revocare
2647 5093 2955 5157 noluerunt,
2982 5096 3062 5143 vel
3080 5094 3247 5144 inviti
3257 5102 3446 5146 tamen
3464 5100 3626 5160 ﬁnem
3640 5111 3727 5145 non

2130 5171 2361 5225 naturae,
2392 5164 2483 5212 sed
2506 5164 2672 5229 culpae
2698 5165 3102 5229 adipiscuntur,
3122 5182 3192 5215 ne
3212 5168 3387 5232 plura
3412 5170 3726 5233 delinquant,

2132 5234 2324 5298 quibus
2348 5236 2457 5284 vita
2485 5236 2666 5299 [tenus
2688 5244 2760 5284 est
2784 5235 3117 5288 delictorum.
3174 5237 3236 5287 Si
3259 5244 3452 5288 autem
3476 5241 3620 5291 bona:
3637 5240 3727 5304 spei

2131 5311 2393 5369 compotes
2421 5311 2565 5368 sunt,
2592 5307 2833 5370 migrare
2854 5308 3033 5370 magis
3055 5323 3231 5370 quam
3254 5310 3483 5373 deﬁcere
3509 5310 3727 5361 credendi

2130 5380 2273 5424 sunt.
2298 5378 2369 5449 Et
2393 5376 2462 5428 de
2484 5377 2641 5429 Bono
2657 5378 2858 5429 mortis
2882 5390 3006 5442 cap.
3035 5378 3097 5432 7:
3125 5381 3376 5431 Gravius
3399 5385 3566 5434 estad
3580 5398 3726 5449 pecea-

2132 5451 2247 5519 tum
2277 5446 2468 5519 viuere,
2488 5462 2655 5511 quam
2680 5449 2740 5497 in
2752 5454 2963 5513 peccato
2982 5450 3151 5510 mori,
3170 5453 3313 5519 quia
3338 5454 3550 5519 impius
3565 5446 3719 5519 quam-

2131 5518 2229 5565 diu
2257 5518 2404 5579 vivit,
2430 5526 2705 5583 peccatum
2729 5525 2882 5584 auget
2905 5522 3224 5570 :moriatur
3244 5518 3536 5587 peccatum
3550 5518 3718 5575 deserit.

2131 5588 2380 5654 Plerique
2433 5590 2733 5640 criminum
2785 5606 3013 5639 suorum
3082 5592 3432 5646 absolutione
3481 5598 3714 5647 (etaritur.

2133 5660 2495 5713 Emendaturi
2516 5667 2661 5723 sunt,
2690 5667 2825 5711 recte
2846 5662 2921 5711 :si
2943 5670 3252 5725 perseverat
3262 5668 3356 5716 uri
3382 5669 3447 5717 in
3471 5671 3563 5727 eis,
3585 5666 3717 5723 stulte,

2132 5732 2265 5803 quia
2281 5733 2433 5797 longe
2465 5734 2573 5783 illis
2590 5734 2714 5799 plus
2741 5733 3025 5783 damnatio
3048 5735 3375 5803 profuisset,
3392 5756 3464 5790 ne
3476 5742 3720 5792 inerm-

2132 5806 2189 5852 ta
2210 5802 2445 5864 facerent
2465 5811 2820 5870 peccatorum.
