3866 6206
58 386 88 440 1
100 385 129 440 1
139 385 177 440 4
192 384 217 439 1
1469 380 1680 431 LIBER

1842 378 2025 430 FIDE.
3261 377 3402 434 “42

58 506 259 558 sciret
276 516 381 556 eos
407 504 482 556 ad
504 502 781 555 malitiam
805 513 1035 567 pronos,
1062 506 1118 554 et
1341 500 1702 566 voluptatum
1730 493 1781 563 A
1806 500 1909 548 riis
1935 503 2102 570 terrae,
2129 498 2226 563 qui
2249 498 2627 561 gloriabantur
2646 501 2707 550 in
2730 500 2948 565 gladiis,
2962 504 3058 550 aut
3070 514 3193 549 cum
3203 499 3408 564 princi-

54 592 131 629 ac
159 576 598 628 desideriorum
625 564 1415 637 camisamatoresﬁst'venet
1429 564 1500 623 ad
1519 576 1696 621 bones-
1807 571 1984 635 pibus,
2009 564 2200 634 quibus
2222 571 2455 619 multum
2476 572 2580 633 fuit
2600 564 2803 621 aurum
2831 572 2962 634 (Job.
2991 570 3042 625 3.
3079 568 3146 625 1‘2
3170 572 3205 634 ).
3234 573 3404 622 Porro

56 656 193 701 tam
217 648 425 712 potius
438 660 702 698 revocare
720 646 1008 706 virtutem,
1032 655 1049 675 ·
1069 646 1402 707 sinitusque
1419 647 1481 693 ad
1501 650 1698 704 tempus
1797 643 1998 694 Esaias
2032 642 2331 705 Propheta,
2364 655 2495 691 cum
2512 645 2716 703 jussus
2740 657 2774 695 a
2796 643 3042 695 Domino
3083 655 3272 704 regem
3297 645 3405 693 Ba-

57 702 323 783 aiiquod
343 718 721 771 dominationi
744 718 943 768 mortis
956 702 1160 768 addici.
1182 702 1400 780 Quippe
1411 728 1543 767 cum
1564 702 1697 763 nihil
1796 714 2022 778 bylonis
2048 702 2336 765 mortuum
2362 702 2787 775 lamentaretur,
2808 702 3179 766 communem
3192 715 3405 765 hancct

54 791 239 843 aliud
267 796 477 843 nosset
502 796 617 843 tam
632 790 1069 841 facilehomines
1086 800 1342 839 coercere
1361 801 1696 851 possequam
1801 786 2173 851 temporalem
2212 790 2458 836 mortem
2496 797 2764 835 somnum
2798 786 3138 849 nominavit,
3179 786 3397 847 dicens,

57 869 361 927 mortem,
385 864 587 915 mortis
611 863 763 914 enim
789 865 950 912 metu
975 862 1314 924 plerumque
1332 859 1538 910 multia
1558 860 1698 906 mali-
1802 858 1990 907 Omnis
2020 864 2163 906 terra
2186 858 2387 907 clamat
2410 872 2535 905 cum
2561 857 2759 915 laetitia,
2779 864 2823 904 et
2850 859 2997 919 tigna
3026 858 3399 920 Libanisupra

63 937 156 986 tia
184 926 1700 999 penitusabstinerenoscuntur.Undemundanaeleges
1798 936 1843 978 te
1885 930 2161 993 gratulata
2194 934 2337 987 sunt,
2374 933 2419 976 et
2451 927 2593 976 cedri
2618 926 2831 999 Libani
2866 930 3055 989 dicent,
3099 930 3188 978 Ex
3211 944 3318 993 quo
3344 934 3401 977 tu

62 998 201 1058 non
234 1007 408 1058 aliter
432 1010 676 1070 possunt
695 1006 962 1069 pleraque
986 1004 1287 1054 hominum
1304 1003 1446 1053 vitia
1460 1016 1696 1062 resecare,
1799 1000 2066 1059 dormisti,
2113 1015 2225 1049 non
2260 999 2497 1047 ascendit
2531 998 2625 1061 qui
2659 998 2898 1045 succidat
2922 1015 3032 1049 nos.
3056 1001 3313 1062 Infernus
3336 999 3401 1048 ab

61 1080 195 1129 nisi
248 1069 717 1130 interminatione
760 1077 961 1128 mortis
998 1080 1055 1125 et
1081 1086 1287 1138 pmnaa.
1305 1075 1519 1125 Omnes
1544 1072 1698 1123 enim
1799 1073 1925 1119 imis
1948 1072 2321 1119 amaritudine
2344 1074 2613 1131 raptusest
2636 1083 2918 1117 occurrens
2938 1070 3031 1117 tibi
3056 1069 3284 1133 (Esa.14
3309 1070 3399 1132 7.).

58 1151 345 1214 hujusce
364 1152 495 1201 vilic
513 1146 1698 1209 communisamoredetenti,caventpecca-
1801 1143 2013 1193 Pariter
2046 1144 2217 1193 etiam
2265 1141 2461 1192 Daniel
2494 1139 2773 1214 Prophet‘t
2800 1138 2957 1195 dicit,
2996 1140 3062 1187 Et
3095 1141 3252 1189 multi
3276 1142 3404 1190 dor-

62 1211 279 1274 torum
304 1228 584 1287 praestare
608 1232 866 1279 caussas,
894 1232 966 1270 ne
990 1231 1181 1270 carere
1207 1229 1274 1269 ea
1296 1217 1698 1279 delinquentes
1800 1214 2088 1262 mientium
2112 1214 2171 1261 in
2199 1220 2343 1261 terra
2373 1228 2398 1260 e
2416 1212 2626 1275 pulvere
2647 1211 2988 1273 surgent,isti
3002 1211 3061 1258 in
3078 1212 3244 1259 vitam
3264 1217 3401 1260 aeter-

62 1282 324 1359 propria
343 1293 642 1346 voluntate
666 1293 992 1344 credantur.
1021 1292 1145 1341 Non
1168 1289 1345 1349 igitur
1368 1288 1700 1339 hominibus
1800 1300 1933 1359 nam
1958 1285 2215 1359 etistiAad
2230 1283 2582 1346 opprobrium
2608 1289 2652 1331 ct
2675 1283 2748 1331 ad
2764 1282 3133 1345 confusionem
3149 1288 3400 1331 aeternam

63 1352 341 1417 mortem
366 1366 558 1417 datam
584 1378 683 1429 pro
703 1365 987 1415 malorum
1020 1363 1144 1413 vice
1174 1361 1436 1421 dicimus,
1452 1360 1701 1411 sicutra-
1803 1356 1961 1419 (Dan.
1990 1354 2074 1409 19.
2112 1355 2203 1419 “2.).
2237 1355 2394 1429 Idem
2430 1359 2625 1405 autem
2647 1355 2820 1405 etiam
2852 1355 3056 1404 beatus
3072 1353 3279 1403 Paulus
3304 1352 3406 1403 do-

66 1424 700 1499 tiocinanturindocti,
733 1436 833 1487 sed
858 1435 931 1485 ad
953 1435 974 1463 ¹³
996 1433 1301 1485 delendam
1339 1431 1541 1483 mortis
1572 1443 1701 1493 pra-
1801 1435 1893 1480 cet
1922 1442 2055 1479 cum
2079 1429 2233 1489 dicit,
2263 1427 2532 1476 Nolumus
2558 1432 2741 1474 autem
2791 1427 3048 1489 ignorare
3082 1440 3189 1483 vos,
3213 1424 3411 1485 fratres

62 1510 356 1562 vitatem.
394 1511 537 1560 Nam
580 1511 628 1559 si
672 1496 874 1558 victuri
899 1511 1170 1570 perpetuo
1194 1504 1460 1555 homines
1483 1507 1698 1565 essent,
1801 1501 1863 1549 de
1893 1498 2304 1559 dormientibus,
2339 1504 2395 1545 ut
2428 1513 2540 1545 non
2563 1497 2984 1545 constrislemini
3006 1496 3142 1545 sicut
3165 1500 3211 1543 ct
3234 1497 3407 1544 caeteri

62 1593 403 1644 nunquam
425 1580 676 1643 profecto
700 1591 897 1630 eorum
927 1577 1147 1627 malitia
1169 1575 1442 1625 finiretur.
1472 1577 1699 1626 Rursus

68 1653 270 1706 etiam
298 1665 401 1703 cur
423 1665 520 1715 pro
537 1651 817 1701 malorum
834 1646 1229 1700 vicissitudine
1242 1650 1488 1697 mortem
1505 1646 1700 1695 datam

1802 1573 1897 1635 qui
1933 1586 2078 1632 spem
2122 1586 2234 1619 non
2270 1569 2482 1619 habent.
2512 1568 2572 1617 Si
2602 1569 2749 1615 enim
2782 1568 3050 1616 credimus
3074 1567 3220 1630 quod
3251 1567 3404 1616 Jesus

1800 1648 2046 1692 mortuus
2068 1648 2155 1701 est,
2181 1648 2225 1690 et
2245 1640 2559 1698 resurrexit,
2584 1640 2662 1687 ita
2686 1644 2729 1687 et
2748 1640 2887 1687 Deus
2913 1652 2996 1686 eos
3034 1638 3131 1700 qui
3174 1637 3406 1686 dormie-

71 1737 220 1775 esse
250 1724 505 1786 credam,
531 1736 663 1773 cum
688 1723 736 1772 si
762 1723 894 1785 quis
925 1723 1159 1771 centum
1182 1718 1446 1769 homines
1472 1717 1586 1769 fere
1605 1717 1694 1767 vel

72 1796 349 1860 amplius
374 1794 661 1851 occiderit,
696 1795 778 1843 tot
806 1792 1051 1843 ettantis
1076 1789 1400 1841 homicidiis
1428 1801 1501 1840 ex
1535 1799 1694 1839 exae-

76 1880 277 1933 quare
300 1866 520 1919 nuilam
546 1865 734 1917 valeat
758 1863 1078 1915 ultionem?

150 1967 425 2017 XXXIII.
440 1966 567 2017 Non
583 1963 755 2029 igitur
772 1961 1040 2025 malignis
1058 1964 1149 2011 tan
1160 1964 1281 2009 tum
1293 1957 1625 2009 hominibus
1641 1958 1704 2006 ad

80 2037 402 2089 delendam
423 2049 620 2087 eorum
643 2034 997 2095 pravitatem,
1016 2033 1167 2082 bona
1182 2042 1339 2080 mors
1351 2040 1481 2080 esse
1497 2030 1701 2090 dicitur,

84 2108 197 2161 sed
227 2109 403 2159 etiam
422 2107 599 2171 justis
621 2104 798 2156 utilis.
815 2104 971 2156 Sicut
987 2103 1139 2154 enim
1159 2101 1347 2152 malus
1365 2112 1600 2165 peccare
1616 2100 1705 2150 de-

80 2182 237 2232 sinit
259 2181 369 2231 hac
393 2180 517 2231 luce
544 2179 824 2242 privatus,
847 2175 928 2226 sic
941 2175 1316 2236 etiamjustus
1329 2172 1619 2223 dormiens
1631 2187 1704 2219 as-

79 2253 280 2304 siduis
306 2261 325 2281 ο
342 2249 895 2315 impugnationibus,
927 2245 1354 2302 afﬂictionibus,
1377 2248 1436 2294 et
1459 2243 1701 2315 miseriis

78 2323 273 2375 animi
319 2314 606 2373 liberatur.
647 2320 841 2372 Soluto
865 2318 1020 2368 enim
1051 2315 1274 2381 proprio
1301 2327 1534 2378 corpore
1556 2314 1699 2377 justi

75 2396 290 2446 anima
314 2394 464 2445 ultra
502 2391 675 2443 nullis
699 2394 900 2455 postea
926 2392 1219 2455 premetur
1251 2386 1557 2450 angustiis,
1581 2398 1699 2436 non

75 2466 336 2518 miseriis
361 2464 540 2516 animi
560 2462 894 2524 subiacebit,
920 2473 1037 2510 non
1061 2458 1441 2509 necessitates
1456 2456 1695 2514 videbit,

78 2552 208 2590 non
233 2537 662 2602 persecutiones
689 2532 1014 2593 sustinebit,
1032 2544 1148 2602 non
1164 2530 1314 2580 ultra
1336 2528 1698 2602 insurgentia

78 2610 199 2661 sibi
234 2599 426 2660 carnis
451 2608 595 2659 vitia
620 2606 888 2671 patietur,
913 2616 1030 2654 non
1053 2601 1204 2653 ultra
1232 2600 1462 2664 urgebit
1485 2600 1545 2650 in
1574 2599 1697 2650 dies

80 2681 355 2744 singulos
366 2692 572 2733 aumen
596 2677 1038 2741 suggestionum
1056 2672 1357 2734 malarum,
1377 2683 1487 2744 non
1500 2671 1572 2721 ad
1589 2673 1696 2720 luc-

81 2742 211 2804 tam
234 2751 562 2802 nudabitur.
579 2748 731 2801 Nihil
750 2759 946 2799 secum
972 2745 1203 2797 trahens
1220 2742 1584 2795 saecularium
1596 2744 1694 2790 sol-

76 2823 471 2884 licitudinum,
484 2834 600 2872 non
617 2820 804 2872 carnis
822 2821 1145 2869 maceratur
1158 2814 1509 2866 abstinentia
1519 2828 1694 2861 caussa

83 2894 494 2953 certaminum,
518 2906 636 2943 non
660 2890 809 2942 ultra
836 2892 1032 2950 certat,
1065 2900 1181 2937 non
1205 2898 1379 2936 cursu
1400 2884 1695 2936 contendit

85 2971 195 3018 aut
218 2972 425 3028 caestu,
463 2977 576 3015 non
611 2965 725 3025 iam
760 2963 1011 3013 luctatur
1036 2972 1166 3009 cum
1192 2957 1603 3021 principatibus
1627 2969 1693 3028 ac

86 3027 500 3103 potestatibus,
521 3035 931 3100 spiritibusque
950 3030 1243 3103 nequitiae,
1262 3028 1362 3080 sed
1376 3028 1624 3103 stadium
1643 3027 1693 3103 ei

97 3098 357 3161 solutum
387 3098 495 3171 est,
521 3098 812 3159 certamen
824 3104 941 3155 dest
953 3103 1058 3160 itit,
1077 3106 1132 3153 et
1154 3100 1358 3164 adepta
1374 3099 1603 3150 victoria
1618 3098 1690 3150 ad

88 3180 523 3245 percipiendam
547 3189 818 3229 coronam
838 3173 1077 3240 justitim
1111 3172 1373 3236 protinus
1412 3173 1689 3245 properat,

93 3242 323 3304 beatam
348 3252 405 3302 in
425 3250 581 3301 caelis
607 3254 665 3300 et
684 3248 705 3277 δ
731 3250 1002 3298 aeternam
1025 3249 1239 3295 metam
1265 3242 1557 3305 consequi,
1577 3257 1692 3290 cum

93 3323 373 3387 receperit
396 3320 775 3372 immortalem
792 3329 1022 3369 carnem
1036 3327 1219 3387 suam.
1234 3327 1251 3348 ο
1262 3314 1420 3364 Idem
1432 3317 1624 3387 autem
1644 3316 1702 3387 et

94 3383 299 3445 beatus
328 3392 538 3443 Paulus
572 3391 704 3442 talia
727 3389 873 3440 bella
899 3386 1235 3452 perpiciens,
1265 3397 1395 3446 quae
1420 3383 1705 3434 abinvisi—

99 3465 310 3516 bilibus
322 3463 569 3514 inimicis
578 3464 693 3526 just
706 3461 755 3511 is
774 3458 1101 3510 hominibus
1116 3455 1467 3526 indicuntur,
1479 3461 1704 3503 metuens

100 3549 168 3586 ne
193 3534 560 3598 quorundam
582 3524 728 3584 forte
748 3529 1110 3594 prudentiam
1135 3531 1236 3577 aut
1250 3524 1465 3576 malitia
1479 3540 1706 3573 commu-

104 3610 265 3669 taret,
292 3610 394 3656 aut
414 3604 580 3655 dolus
609 3614 808 3654 sanam
833 3600 1053 3651 falleret
1075 3601 1344 3657 mentem,
1368 3599 1706 3669 'provocandtn

100 3678 328 3729 virtutis
352 3677 550 3739 gratia,
577 3674 855 3726 suadebat
878 3676 942 3722 ut
960 3682 1161 3721 omnes
1182 3669 1331 3720 hanc
1360 3668 1539 3719 vitam
1553 3681 1705 3732 sper-

100 3752 307 3801 nerent
334 3745 725 3811 temporalem,
751 3744 952 3808 utique
977 3743 1059 3793 sic
1082 3741 1299 3799 dicens,
1317 3740 1584 3788 Audentes
1599 3740 1707 3803 igi—

101 3826 116 3869 ι
124 3836 194 3869 ur
220 3834 446 3882 semper,
460 3825 505 3868 ct
520 3818 754 3880 scientes,
781 3816 1049 3880 quoniam
1061 3813 1193 3862 dum
1213 3827 1401 3860 sumus
1413 3811 1473 3860 in
1490 3824 1707 3874 carpare

94 3881 523 3957 peregrinantur
546 3906 580 3937 α
606 3889 835 3937 Domino
853 3884 901 3951 (‘2
923 3885 1043 3936 Cor.
1151 3883 1243 3946 6.).
1270 3883 1435 3935 Unde
1463 3881 1709 3946 peregri-

102 3956 229 4015 nari
251 3962 449 4013 volens
475 3974 508 4012 a
535 3972 787 4023 corpore,
814 3963 871 4009 et
894 3958 1062 4007 tinem
1088 3956 1380 4020 imponere
1396 3966 1707 4018 properans

103 4033 403 4085 certamini
427 4044 551 4091 suo,
577 4035 634 4082 et
649 4031 709 4081 in
727 4027 1165 4091 praesentiarum
1181 4039 1306 4077 esse
1324 4024 1561 4087 cupiens
1573 4025 1707 4083 apud

102 4109 310 4168 Deum,
338 4102 681 4154 vociferatur
705 4101 904 4152 dicens
930 4115 942 4149 :
993 4099 1103 4161 Ego
1124 4097 1271 4144 enim
1286 4095 1407 4168 jam
1434 4094 1649 4154 detibor,
1664 4098 1709 4143 et

105 4165 314 4239 tempus
346 4174 687 4223 resolutionis
710 4188 837 4221 meae
866 4172 1047 4219 instat.
1079 4168 1359 4218 Certamen
1383 4165 1583 4213 bonum
1604 4181 1711 4213 cer-

105 4236 236 4304 tari,
264 4262 481 4297 cursum
498 4243 889 4302 consummavi,
904 4241 1066 4303 ﬁdem
1087 4239 1311 4298 servavi,
1339 4238 1400 4286 in
1414 4236 1621 4300 reliquo
1638 4252 1714 4285 re-

106 4321 283 4386 posita
308 4326 377 4368 est
402 4318 544 4367 mihi
560 4316 784 4381 justitiae
808 4328 1028 4371 corona,
1053 4325 1216 4375 quam
1252 4310 1427 4358 reddet
1450 4308 1593 4357 mihi
1618 4308 1715 4357 Do-

108 4380 296 4442 minus
322 4392 376 4439 in
406 4390 502 4439 illa
522 4380 606 4438 die
624 4388 802 4448 justus
824 4386 1016 4450 judcx,
1049 4398 1159 4432 non
1184 4383 1357 4431 solum
1381 4380 1712 4429 autemmihi

105 4465 198 4515 sed
237 4468 282 4511 et
320 4461 568 4512 omnibus
796 4458 892 4522 qui
915 4455 1155 4528 diligunt
1179 4454 1469 4528 adventum
1502 4452 1615 4528 ejus
1638 4450 1712 4513 ('2,

114 4537 256 4585 Tim.
278 4533 325 4587 4.
352 4532 441 4594 6.).
464 4525 815 4584 Solet'etiam
842 4530 1045 4580 beatus
1063 4526 1169 4577 Job
1184 4525 1464 4576 malorum
1480 4525 1710 4571 omnium

111 4605 457 4659 solutionem
470 4607 711 4655 mortem
727 4601 943 4664 saepius
960 4597 1259 4663 appellare,
1279 4612 1393 4644 cum
1407 4595 1713 4655 dicit,‘Mors

110 4693 233 4728 vero
258 4676 463 4740 requies
487 4690 500 4726 :
526 4672 781 4724 conclusit
805 4672 951 4720 enim
974 4671 1111 4720 Deus
1135 4673 1324 4717 contra
1348 4667 1547 4731 ipsum.

175 4782 436 4835 XXXIV.
461 4782 559 4833 Sin
574 4784 768 4831 autem
786 4777 1043 4830 nonnulli
1066 4776 1252 4828 dicere
1266 4772 1570 4836 voluerint,
1585 4774 1713 4828 Quo-

113 4855 284 4908 modo
309 4853 433 4905 ﬂeri
466 4856 656 4916 potest
686 4856 751 4902 ut
782 4863 940 4901 mors
970 4847 1184 4900 homini
1208 4846 1435 4909 requies
1460 4845 1552 4907 sit,
1578 4856 1711 4916 cum

115 4928 317 4979 beatus
358 4915 541 4976 David
596 4921 841 4983 dixerit,
906 4922 1049 4970 Mors
1098 4923 1433 4982 peccatorum
1480 4915 1714 4980 pessima

118 4997 278 5061 (Psal.
320 4994 407 5050 33.
448 4993 591 5048 ‘22.)?
634 4994 862 5045 discant
889 5005 1005 5043 non
1043 4990 1171 5042 ideo
1208 4990 1290 5041 sic
1315 4988 1534 5061 dictum
1563 4998 1709 5061 esse,

118 5057 272 5121 mors
307 5071 673 5130 peccatorum
714 5064 987 5127 pessima,
1016 5062 1183 5125 quasi
1210 5071 1227 5099 ι
1257 5059 1506 5125 peccatis
1540 5057 1712 5109 etiam

118 5138 398 5193 terminus
413 5137 740 5200 imponatur
763 5147 828 5185 ac
849 5134 999 5193 finis,
1028 5133 1127 5184 sed
1153 5131 1306 5195 quod
1326 5135 1454 5193 post
1470 5134 1714 5180 mortem

118 5211 451 5263 delictorum
475 5220 711 5259 suorum
730 5219 936 5257 caussa
949 5204 1323 5265 gravissimas
1336 5202 1448 5265 ipsi
1461 5201 1716 5252 subeunt

119 5283 379 5334 ultiones.
408 5277 675 5330 Similiter
699 5282 892 5328 autem
919 5276 1124 5326 beatus
1136 5274 1244 5324 Job
1270 5272 1419 5323 sicut
1441 5271 1715 5334 requiem,

118 5355 199 5405 sic
213 5351 380 5402 etiam
399 5361 669 5400 somnum
690 5352 932 5399 mortem
952 5344 1249 5396 nominare
1265 5343 1715 5398 consuevit,cum

120 5424 284 5476 dicit:
311 5422 487 5480 Quare
512 5419 678 5468 ubera
696 5419 824 5467 sumi
840 5422 864 5469 9
886 5431 1034 5465 nunc
1052 5416 1236 5476 utique
1258 5413 1532 5462 dormiens
1547 5412 1718 5473 quies-

120 5508 300 5555 cerem,
317 5496 362 5541 et
379 5492 559 5541 somni
579 5490 855 5540 securitate
877 5489 1090 5551 fruerer
1100 5500 1222 5535 cum
1234 5483 1445 5547 regibus
1457 5482 1628 5530 consil
1637 5484 1718 5530 Sa-

184 5655 202 5676 '
230 5646 355 5705 Ms,
393 5642 531 5691 Sivit
568 5656 736 5705 usque
757 5639 830 5689 ad
868 5644 1073 5701 tempus
1098 5633 1322 5699 aliquod
1350 5631 1718 5682 dominationi

124 5715 302 5767 mortis
327 5713 529 5761 addici.

186 5788 205 5816 ι’
238 5786 360 5846 Ms,
388 5782 677 5831 Delendam
701 5781 912 5844 penitus
933 5780 1271 5846 pravitatem.

187 5867 204 5887 ⁶
227 5844 355 5917 Ms.,
378 5851 862 5914 lmpugnotionum
888 5844 1347 5917 afﬁictationtbus.

191 5928 213 5957 ⁴
234 5916 357 5987 Ms..,
388 5923 677 5973 xEternam
699 5922 868 5973 vitam
889 5916 1159 5981 consequi.

1802 1720 1932 1763 runt
1954 1730 2049 1779 per
2063 1714 2247 1763 Jcsum
2269 1712 2495 1761 adducet
2517 1725 2642 1758 cum
2668 1725 2744 1757 eo.
2773 1710 2814 1773 (1
2885 1710 3053 1758 Thess.
3083 1708 3175 1767 4.).
3213 1707 3406 1779 Multis

1797 1787 1969 1850 igitur
1985 1786 2273 1837 testibuse
2300 1783 2447 1842 locti,
2467 1781 2620 1846 quod
2639 1794 2795 1832 mors
2817 1781 2926 1831 ista
2939 1778 3267 1830 communis
3283 1789 3406 1828 ma-

1723 1854 1774 1928 B
1802 1858 1857 1909 la
1899 1870 2017 1909 non
2056 1857 2147 1920 sit,
2182 1857 2302 1919 jam
2338 1855 2508 1918 longe
2535 1853 2722 1906 valere
2748 1852 3008 1903 dicamus
3032 1850 3130 1914 qui
3155 1853 3402 1901 mortem

1808 1929 2019 1980 malam
2044 1927 2347 1992 appellant.

1870 2001 2105 2051 XXXV.
2136 2000 2387 2049 Dicimus
2399 2001 2594 2048 autem
2608 1995 2760 2060 quod
2781 1995 2840 2045 in
2866 1995 3081 2045 bonum
3104 1994 3255 2045 Deus
3272 2007 3405 2053 prae-

1808 2073 1956 2124 stitit
1978 2072 2162 2136 primo
2181 2071 2399 2122 homini
2425 2069 2604 2119 Adam
2624 2067 2865 2118 sudores
2882 2066 3089 2131 pariter
3106 2078 3173 2136 ac
3189 2067 3403 2127 labores,

1805 2157 1952 2207 quos
1979 2134 2050 2195 de
2074 2147 2224 2194 terra
2247 2144 2553 2205 pateretur,
2570 2139 2779 2202 quippe
2801 2150 2932 2189 cum
2957 2150 3075 2187 non
3088 2134 3249 2187 aliter
3270 2137 3405 2183 invi-

1806 2214 2000 2265 sibiles
2047 2213 2324 2275 inimicos,
2360 2217 2557 2263 contra
2597 2223 2742 2274 quos
2766 2210 3047 2260 habemus
3070 2208 3403 2259 continuam

1803 2286 2196 2346 luctationem,
2216 2282 2541 2335 veneranda
2559 2281 2671 2332 fide
2696 2292 2962 2344 superare
2978 2279 3286 2343 possimus,
3307 2280 3407 2326 nisi

1804 2357 2055 2421 corporis
2086 2355 2376 2407 laboribus
2404 2352 2641 2414 fatigati.
2686 2352 2789 2403 His
2821 2351 2976 2402 enim
3010 2351 3286 2421 docemur
3308 2361 3409 2413 per

1802 2419 2055 2479 divinam
2095 2427 2445 2490 Scripturam
2488 2423 2876 2487 nosmetipsos
2912 2421 3164 2472 hostium
3188 2419 3410 2471 fallacia

1800 2499 2062 2561 liberare,
2077 2503 2134 2549 et
2153 2499 2253 2548 aut
2278 2496 2501 2547 salvam
2519 2493 2811 2546 custodire
2830 2493 3117 2552 virtutem,
3137 2495 3238 2542 aut
3253 2493 3411 2538 amis-

1800 2582 1921 2620 sam
1950 2568 2183 2633 perinde
2209 2567 2230 2596 ¹³
2248 2578 2543 2617 renovare.
2569 2565 2659 2615 Sic
2684 2564 2840 2614 enim
2866 2565 3070 2615 beatus
3093 2562 3278 2614 David
3296 2562 3408 2612 vir-

1798 2642 1980 2693 tutem
2006 2651 2178 2703 quam
2201 2636 2527 2701 perdiderat
2550 2646 2889 2696 recuperare
2920 2634 3221 2694 festinans,
3242 2633 3448 2684 docet.

1796 2702 2031 2769 dicens,
2058 2709 2401 2770 Sacriﬁcium
2451 2708 2555 2756 Deo
2589 2706 2817 2769 spiritus
2864 2702 3273 2761 contribulatus,
3318 2718 3411 2752 cor

1794 2798 1887 2832 con
1898 2783 2085 2831 tritum
2100 2786 2144 2830 et
2160 2779 2516 2830 humiliatum
2530 2778 2666 2826 Deus
2679 2791 2792 2825 non
2803 2781 3011 2840 spernet
3024 2774 3184 2834 (Psal.
3204 2773 3403 2837 50.39).

1792 2856 1863 2905 Et
1884 2855 2109 2912 iterum,
2138 2851 2404 2902 Laboravi
2428 2850 2490 2898 in
2519 2849 2719 2912 gemitu
2748 2845 3083 2905 meo,lavabo
3104 2846 3404 2910 persinqu-

1791 2916 1872 2975 las
1888 2931 2059 2975 noctes
2070 2925 2260 2974 lectum
2272 2936 2472 2981 meum,
2486 2921 2549 2969 in
2560 2920 2825 2984 lacrymis
2836 2919 2968 2968 meis
2978 2922 3209 2967 stratum
3223 2931 3405 2966 meum

1789 2996 1976 3059 rigabo
2008 2995 2167 3060 (Psal.
2204 2995 2253 3047 7.
2286 2994 2378 3056 7.).
2405 2994 2474 3043 Et
2498 2994 2732 3053 iterum,
2768 2991 2953 3040 Genua
2981 3004 3097 3039 mea
3120 2989 3407 3060 inﬁrmata

1791 3073 1919 3117 sunt
1940 3059 2051 3131 prie
2062 3066 2484 3130 jejunio,etcaro
2514 3078 2630 3113 mea
2658 3066 2877 3111 mutata
2901 3064 2975 3110 est
2994 3065 3217 3124 propter
3229 3059 3406 3109 oleum

1794 3138 1951 3203 (Psal.
1981 3135 2100 3191 108.
2126 3136 2253 3198 24.).
2281 3138 2507 3187 Docens
2525 3136 2695 3186 etiam
2725 3131 3214 3197 quemadmodum
3233 3131 3404 3203 virtu:

1800 3215 1919 3262 tem
1956 3220 2187 3261 servare
2211 3208 2542 3265 debeamus,
2568 3206 2726 3262 dicit.
2760 3205 2873 3267 Ego
2897 3209 3079 3253 autem
3103 3217 3229 3252 cum
3257 3202 3401 3251 mihi

1726 3271 1775 3346 ί]
1802 3282 2005 3331 molesti
2028 3285 2207 3338 essent,
2234 3278 2531 3328 induebam
2556 3293 2640 3326 me
2663 3277 2859 3339 cilicio,
2881 3280 2927 3325 et
2953 3273 3317 3324 humiliabam
3341 3274 3401 3321 in

1794 3352 2008 3417 jejunio
2032 3352 2470 3399 animammcam
2499 3348 2659 3412 (Psal.
2681 3346 2767 3402 34.
2805 3345 2874 3401 13
2896 3346 2929 3409 ).
2956 3345 3224 3398 Similiter
3238 3350 3401 3393 autem

1804 3424 2083 3477 Dominus
2107 3427 2304 3473 noster
2325 3420 2355 3472 J
2360 3433 2497 3472 esus
2516 3419 2778 3471 Christus
2790 3417 3104 3482 discipulos
3125 3431 3244 3465 suos
3254 3418 3405 3464 doce—

1804 3498 1903 3548 bat
1925 3507 2040 3546 non
2072 3495 2236 3545 aliter
2258 3497 2357 3543 aut
2383 3491 2626 3554 salvam,
2653 3494 2718 3541 ut
2740 3490 2879 3553 dixi,
2907 3488 3142 3547 servari,
3165 3490 3403 3549 autper—

1805 3569 1981 3620 ditam
2008 3565 2258 3616 revocari
2285 3560 2434 3630 60|
2462 3574 2630 3626 posse
2650 3561 2944 3623 virtutem,
2970 3559 3082 3610 nisi
3096 3560 3402 3630 perlabores

1805 3638 2057 3701 corporis
2074 3641 2129 3687 et
2147 3629 2391 3687 dolores.
2411 3634 2500 3685 Sic
2518 3633 2674 3684 enim
2688 3631 2786 3685 ait.
2815 3632 2873 3679 In
2883 3629 3176 3701 gredimini
3191 3643 3287 3692 per
3296 3643 3403 3701 an-

1804 3698 2019 3775 gustam
2042 3714 2276 3773 portum,
2289 3705 2422 3768 quia
2443 3704 2556 3753 lata
2572 3710 2741 3775 porta,
2756 3706 2803 3775 et
2818 3701 3054 3775 speciosa
3066 3700 3157 3748 via
3178 3714 3295 3761 quae
3309 3698 3405 3746 du-

1805 3771 1875 3832 cit
1898 3781 1970 3830 ad
1993 3771 2294 3838 interitum,
2307 3775 2465 3825 multi
2488 3779 2615 3823 sunt
2642 3774 2743 3837 qui
2760 3771 3252 3836 ingrediunturper
3265 3783 3401 3819 eam:

1807 3856 1936 3918 quia
1960 3856 2193 3914 angusta
2217 3853 2373 3914 porta
2417 3851 2461 3895 et
2492 3851 2646 3894 arcta
2675 3845 2765 3894 via
2798 3859 2915 3918 quae
2952 3843 3102 3918 ducit
3123 3841 3404 3918 ad‘vitam,
3444 3867 3452 3873 υ

1805 3911 1852 3975 ἐι
1873 3911 2182 3989 pauci—sunt
2206 3911 2302 3984 qui
2331 3918 2619 3968 inveniunt
2646 3914 2998 3989 camitMat-th.
3033 3913 3085 3966 7.
3120 3912 3245 3989 13.)ἷ
3272 3911 3406 3989 Ideo

1808 3983 2089 4048 et'beatus
2121 3983 2331 4043 Paulus
2355 4003 2487 4041 cum
2514 3993 2740 4051 rogaret
2762 3986 3171 4046 Dominum,ut
3193 3986 3265 4035 ab
3282 3983 3408 4047 ipso

1807 4067 2034 4133 penitus
2060 4065 2152 4115 ille
2176 4060 2620 4133 discederet,qui
2645 4056 3407 4133 stimulumcarnisinfigere

1810 4127 2144 4199 conabatur,
2167 4148 2282 4185 non
2308 4132 2653 4196 impetravit,
2683 4130 2786 4181 sed
2811 4128 2993 4191 magis
3013 4127 3237 4179 audivit
3257 4128 3411 4177 aDo-

1808 4211 1985 4277 mino,
2001 4208 2038 4257 S
2044 4198 2140 4270 υίγῖ
2146 4208 2212 4255 cit
2227 4206 2322 4254 tibi
2333 4204 2518 4277 gratia
2534 4202 2849 4263 mea,virtus
2859 4200 3006 4249 enim
3018 4200 3079 4247 in
3094 4200 3149 4248 in
3156 4198 3412 4259 ﬁrmitate

1806 4269 2086 4346 perﬁcitur
2107 4269 2182 4341 (i.
2206 4278 2325 4327 Cor.
2354 4274 2438 4343 12.
2455 4273 2544 4339 9.).
2560 4273 2722 4326 Unde
2746 4272 2923 4346 laetus
2940 4275 3141 4346 postea
3164 4269 3409 4346 dicebat,

1809 4341 2051 4402 Libenter
2079 4365 2200 4413 ergo
2226 4341 2497 4412 gloriabor
2513 4346 2576 4394 in
2588 4343 3000 4408 inﬁrmitatibus
3014 4343 3164 4406 meis,
3185 4341 3415 4391 utinha-

1812 4424 1930 4473 bilet
1958 4424 2015 4471 in
2040 4437 2123 4470 me
2146 4421 2314 4469 virtus
2338 4418 2558 4469 Christi.
2586 4418 2813 4479 Propter
2825 4415 2970 4479 quod
2990 4414 3175 4478 placeo
3197 4413 3339 4462 mihi
3352 4413 3411 4460 in

1811 4493 2223 4559 inﬁrmitatibus
2244 4492 2393 4551 meis,
2420 4490 2483 4539 in
2505 4487 2859 4547 contumeliis,
2877 4487 2939 4536 in
2962 4485 3326 4546 necessatibus,
3352 4484 3415 4533 in

1809 4556 2280 4633 persecutionibus,
2325 4567 2371 4611 et
2417 4561 2691 4633 angustiis
2723 4574 2822 4624 pro
2849 4558 3080 4633 Christo.
3111 4558 3247 4608 Cum
3266 4556 3412 4605 enim

1811 4627 2085 4703 inﬁrmor,
2111 4640 2238 4685 tunc
2257 4639 2443 4698 potens
2465 4647 2605 4683 sum.
2634 4631 2767 4703 Ideo
2792 4627 3412 4703 autem,doce_ns,dicit,

1815 4699 2041 4774 Propter
2069 4707 2215 4773 quod
2240 4720 2351 4755 non
2392 4704 2685 4767 deﬁcimus.
2722 4701 2825 4752 Sed
2844 4701 2966 4774 licet
2991 4702 3042 4774 is
3064 4701 3163 4765 qui
3183 4699 3321 4761 foris
3344 4705 3417 4747 est

1808 4772 1986 4831 noster
2004 4772 2164 4829 homo
2188 4780 2607 4839 corrumpatur:
2626 4777 2809 4822 tamen
2832 4772 2879 4821 is
2902 4772 3001 4835 qui
3022 4772 3418 4820 intusestreno-

1814 4857 1971 4901 vatur
1993 4851 2054 4900 de
2077 4850 2162 4899 die
2178 4849 2238 4897 in
2255 4848 2415 4897 diem.
2430 4846 2575 4896 Nam
2592 4844 2737 4909 quod
2751 4844 2811 4892 in
2823 4847 3075 4908 praesenti
3088 4847 3158 4891 est
3177 4854 3419 4890 momen-

1812 4930 2032 4974 taneum
2063 4927 2107 4970 et
2132 4921 2234 4970 leve
2260 4918 2625 4968 tribulationis
2666 4919 2875 4975 nostrae,
2902 4928 3075 4978 supra
3110 4913 3331 4962 modum
3354 4912 3416 4959 in

1810 4995 2137 5046 sublimitate
2159 4997 2416 5041 eternum
2441 4989 2624 5053 gloriae
2644 4986 2861 5051 pondus
2882 4990 3141 5050 operatur
3159 4985 3223 5033 in
3244 4982 3418 5045 nobis,

1812 5082 1920 5117 non
1956 5060 2433 5127 contemplantibus
2462 5058 2613 5107 nobis
2640 5072 2755 5120 qua
2778 5056 3049 5110 videntur.
3074 5056 3165 5104 sed
3175 5068 3416 5119 qumnon

1811 5139 2083 5188 videntur.
2132 5137 2256 5194 Quae
2299 5133 2445 5181 enim
2485 5129 2739 5178 videntur
2764 5127 3089 5191 temporalia
3109 5129 3269 5173 sunt:
3296 5138 3416 5185 quae

1814 5214 1995 5260 autem
2034 5193 2430 5257 nonividentur
2454 5206 2654 5251 aeterna
2686 5204 2809 5249 sunt
2841 5198 2908 5262 (1.
2941 5198 3061 5248 Cor.
3088 5196 3138 5248 4.
3166 5194 3292 5255 16.).
3325 5193 3415 5244 Sic

1813 5281 1989 5344 igitur
2032 5278 2279 5331 dicimus
2292 5275 2519 5344 primos
2542 5268 3039 5344 homines,_A_dam
3064 5270 3122 5315 et
3146 5266 3342 5343 Evam,
3383 5276 3417 5315 a

1816 5333 2051 5415 peccato
2085 5360 2190 5399 suo
2222 5333 2401 5396 fuisse
2444 5342 2689 5394 salvatos
2718 5352 2811 5403 per
2834 5338 3058 5415 labores
3083 5333 3336 5415 corporis
3355 5338 3417 5415 et

1815 5404 2062 5481 dolores,
2096 5430 2240 5481 quos
2265 5417 2349 5467 eis
2374 5414 2654 5465 Dominus
2685 5408 3048 5473 prmstiterat,
3076 5416 3179 5467 pro
3202 5404 3418 5481 benefl-

1815 5491 1903 5542 cio
1942 5473 2156 5543 scilicet
2182 5487 2521 5537 animarum.
2555 5480 2717 5535 Unde
2740 5481 2941 5544 postea
2962 5485 3256 5536 nusquam
3282 5473 3417 5525 facit

1879 5639 1897 5660 '
1919 5632 2047 5681 Ms..
2081 5628 2199 5677 Ideo
2234 5629 2428 5671 autem.

1880 5701 1895 5729 ί
1923 5702 2046 5755 MS.,
2072 5698 2213 5745 Mors
2240 5693 2353 5739 viro
2378 5692 2605 5754 requies,

1880 5780 1898 5809 ι
1922 5772 2048 5831 M5,,
2079 5762 2308 5816 Peccatis
2331 5776 2515 5810 eorum
2539 5761 2822 5809 terminus.

1880 5839 1902 5870 ¹¹
1926 5841 2054 5900 MS.,
2082 5838 2358 5886 Revocarc.
