3866 6206
462 392 608 450 1143

1763 390 2009 442 RUFINI
2048 386 2448 441 PALESTINI

3645 384 3761 440 HM

463 517 660 558 eorum
685 505 882 558 divina
899 505 1206 570 Scriptura,
1233 504 1398 569 quasi
1423 503 1802 568 peccaverint,
1817 501 2056 560 mentio-
2077 503 2140 578 Α
2160 499 2545 578 damnabitur,
2575 503 2678 578 aut
2696 499 2877 578 patris
2899 499 3119 563 Adam,
3145 497 3306 578 sicut
3329 497 3760 578 imprudentium

465 588 618 628 nem.

529 648 789 698 XXXVI.
818 647 979 709 Quod
1012 651 1206 698 autem
1242 648 1400 697 Deus
1441 645 1718 696 dimiserit
1753 645 1833 695 eis
1857 657 2058 708 pecca-

466 723 609 777 tum,
629 719 778 769 sicut
793 719 964 770 etiam
982 721 1119 770 Cain
1144 718 1242 781 qui
1262 719 1510 782 primum
1529 722 1862 780 peccaverat
1885 717 2058 764 indul-

465 789 555 850 sit,
583 803 714 841 cum
737 790 981 840 dixisset
1013 790 1084 840 ad
1108 802 1261 848 eum,
1293 788 1522 838 Peccasti
1545 789 1748 850 quiesce
1775 802 1787 836 :
1813 788 1887 836 ad
1907 793 1952 835 te
1977 802 2059 834 re-

465 864 633 909 versio
675 861 805 923 ejus,
848 861 956 912 hoc
995 866 1085 912 est
1130 861 1366 924 peccati,
1395 865 1457 907 -et
1509 865 1565 907 tu
1611 858 1974 907 dominaberis
2011 857 2058 905 ei

468 934 616 996 (Gen.
645 931 694 984 4.
724 931 1021 995 7.),aperte
1046 932 1272 994 Moyses
1290 931 1547 981 ostendit
1572 941 1670 992 per
1695 932 2056 977 humanitatem

467 1016 570 1053 seu
587 1003 1052 1060 misericordiam,
1071 1015 1244 1065 quam
1264 1004 1414 1052 Deus
1440 1002 1579 1064 ipsis
1605 1005 1806 1064 postea
1819 999 2061 1050 libenter

465 1073 719 1124 indulsit.
749 1073 894 1134 Quid
919 1073 1070 1123 enim
1101 1073 1238 1124 dicit
1261 1074 1484 1136 Moyses
1506 1076 1532 1121 δὲ
1558 1072 1624 1120 Et
1647 1072 1767 1134 fecit
1793 1071 2059 1119 Dominus

467 1145 607 1194 Deus
631 1145 810 1193 Adam
835 1150 880 1192 et
906 1144 1097 1193 uxoris
1121 1143 1234 1206 ejus
1259 1145 1470 1192 tunicas
1495 1142 1759 1207 pelliceas,
1785 1149 1832 1191 et
1856 1142 2060 1190 vestivit

467 1230 550 1263 eos
574 1217 588 1277 (
616 1216 742 1264 Gen.
778 1214 828 1267 3.
866 1213 952 1268 η.
979 1216 1013 1277 ).
1042 1217 1184 1265 Nam
1211 1215 1257 1265 si
1283 1215 1561 1266 Dominus
1593 1213 1736 1276 ipsis
1759 1217 2058 1276 peccatum

465 1299 583 1337 non
606 1286 942 1348 dimisisset,
963 1299 1262 1348 nunquam
1287 1285 1536 1349 profecto
1562 1297 1660 1348 per
1683 1285 2059 1348 semetipsum

465 1357 708 1407 vestiret
724 1369 822 1407 eos
841 1357 1068 1416 tunicis,
1101 1366 1118 1385 ·
1141 1357 1354 1419 quibus
1371 1356 1486 1406 illis
1505 1357 1626 1420 ipse
1644 1355 1972 1418 perfecerat.
1992 1359 2060 1404 No

467 1427 599 1490 quis
623 1427 796 1491 igitur
811 1427 1043 1477 easdem
1061 1426 1325 1490 pelliceas
1344 1427 1569 1476 tunicas
1587 1439 1731 1488 quas
1759 1429 2058 1488 habuerunt,

464 1496 787 1548 humanum
805 1510 1011 1560 corpus
1028 1498 1338 1558 existimet,
1358 1496 1377 1523 "
1400 1497 1550 1546 sicut
1565 1497 1775 1558 impius
1787 1496 2062 1558 Origenes

465 1569 752 1630 exposuit.
788 1570 930 1618 Nam
954 1572 1087 1618 ante
1111 1569 1252 1617 istas
1269 1579 1414 1629 quas
1437 1567 1558 1617 dixi
1576 1567 1842 1630 pelliceas
1869 1569 2062 1615 tunicas

463 1639 586 1702 ipse
624 1639 809 1690 Adam
845 1651 1075 1689 carnem
1121 1638 1327 1688 habere
1359 1651 1420 1689 se
1465 1639 1662 1689 docuit
1701 1639 1914 1698 dicens,
1953 1640 2062 1688 Hoc

464 1723 612 1756 nunc
635 1723 691 1756 os
712 1724 778 1757 ea:
798 1707 1001 1756 ossibus
1026 1709 1172 1764 meis,
1200 1715 1246 1758 et
1268 1724 1393 1756 caro
1412 1709 1472 1756 de
1497 1724 1660 1757 carne
1683 1725 1800 1758 mea
1824 1711 1972 1772 (Gen.
2006 1709 2058 1763 ‘2.

463 1777 588 1841 23.).
629 1779 896 1830 Pelliceas
917 1779 1088 1843 igitur
1104 1780 1328 1830 tunicas
1353 1780 1518 1831 datas
1543 1794 1576 1830 a
1599 1782 1718 1832 Deo
1735 1781 1916 1832 fuisse
1931 1781 2062 1832 dici-

2161 572 2412 624 aestimat
2427 570 2699 634 opinatio.
2729 573 2875 622 Nam
2889 571 3322 633 unusquisque
3353 573 3624 618 hominum
3646 578 3758 634 quasi

2157 642 2317 694 liberi
2333 641 2551 692 arbitrii
2576 642 2670 704 sit,
2694 655 2766 692 ex
2788 655 3034 692 suorum
3048 641 3343 704 qualitate
3367 645 3759 705 gestorummu

2156 713 2483 765 laudandus
2499 713 2691 774 nimis,
2705 719 2806 764 aut
2818 713 3253 777 vituperandus
3267 712 3604 763 habebitur.
3622 717 3757 761 Simili

2157 784 2330 836 modo
2354 785 2527 835 etiam
2545 783 2605 834 in
2620 785 2711 834 die
2718 785 2940 849 judicii,
2964 789 3071 836 aut
3082 783 3522 847 justitlcandus
3542 784 3660 843 erit,
3680 793 3760 836 aut

2161 856 2437 920 supplicio
2455 855 2879 919 subjugandus,
2898 857 3056 907 sicut
3072 859 3134 906 et
3151 859 3335 904 beatus
3352 857 3547 903 Paulus
3559 857 3689 904 docet
3706 858 3757 903 ita

2159 928 2376 989 dicens,
2405 927 2597 975 Omnes
2619 927 2766 976 enim
2790 943 2888 976 nos
2913 928 3274 989 manifestari
3297 931 3514 991 oportet
3541 934 3658 975 ante
3676 929 3757 976 tri-

2159 997 2327 1047 bunal
2353 997 2572 1058 Christi,
2592 1003 2648 1046 ut
2667 998 2864 1060 referat
2884 1001 3268 1062 unusquisque
3280 999 3532 1062 propria
3553 1000 3756 1062 corporis

2158 1074 2318 1135 prout
2349 1071 2528 1132 gessit,
2560 1069 2666 1118 sive
2690 1069 2892 1120 bonum
2926 1071 3037 1118 sive
3059 1071 3278 1118 malum
3314 1067 3386 1131 (2.
3427 1068 3556 1120 Car.
3583 1068 3751 1131 4.10.).

2222 1141 2536 1192 XXXVIII.
2560 1149 2580 1170 ⁶
2596 1141 2759 1202 Quod
2778 1147 2974 1192 autem
2991 1142 3159 1194 liberi
3177 1154 3298 1192 non
3315 1153 3425 1205 pro
3451 1141 3755 1205 parentibus

2159 1212 2492 1276 puniantur,
2509 1224 2696 1274 neque
2715 1217 2987 1276 parentes
3003 1224 3106 1276 pro
3122 1211 3346 1272 liberis,
3364 1217 3572 1275 aperte
3585 1223 3754 1262 rursus

2160 1283 2388 1334 edocuit
2410 1285 2587 1344 Deus,
2611 1295 2746 1334 cum
2777 1283 2852 1342 ad
2887 1285 3131 1348 Moysen
3156 1283 3516 1346 prophetam
3555 1282 3752 1334 diceret.

2158 1354 2285 1404 Non
2320 1355 2626 1403 morientur
2644 1360 2823 1418 patres
2839 1369 2941 1419 pro
2957 1355 3109 1417 ﬁliis,
3129 1370 3306 1419 neque
3327 1355 3442 1417 ﬁlii
3463 1369 3570 1418 pro
3593 1369 3756 1417 parea-

2162 1425 2300 1474 tibus
2322 1440 2338 1474 :
2363 1425 2738 1490 unusquisque
2765 1428 2822 1475 in
2842 1431 3057 1490 peccato
3073 1441 3174 1474 suo
3191 1425 3474 1474 morietur
3499 1425 3666 1487 (Deut.
3683 1423 3753 1478 ΞΑ.

2162 1496 2288 1559 16.).
2316 1499 2485 1548 Porro
2499 1501 2692 1548 autem
2708 1509 2960 1560 arguens
2976 1499 3137 1549 Deus
3153 1496 3621 1560 imprudentiam
3639 1495 3755 1547 ﬁlio-

2159 1580 2289 1618 rum
2318 1567 2511 1630 Israel,
2539 1580 2606 1619 eo
2633 1570 2886 1632 tempore
2915 1581 3034 1632 quo
3049 1569 3208 1632 apud
3236 1566 3556 1619 Chaldaeos
3579 1579 3754 1618 secun-

2161 1639 2301 1689 dum
2327 1639 2542 1688 scelera
2565 1650 2672 1690 sua
2694 1639 2904 1703 captivi
2929 1644 3113 1695 erant,
3149 1644 3209 1690 et
3235 1639 3638 1690 causabantur
3658 1650 3754 1688 non

2161 1709 2233 1759 de
2260 1720 2322 1758 se
2343 1708 2594 1772 penitus.
2620 1708 2722 1758 sed
2755 1709 2828 1760 de
2853 1709 3194 1773 parentibus
3227 1708 3375 1771 suis,
3403 1708 3579 1770 quasi
3597 1707 3668 1758 illi
3690 1713 3754 1757 to-

2165 1779 2281 1829 tius
2305 1791 2505 1830 eorum
2537 1776 2712 1846 603
2749 1779 2982 1831 nefandi
3007 1779 3244 1831 sceleris
3273 1779 3541 1830 fuissent
3555 1789 3750 1829 caussa,

464 1862 598 1901 mus
616 1853 843 1938 propter
857 1851 1222 1938 asperitatem
1240 1852 1395 1938 vitae,
1405 1852 1506 1938 vel
1525 1853 1689 1938 quqd‘
1707 1857 1978 1916 tanquam
2005 1867 2057 1902 se
2077 1863 2132 1938 B
2161 1853 2346 1938 Deum
2363 1851 2434 1938 d‘e
2450 1852 2779 1938 (lapti'vitate
2793 1864 2900 1932 sua
2914 1851 3378 1938 criminabantur
3388 1851 3628 1930 injuste,
3641 1861 3750 1938 cum

463 1921 870 1973 exercentibus
893 1921 966 1972 ad
984 1922 1253 1972 virtutem
1279 1919 1391 1990 60
1405 1922 1452 1989 2
1483 1937 1580 1974 eas
1600 1923 1773 1974 dabat
1789 1936 1922 1986 quin
1946 1939 2055 1971 con-

463 2004 625 2056 grum
647 1991 1010 2054 videbantur,
1032 1997 1096 2043 ut
1121 1993 1410 2045 discerent
1427 2008 1542 2044 non
1569 1995 1730 2044 aliter
1751 2007 1922 2058 posse
1939 1995 2058 2046 vin-

464 2075 592 2113 cere
624 2062 948 2114 invisibiles
984 2063 1272 2124 inimicos,
1308 2064 1420 2114 nisi
1459 2065 1750 2116 laboribus
1784 2066 2053 2128 corporis.

465 2135 533 2184 Et
549 2129 704 2196 quod
718 2136 847 2198 post
862 2135 1416 2198 praevaricationem,
1435 2148 1607 2198 quam
1625 2137 1678 2185 in
1699 2136 1959 2199 paradiso
1975 2139 2059 2184 ad-

462 2204 715 2264 miserat,
754 2205 1148 2268 perseveravit
1181 2207 1302 2269 jam
1349 2207 1728 2270 in'posterum
1771 2219 1960 2269 usque
1983 2207 2057 2258 ad

461 2275 635 2326 tinem
659 2275 797 2326 vitae
831 2288 954 2327 suae
991 2277 1396 2339 obtemperans
1421 2279 1559 2338 Deo,
1596 2277 1756 2327 testis
1787 2284 1877 2328 est
1909 2277 2059 2330 Salo-

461 2356 765 2406 mon,cum
791 2345 861 2395 de
894 2345 1173 2407 sapientia
1197 2347 1342 2408 ejus,
1377 2359 1508 2408 quae
1542 2347 1732 2409 ipsum
1766 2347 1824 2398 in
1856 2348 2056 2400 timore

461 2414 564 2465 Dei
589 2415 858 2474 servavit,
886 2415 1072 2466 dicere
1096 2415 1203 2466 hoc
1227 2417 1419 2477 modo,
1451 2417 1569 2466 Hac
1592 2419 1839 2481 primum
1869 2421 2055 2481 ﬁctum

457 2490 669 2552 patrem
698 2484 840 2533 orbis
873 2490 1165 2545 terrarum,
1193 2501 1316 2536 cum
1337 2487 1479 2536 solus
1498 2493 1704 2537 creatus
1724 2495 1863 2551 esset,
1890 2497 2058 2542 custo-

460 2555 612 2616 divit,
637 2560 683 2604 et
718 2554 960 2606 liberavit
985 2573 1020 2604 a
1051 2557 1255 2619 delicto,
1281 2567 1299 2587 ⁸
1325 2559 1466 2606 dedit
1503 2565 1681 2607 autem
1706 2566 1750 2608 et
1781 2562 2055 2622 fortitudi-

417 2635 436 2652 ‘
460 2640 582 2674 nem
604 2626 932 2674 dominandi
948 2627 1198 2676 omnibus
1215 2628 1369 2692 {Sap.
1387 2628 1471 2683 10.
1493 2631 1584 2691 1.).
1609 2631 2053 2683 Similiterautem

458 2696 633 2748 etiam
657 2695 728 2747 de
754 2697 936 2748 salute
954 2699 1090 2750 Evse
1111 2700 1315 2750 beatus
1333 2699 1541 2751 Paulus
1565 2701 1779 2752 docens
1795 2703 1878 2754 ita
1893 2704 2048 2767 dicit,

457 2767 638 2817 Adam
655 2768 800 2816 enim
817 2769 1033 2831 primus
1053 2769 1322 2831 formatus
1345 2777 1432 2830 est,
1451 2773 1642 2821 deinde
1657 2773 1790 2832 Eva,
1804 2781 1850 2822 et
1873 2775 2053 2824 Adam

458 2852 572 2886 non
595 2843 667 2908 est
689 2839 950 2898 seductus,
980 2839 1178 2890 mulier
1198 2846 1373 2890 autem
1397 2843 1610 2891 seducta
1637 2844 1696 2892 in
1725 2846 2051 2908 praevarica-

458 2909 600 2981 tione
613 2907 737 2969 fuit.
754 2909 1068 2959 Saluabitur
1081 2917 1262 2960 autem
1273 2928 1366 2976 per
1375 2913 1614 2975 ﬁliorum
1631 2907 2048 2981 generationem,

457 2979 504 3027 si
529 2981 926 3041 permanserint
942 2982 1003 3030 in
1013 2982 1119 3044 ﬁde
1140 2989 1185 3031 et
1205 2982 1552 3034 ‘discretione
1573 2991 1618 3034 et
1631 2979 2050 3049 sanctiﬁcatione

458 3063 580 3098 cum
601 3051 875 3100 sobrietate
910 3052 976 3115 (1.
1007 3053 1139 3102 Tim.
1168 3052 1219 3106 2.
1253 3054 1378 3118 13.).

523 3121 810 3194 XXXVII.
837 3123 999 3184 Quod
1042 3124 1208 3185 dixit,
1243 3140 1340 3189 per
1362 3125 1605 3186 filiorum
1638 3129 2054 3194 generationem,

459 3203 594 3242 cum
638 3191 890 3244 ﬁliorum
929 3195 1296 3258 generatione
1327 3197 1686 3260 significavit.
1719 3199 1872 3250 Solet
1903 3191 2055 3252 enim

457 3261 654 3314 divina
683 3264 972 3328 Scriptura
1000 3267 1432 3330 praepositiones
1455 3268 1792 3334 plerumque
1818 3275 2054 3323 mutare.

459 3334 647 3385 Testis
671 3340 762 3387 est
797 3336 1119 3388 Patriarcha
1147 3339 1364 3402 Joseph
1406 3339 1474 3390 de
1504 3343 1726 3392 somnio
1761 3341 1832 3392 ad
1859 3344 2051 3394 Eunu-

458 3403 634 3476 chum
659 3404 878 3476 dicens,
908 3407 1033 3456 Non
1051 3423 1149 3472 per
1181 3409 1351 3458 Deum
1388 3411 1701 3474 explanatio
1735 3413 1848 3476 ejus
1875 3415 1899 3476 ί
1925 3415 2052 3465 Gen.

457 3473 542 3527 40.
583 3473 675 3536 8.),
716 3475 773 3526 id
807 3480 913 3536 est,
949 3490 1067 3529 non
1104 3491 1138 3529 a
1172 3481 1310 3531 Deo.
1345 3473 1615 3534 Similiter
1655 3473 1850 3535 autem
1875 3473 2054 3536 etiam

457 3545 662 3596 beatus
681 3547 892 3618 Paulus
913 3561 1048 3600 cum
1070 3549 1142 3600 ad
1161 3551 1441 3603 Hebraeos
1460 3555 1749 3617 scriberet,
1775 3555 1930 3618 dicit,
1954 3557 2057 3605 Per

458 3629 617 3675 quem
653 3617 816 3664 etiam
853 3618 974 3678 fecit
1007 3620 1200 3668 saecula
1238 3621 1414 3681 (Ilebr.
1445 3622 1494 3675 1.
1533 3623 1623 3685 2.),
1659 3638 1759 3688 pro
1796 3638 1864 3676 eo
1896 3617 2053 3688 quod

456 3688 563 3756 est,
589 3697 847 3746 cumquo
863 3688 1036 3737 etiam
1054 3689 1185 3739 fecit
1209 3691 1438 3742 saacula.
1467 3694 1662 3756 Neque
1677 3695 1830 3746 enim
1856 3699 2056 3746 submi-

457 3754 828 3830 nistratorem
847 3757 1092 3830 dicimus
1109 3759 1288 3810 Patris
1305 3773 1431 3812 esse
1450 3754 1676 3826 Filium,
1694 3773 1924 3830 propter
1947 3768 2056 3820 hoc

457 3822 676 3900 dictum
712 3825 866 3887 quod
904 3830 1011 3888 est,
1049 3843 1144 3891 per
1181 3844 1341 3893 quem
1372 3832 1531 3880 etiam
1565 3822 1925 3900 fecit-saecula,
1952 3839 2054 3890 sed

456 3893 642 3970 magis
660 3902 1111 3970 cooperatorem.
1137 3900 1264 3951 Non
1281 3914 1417 3965 ergo
1447 3893 1571 3955 Eva
1589 3911 1818 3970 propter
1845 3893 2056 3962 liberos

457 3965 771 4018 salvabitur
794 3980 952 4030 suos,
982 3982 1173 4034 neque
1205 3973 1334 4036 ejus
1367 3965 1605 4027 soboles
1621 3965 1818 4029 matris
1850 3992 2057 4032 caussa

519 4118 538 4138 ⁸
569 4109 771 4168 Quibus
786 4110 899 4160 illis
923 4113 1032 4176 ipse
1048 4114 1357 4178 perfecerat.
1383 4117 1397 4180 ]
1419 4119 1602 4170 Latini
1627 4123 1907 4174 sermonis
1931 4129 2055 4175 ratio

460 4181 808 4252 postulabat,
834 4186 900 4234 ut
933 4199 1071 4246 quas
1094 4185 1325 4238 diceret.
1359 4190 1556 4252 Itaque
1594 4193 1934 4247 manifestus
1966 4201 2057 4248 est

456 4250 865 4325 Hellenismus,
909 4255 1116 4307 unicus
1163 4257 1406 4310 fortasse
1442 4250 1501 4311 in
1538 4261 1647 4313 hoc
1682 4276 1910 4325 genere,
1954 4267 2054 4318 sed

453 4322 696 4397 aliorum
713 4337 988 4397 generum
1003 4327 1116 4378 alia
1131 4334 1269 4380 sunt
1286 4330 1546 4397 plurima,
1563 4322 2054 4396 quas-translatum

456 4407 528 4446 ex
555 4396 768 4447 Grmcis
802 4396 1014 4449 librum
1037 4401 1364 4452 ostendant.

519 4465 540 4494 δ
564 4466 714 4542 Sicut
736 4468 941 4532 impius
955 4471 1203 4534 Origenes
1223 4475 1488 4536 exposuit.
1517 4476 1530 4539 J
1561 4477 1642 4528 De
1665 4476 1773 4529 hac
1789 4478 2051 4542 Origenis

453 4539 816 4608 expositione
835 4543 1032 4594 scribit
1058 4544 1412 4608 Epiphanius
1427 4548 1498 4598 ad
1521 4550 1802 4600 Joannem
1822 4539 2053 4604 Jeroso-

452 4607 797 4686 lymitanum
823 4613 1075 4686 Epistola
1103 4607 1220 4667 LX.
1248 4617 1428 4678 (Nunc
1457 4619 1559 4680 LI.)
1593 4619 1746 4683 apud
1771 4622 2051 4686 Hierony-

451 4691 633 4758 mum.
666 4682 920 4758 Eratereo
945 4685 1203 4748 frivolam
1227 4687 1341 4751 ejus
1370 4682 1755 4754 expositionem
1777 4707 1940 4758 super
1963 4682 2047 4743 tu-

453 4750 598 4829 nicis
611 4751 858 4829 pelliceis,
879 4763 1096 4829 quanto
1109 4750 1326 4829 conatu,
1353 4750 1675 4825 quantisque
1697 4750 1860 4828 egerit
1883 4781 2049 4829 argu-

454 4823 666 4882 mentis,
686 4830 744 4873 ut
765 4827 981 4899 tunicas
990 4827 1236 4893 pelliceas
1259 4831 1508 4880 humana
1522 4823 1625 4882 esse
1639 4823 1862 4899 corpora
1884 4823 2054 4886 crede-

451 4907 634 4967 remus
659 4910 668 4940 :
697 4896 796 4956 qui
829 4897 972 4946 inter
1011 4900 1184 4948 multa
1222 4902 1315 4961 ait,
1352 4902 1642 4967 Numquid
1665 4896 1934 4955 coriarius
1959 4913 2054 4958 aut

449 4963 836 5043 scordiscarius
853 4974 968 5016 erat
981 4970 1138 5043 Deus,
1160 4977 1219 5020 ut
1239 4963 1686 5040 conﬁceret'pelles
1697 4979 2049 5043 animalium,

450 5039 803 5109 etconsueret
853 5052 924 5086 ea:
954 5040 1028 5088 eis
1065 5043 1279 5092 tunicas
1306 5039 1553 5109 pelliceas
1592 5049 1771 5099 Adam
1802 5055 1848 5100 et
1884 5039 2054 5104 Evasi

452 5106 805 5186 Manifestum
840 5115 1079 5186 est_erg_o,
1111 5106 1321 5186 inquit,
1355 5119 1502 5180 quod
1532 5120 1594 5168 de
1615 5121 1925 5186 corporibus
1949 5137 2049 5172 no-

450 5178 576 5258 stris
597 5177 870 5258 loquatur.
895 5181 960 5230 Et
984 5182 1032 5258 si
1058 5183 1157 5232 hoc
1178 5185 1256 5258 ita
1274 5177 1656 5258 estIquomodo
1680 5177 1904 5258 tegimus
1927 5199 2052 5243 ante

450 5248 692 5327 pelliceas
717 5251 992 5327 tunicas‘et
1021 5260 1144 5302 ante
1168 5248 1607 5319 inobedientiam,
1634 5267 1679 5310 et
1703 5248 1765 5311 de
1786 5266 2051 5327 paradiso

448 5319 698 5398 ruinam,
723 5323 904 5398 {dam
927 5323 1245 5398 loquentem,
1259 5343 1370 5377 non
1392 5332 1689 5380 secundum
1711 5319 2048 5398 allegoriam,

447 5389 539 5439 sed
560 5406 694 5452 vere,
726 5394 838 5444 Hoc
865 5411 1014 5446 nunc
1030 5411 1087 5446 os
1108 5397 1170 5447 de
1193 5398 1394 5448 ossibus
1409 5402 1557 5464 meis,
1585 5408 1629 5452 et
1653 5419 1780 5454 caro
1803 5389 1866 5456 de
1888 5389 2052 5457 carne

449 5473 570 5544 mea
590 5465 617 5525 (
637 5463 765 5544 Gen.
792 5465 958 5544 23.
984 5469 1000 5532 )
1025 5471 1141 5544 ρξει
1167 5469 1333 5544 paulo
1362 5476 1508 5537 post,
1535 5473 1645 5524 Aut
1678 5491 1795 5541 quae
1818 5494 2050 5544 corpora

447 5533 746 5612 contegebat
767 5537 950 5612 _Ada'm
980 5545 1026 5588 et
1048 5541 1096 5590 E
1098 5533 1182 5592 vae
1190 5543 1339 5604 foliis
1359 5533 1504 5606 ficus.
1511 5533 1798 5612 postquam
1823 5533 2051 5601 comede-

447 5609 578 5652 runt
604 5606 667 5652 de
692 5607 884 5658 arbore
907 5612 1066 5661 vetita
1087 5616 1115 5662 ‘I

510 5683 527 5746 ξ
555 5675 679 5746 bis,
708 5677 861 5727 Dedit
891 5688 1069 5732 autem
1093 5685 1143 5731 ei
1177 5685 1576 5746 fortitudinem.

509 5741 529 5770 "
555 5744 679 5818 lifts,
695 5747 993 5818 Dilectione
1016 5758 1062 5802 et
1084 5741 1512 5818 sanctiﬁcatione
1540 5777 1662 5809 cum
1685 5761 1978 5812 sobrietate.

509 5814 712 5899 “qu—od
723 5816 874 5899 liberi
888 5836 1010 5899 non
1029 5839 1129 5899 pro
1143 5814 1458 5888 parentibus
1469 5833 1797 5894 puniantur.
1820 5834 1834 5898 ]
1867 5837 2047 5899 Aper-

447 5879 505 5930 te
526 5879 793 5948 deinceps
819 5879 1094 5954 originale
1114 5879 1416 5960 peccatum
1431 5879 1489 5954 et
1508 5879 1885 5967 parvulorum
1891 5879 2041 5973 '53,;-

2160 1923 2433 1984 dicerent,
2458 1923 2565 1973 Via
2589 1922 2818 1972 Domini
2846 1935 2964 1973 non
2989 1927 3083 1974 est
3108 1926 3285 1979 recta,
3313 1921 3590 1982 quoniam
3616 1931 3746 1981 patres

2157 1994 2342 2044 nostri
2365 2005 2487 2044 com
2495 1993 2738 2045 ederunt
2754 2005 2928 2044 uvam
2945 1993 3236 2052 acerbam,
3255 1997 3318 2044 et
3333 1991 3588 2042 filiorum
3606 1995 3746 2040 demas

2156 2065 2596 2129 obstupuerunt,
2619 2064 2758 2116 dicit
2776 2063 2849 2114 ad
2873 2077 2976 2116 eos
3003 2077 3102 2128 per
3118 2063 3386 2115 Ezechiel
3409 2061 3746 2126 Prophetam.

2167 2136 2293 2186 Vivo
2327 2151 2437 2199 ego,
2471 2136 2597 2184 dicit
2617 2135 2906 2199 Dominus,
2929 2136 2979 2184 si
3003 2135 3155 2184 ultra
3174 2136 3349 2198 fuerit
3361 2135 3496 2198 jam
3519 2134 3655 2182 dicta
3669 2150 3749 2198 pa-

2155 2205 2342 2255 rabola
2367 2207 2468 2254 ista
2486 2206 2543 2254 in
2565 2205 2747 2268 Israel,
2772 2221 2803 2269 q
2814 2205 3042 2255 ueniam
3055 2220 3241 2254 omnes
3255 2205 3471 2253 anima:
3484 2219 3607 2253 mea
3622 2210 3744 2264 sunt,

2155 2278 2292 2326 sicut
2315 2277 2508 2325 anima
2531 2277 2719 2340 patris,
2737 2277 2812 2326 sic
2834 2282 2880 2325 et
2896 2277 3094 2326 anima
3117 2276 3224 2340 ﬁlii
3243 2291 3378 2325 mea:
3396 2282 3556 2326 sunt:
3578 2276 3745 2324 anima

2158 2363 2272 2411 qum
2312 2353 2510 2412 peccat,
2553 2348 2675 2412 ipsa
2699 2347 2966 2396 morietur
3001 2348 3212 2411 (Επειδὴ.
3257 2346 3350 2401 18.
3403 2345 3505 2407 3.).
3553 2349 3616 2398 Et
3653 2347 3746 2398 ite-

2156 2431 2304 2478 rum,
2353 2419 2542 2479 Filius,
2585 2419 2789 2482 inquit,
2833 2434 2947 2468 non
2985 2420 3212 2484 accipiet
3266 2419 3626 2483 iniquitatem
3657 2433 3744 2481 pa-

2157 2489 2272 2544 tris,
2302 2503 2472 2553 neque
2502 2495 2657 2554 pater
2688 2489 2911 2554 accipiet
2944 2489 3302 2553 iniquitatem
3327 2489 3650 2550 ﬁlii(Escch.
3678 2486 3742 2541 18.

2155 2560 2278 2623 20.).
2325 2562 2394 2612 Et
2429 2561 2656 2621 iterum,
2706 2561 3158 2624 Unumquemque
3196 2565 3443 2609 vestrum
3472 2559 3744 2610 secundum

2154 2633 2303 2681 viam
2326 2646 2485 2681 suam
2515 2631 2772 2695 judicabo
2809 2647 2918 2694 vos,
2953 2632 3147 2680 domus
3189 2631 3384 2692 Israel,
3422 2631 3552 2681 dicit
3581 2631 3746 2681 Domi-

2153 2718 2258 2752 nus
2285 2703 2421 2766 {Ibid
2445 2740 2460 2762 ,
2482 2702 2608 2765 30.).
2634 2705 2777 2754 Cum
2807 2702 3056 2754 dixisset
3078 2705 3261 2764 Deus,
3313 2703 3447 2752 Vivo
3473 2718 3584 2766 ego,
3617 2703 3660 2751 si
3677 2703 3727 2750 ut

2152 2779 2236 2822 tra
2257 2774 2423 2836 fuerit
2453 2774 2597 2823 dicta
2623 2773 2890 2838 parabola
2905 2774 3010 2824 ista
3034 2775 3096 2822 in
3129 2774 3303 2823 Israel
3329 2774 3544 2836 (Each.
3572 2773 3650 2828 18.
3670 2774 3742 2824 3.2

2151 2850 2346 2908 aperte
2375 2845 2568 2897 docuit
2586 2857 2703 2896 non
2726 2858 2826 2896 eos
2849 2845 2910 2896 in
2932 2845 3136 2898 eadem
3161 2845 3564 2910 imprudentia
3583 2859 3745 2906 parma.

2149 2928 2300 2967 nere.

2213 2986 2475 3038 XXXIX.
2503 2987 2638 3038 Post
2658 2985 2786 3038 huic
2805 2985 2983 3048 igitur
2995 2986 3100 3038 Dei
3124 2986 3488 3046 testimonia,
3509 2988 3742 3036 insaniunt

2151 3057 2249 3120 qui
2275 3070 2374 3121 per
2392 3069 2569 3108 unum
2594 3056 2889 3108 hominem
2921 3057 3108 3109 Adam
3132 3070 3373 3110 omnem
3398 3058 3600 3110 orbem
3621 3065 3744 3106 tem-

2153 3140 2280 3178 rum
2298 3127 2615 3192 iniquitatis
2625 3127 3088 3192 ﬂagitiorumque
3099 3129 3521 3181 condemnant.
3539 3132 3650 3177 Nam
3671 3131 3738 3187 qui

2156 3199 2281 3250 haec
2293 3199 2510 3257 dicunt,
2528 3203 2628 3249 aut
2643 3199 2720 3263 inj
2731 3202 2924 3250 ustum
2940 3202 3126 3251 Deum
3143 3204 3508 3264 pronuntiant,
3531 3208 3615 3248 aut
3633 3203 3744 3247 cert:-

2157 3271 2272 3321 Deo
2289 3269 2581 3322 diabolum
2594 3271 2886 3322 mstimant
2897 3270 3214 3332 fortiorem,
3240 3285 3311 3324 eo
3338 3272 3498 3335 quod
3522 3279 3743 3320 naturam.

2154 3353 2327 3405 quam
2352 3343 2508 3392 Deus
2531 3341 2746 3392 creavit
2778 3342 3014 3406 bonam,
3039 3355 3169 3394 eam
3194 3343 3472 3396 diabolus
3503 3355 3600 3406 per
3621 3351 3743 3405 prae-

2155 3412 2560 3464 varicationem
2577 3411 2759 3463 Adam
2785 3417 2842 3463 et
2863 3415 3003 3466 Evm
3027 3414 3244 3466 malam
3271 3415 3538 3479 potuerit
3557 3415 3746 3462 efﬁcere.

2155 3482 2460 3546 siquidem
2485 3483 2954 3547 praevaricatione
2989 3486 3158 3549 primi
3186 3485 3451 3538 hominis
3477 3485 3676 3544 Adam,
3700 3487 3750 3531 et

2154 3554 2283 3617 ejus
2307 3554 2506 3606 uxoris
2546 3555 2692 3616 Even,
2723 3567 2928 3607 omnes
2959 3555 3233 3608 homines
3263 3561 3510 3616 peccato
3536 3551 3750 3607 obnoxii

2156 3630 2312 3683 sunt,
2340 3626 2680 3690 semetipsos
2698 3625 2950 3690 profecto
2975 3627 3192 3680 debent
3211 3641 3538 3692 agnoscere
3557 3639 3748 3675 essem-

2154 3697 2318 3762 pidos
2349 3697 2704 3758 delictorum,
2730 3698 2942 3762 quippe
2957 3711 3093 3749 cum
3124 3699 3244 3750 sint
3269 3700 3384 3764 ipsi
3407 3698 3749 3762 voluptatum

2153 3771 2456 3832 amatores,
2482 3769 2537 3818 et
2564 3769 2774 3831 carnis,
2803 3781 2922 3820 non
2943 3769 3158 3821 debent
3180 3782 3388 3822 eorum
3412 3781 3624 3821 caussa
3642 3765 3749 3818 aliis

2153 3837 2474 3902 adnectere,
2497 3851 2741 3902 quorum
2756 3839 2866 3904 ipsi
2891 3840 3165 3892 videntur
3189 3841 3378 3894 fuisse
3393 3848 3641 3890 auctores.
3665 3841 3746 3886 Aut

2154 3912 2305 3961 certe
2343 3909 2538 3961 dicant
2567 3910 2733 3962 nobis
2757 3911 2857 3974 qui
2889 3923 3018 3963 sese
3043 3924 3173 3964 esse
3207 3912 3534 3976 prudentes
3565 3907 3744 3962 existi-

2154 3986 2334 4044 mant,
2357 3993 2545 4044 neque
2572 3994 2636 4033 ea
2662 3994 2796 4045 qum
2819 3982 3022 4034 dicunt
3043 3983 3364 4049 intelligere
3378 3987 3747 4049 possunt.ne-

2153 4124 2323 4174 tisma
2347 4123 2669 4188 impugnat,
2687 4136 2820 4188 qum
2843 4125 2958 4176 duo
2971 4127 3356 4190 postmodum
3377 4126 3754 4179 hmresisPela-

2151 4195 2342 4258 gianw
2367 4195 2554 4258 capita
2579 4195 2825 4247 fuerunt.
2851 4198 3038 4258 Quare
3074 4210 3194 4249 non
3228 4199 3529 4252 immerito
3551 4198 3643 4250 hic
3663 4195 3754 4247 ad-

2153 4271 2349 4318 monet
2386 4279 2630 4318 censura
2666 4269 3289 4332 Corbeiensis,Sotticite
3324 4271 3455 4336 tege,
3495 4271 3612 4320 ride
3633 4267 3755 4334 quid

2151 4337 2327 4388 lateat.
2350 4338 2511 4399 Quod
2538 4351 2674 4390 vero
2696 4339 2832 4389 hinc
2854 4340 3532 4406 conﬂciputant,Rntlno
3547 4342 3748 4390 adscribi

2151 4409 2306 4461 hunc
2329 4409 2538 4461 librum
2561 4423 2678 4461 non
2690 4411 2970 4474 potuisse,
2985 4413 3005 4448 ί
3033 4412 3306 4466 frivolum
3329 4416 3458 4476 erit,
3485 4417 3536 4466 si
3559 4423 3747 4464 verum

2151 4485 2238 4532 est
2250 4481 2403 4544 quod
2415 4481 2718 4533 Calestius
2741 4482 2802 4533 in
2815 4483 2976 4534 Actis
2985 4485 3552 4551 Carthaginensibus
3563 4499 3748 4546 respon-

2151 4551 2308 4624 disse
2349 4552 2576 4624 dicitur,
2618 4565 2678 4604 se
2714 4565 2749 4605 a
2797 4554 3005 4607 Ruﬁno
3044 4556 3318 4609 didicisse
3352 4559 3512 4622 quod
3543 4557 3748 4624 peccati

2152 4623 2360 4675 tradux
2383 4637 2498 4697 non
2519 4623 2610 4697 sit,
2635 4625 3128 4688 quemadmodum
3153 4641 3227 4680 ex
3243 4631 3411 4682 Actis
3427 4623 3575 4697 ipsis
3598 4632 3751 4679 recitat

2151 4696 2538 4760 Augustinus,
2571 4696 2643 4745 Dc
2682 4703 2892 4759 peccato
2915 4699 3188 4762 originali
3226 4717 3346 4766 cap.
3371 4702 3426 4757 3.
3463 4696 3752 4755 Caelestius

2150 4767 2314 4828 dixit,
2341 4767 2413 4816 De
2433 4767 2650 4817 traduce
2672 4769 2872 4832 peccati
2895 4783 2982 4819 me
3009 4771 3244 4821 dubium
3273 4788 3382 4823 esse
3409 4792 3421 4823 :
3460 4774 3542 4825 ita
3567 4779 3752 4834 tamen,

2151 4843 2210 4887 ut
2231 4838 2320 4886 cui
2343 4837 2566 4909 donavit
2591 4839 2728 4887 Deus
2750 4840 2990 4902 gratiam
3007 4842 3223 4905 peritiae
3243 4846 3608 4909 consentiam,
3633 4844 3752 4909 quia

2151 4909 2362 4958 diversa
2385 4908 2450 4958 ab
2474 4909 2544 4958 iis
2563 4909 2776 4971 audivi,
2795 4911 2892 4974 qui
2917 4913 3108 4976 utique
3131 4915 3195 4963 in
3217 4915 3462 4966 Ecclesia
3485 4908 3752 4968 Catholica

2149 4981 2421 5030 constituti
2453 4987 2579 5030 sunt
2609 4981 2930 5046 Presbyteri.
2972 4983 3249 5035 Paulinus
3275 4987 3562 5038 Diaconus
3605 4987 3752 5036 ἀει-ει.

2151 5052 2248 5102 Dic
2269 5052 2424 5101 nobis
2456 5054 2688 5102 nomina
2714 5053 2980 5118 ipsorum.
3021 5057 3295 5108 Calestius
3328 5060 3494 5123 dia-it,
3536 5061 3752 5110 Sanetus

2151 5124 2378 5183 Ruﬁnus
2405 5125 2585 5173 Romae
2621 5125 2718 5188 qui
2753 5127 2958 5174 mansit
2999 5141 3127 5176 cum
3167 5135 3356 5180 sancto
3378 5131 3748 5182 Pammachio.

2147 5195 2262 5268 Ego
2291 5195 2480 5268 audivi
2505 5195 2663 5268 illum
2697 5196 2974 5268 dicentem,
3001 5199 3152 5261 quod
3172 5202 3386 5251 tradux
3420 5205 3626 5268 peccati
3651 5215 3749 5250 non

2146 5267 2232 5314 sit.
2259 5266 2368 5317 Sed
2394 5266 2503 5318 hoc
2526 5267 2743 5318 omisso
2770 5266 2881 5318 alia
2899 5280 3014 5320 non
3041 5269 3281 5334 desunt,
3319 5277 3386 5324 ut
3419 5266 3645 5339 prmfati
3671 5285 3748 5323 su-

2146 5350 2294 5398 mus,
2321 5351 2423 5388 cur
2445 5350 2590 5402 opus
2625 5339 2733 5389 hoc
2770 5339 2978 5390 Rufino
3003 5341 3097 5392 vel
3122 5342 3356 5408 Pelagio
3379 5347 3622 5398 minime
3635 5356 3748 5396 con-

2148 5409 2362 5459 veniat.

2210 5480 2228 5514 ί
2257 5479 2488 5552 Minime
2518 5493 2654 5533 vero
2681 5495 2694 5544 ;
2725 5493 2916 5546 neque
2940 5483 3099 5535 enim
3127 5486 3200 5538 de
3215 5488 3582 5552 Aquileiensi
3602 5485 3746 5540 Ruﬁ-

2146 5563 2241 5613 no,
2275 5551 2475 5625 seddde
2505 5554 2848 5617 cognomlne
2871 5553 2983 5605 alio
3011 5551 3325 5610 Calestius
3347 5560 3622 5625 loquitur,
3638 5567 3741 5622 puta

2147 5625 2350 5686 Syrum
2373 5623 2738 5688 illum,quem
2763 5630 2959 5678 narrat
2981 5629 3205 5681 Marius
3229 5623 3522 5685 Mercator
3537 5635 3590 5682 in
3614 5637 3740 5682 Cum.

2145 5695 2637 5769 Iponitorio,_hanc
2665 5696 2954 5769 inimicam
2975 5705 3128 5749 recta:
3157 5702 3293 5763 ﬁdei
3330 5706 3733 5769 qumtionem....

2143 5765 2374 5838 Romam
2397 5767 2640 5830 primum
2666 5768 2949 5820 invenisse.
2981 5771 3099 5822 Nec
3142 5765 3494 5837 ignoramus
3523 5788 3645 5838 qua!
3675 5771 3732 5820 de

2141 5834 2458 5913 ipso_d_ispu
2466 5841 2592 5890 tant
2613 5838 2840 5913 eruditi.
2863 5839 2977 5894 Sed
2989 5834 3400 5908 Aquileiensis
3421 5834 3576 5913 apud
3595 5850 3733 5898 Pam-

2142 5907 2440 5962 machium
2463 5923 2578 5962 non
2606 5911 2791 5964 fuerit.
