3866 6206
128 380 161 436 1
173 380 202 435 1
214 379 299 435 45
1519 375 1655 427 LIB]

1931 372 2099 424 FIDE.
3318 368 3458 426 1146

126 507 260 558 que
277 494 354 545 de
372 493 586 558 quibus
602 493 900 557 disputant
920 491 1133 563 sentire
1150 495 1488 563 noscuntur,
1503 506 1593 563 cur
1607 491 1764 563 Adam
1788 490 1845 563 Α
1866 502 1958 536 nec
1979 483 2355 563 praevaricatio
2394 484 2565 563 (Rom.
2589 484 2640 539 4.
2667 482 2793 563 15_.).
2818 485 2861 537 E
2874 490 2897 537 t
2925 485 3154 563 iterum,
3178 483 3461 563 Peccatum

125 555 195 617 et
236 555 547 628 Even—cum
575 555 755 628 primo
789 562 1116 623 ceciderint,
1142 562 1397 614 secundo
1424 562 1625 613 cadere
1657 561 1767 611 mi-
1788 555 1845 563 ““
1865 564 2045 607 autem
2092 573 2203 606 non
2235 557 2556 628 imputatur,
2583 572 2704 606 cum
2729 557 2814 606 lea:
2830 573 2944 607 non
2968 562 3040 606 est
3062 558 3231 620 (Rom.
3254 556 3305 611 5.
3331 555 3459 619 13.).

129 637 311 688 nime
352 627 767 700 apposuerunt,
794 636 843 685 si
865 647 1063 686 eorum
1093 638 1301 684 natura
1331 646 1402 684 ex
1423 632 1766 697 preevarica-
1864 631 1932 680 Et
1955 630 2199 700 iterum,
2218 627 2346 677 Sine
2370 627 2473 700 lege
2495 628 2640 700 enim
2663 634 2938 700 peccatum
2961 633 3239 700 mortuum
3254 633 3342 700 est,
3366 642 3458 700 ego

128 708 308 759 tione
352 696 504 758 facta
545 706 837 770 peccatrix
862 718 896 757 a
932 704 1099 755 malis
1133 717 1194 755 se
1217 696 1449 768 penitus
1474 704 1766 755 abstinere
1863 706 2041 749 autem
2072 699 2309 749 vivebam
2350 699 2465 746 sine
2511 697 2616 770 lege
2649 699 2948 761 aliquando
2980 699 3154 770 (Rom.
3178 698 3228 752 7.
3254 696 3345 761 8.).
3374 698 3459 750 Si-

126 792 266 831 non
305 768 556 843 poterat.
588 780 784 841 Neque
816 776 968 828 enim
1007 775 1275 827 meminit
1298 787 1545 838 usquam
1570 775 1768 826 divina
1865 772 2075 823 militer
2099 777 2155 821 et
2179 772 2336 821 Deus
2357 769 2541 843 qusi
2564 768 2632 818 de
2658 772 2972 831 juvenibus
2988 769 3178 834 legem
3194 769 3454 843 condens

131 840 448 914 Scriptura
471 848 637 912 quasi
661 840 770 912 ipsi
795 847 1049 899 secundo
1081 847 1462 910 peccaverint,
1501 846 1671 897 sicuti
1694 845 1766 897 de
1865 845 2021 905 dicit,
2034 844 2161 893 Vivo
2190 857 2301 905 ego,
2329 846 2376 889 et
2400 840 2529 888 vivit
2551 853 2744 888 nomen
2768 855 2964 914 meum,
2995 848 3040 890 et
3068 840 3309 914 implevit
3324 840 3456 914 glo-

131 910 308 981 Cain,
346 910 505 983 quod
553 910 809 970 secundo
835 918 1093 983 peccavit
1115 930 1347 969 narrare
1375 929 1493 967 non
1518 916 1762 968 distulit.
1863 917 1953 964 ria
1980 914 2203 963 Domini
2224 926 2437 961 omnem
2466 915 2686 973 terram,
2707 912 2838 974 quia
2852 912 3264 983 omnesviriqui
3280 910 3459 983 vident

134 982 383 1055 Quippe
421 1003 554 1042 cum
590 990 764 1041 etiam
789 990 859 1039 de
883 989 1046 1052 Abel,
1072 988 1227 1052 quod
1250 1001 1285 1038 a
1307 988 1561 1052 peccatis
1599 988 1768 1039 fuerit
1864 986 2099 1051 gloriam
2123 999 2319 1046 meam,
2345 988 2393 1032 et
2414 983 2577 1046 signa
2599 996 2716 1045 quae
2738 982 2924 1055 fecigin
2937 982 3186 1047 zEgypto,
3210 983 3343 1055 etin
3368 982 3458 1031 de-

137 1052 406 1125 alienus,
431 1065 627 1125 aperte
650 1060 922 1111 docuerit.
952 1059 1098 1120 Quid
1124 1071 1262 1110 vero
1279 1059 1454 1109 etiam
1479 1058 1548 1109 de
1569 1058 1768 1109 Enoch
1865 1064 2001 1107 serto
2024 1058 2143 1119 isto,
2165 1062 2211 1105 et
2234 1055 2255 1085 ει
2276 1058 2615 1103 tentaverunt
2639 1067 2722 1102 me
2747 1052 2930 1125 decies,
2955 1058 2999 1100 et
3022 1068 3133 1102 non
3163 1053 3461 1125 audierunt

140 1138 337 1196 atque
363 1124 487 1184 Elia:
506 1132 715 1191 dicent,
732 1132 883 1195 quod
912 1144 1045 1181 cum
1071 1132 1219 1182 bene
1245 1130 1605 1194 placuissent
1628 1131 1763 1194 Deo,
1863 1144 2037 1179 vocem
2062 1143 2256 1189 meam,
2281 1126 2673 1190 quoniamnon
2697 1124 2949 1173 videbunt
2965 1128 3164 1196 terram
3181 1139 3352 1188 quam
3362 1124 3458 1187 ju-

138 1194 420 1255 translati
438 1208 598 1265 sunt,
612 1206 679 1253 ut
702 1194 946 1252 mortem
972 1201 1205 1265 penitus
1228 1213 1347 1251 non
1360 1200 1638 1260 viderent,
1649 1213 1766 1252 non
1864 1200 2006 1249 ravit
2026 1198 2273 1265 patribus
2296 1211 2503 1258 eorum,
2519 1196 2631 1244 nisi
2652 1195 2756 1258 ﬁlii
2772 1209 2959 1246 eorum
2986 1194 3083 1258 qui
3105 1200 3230 1243 sunt
3253 1210 3462 1245 mecum

135 1275 220 1326 ab
245 1274 426 1325 Adam
445 1272 922 1337 praevaricatione
934 1272 1206 1335 prohibiti
1218 1283 1548 1335 permanere
1564 1273 1769 1319 immor-
1868 1273 1955 1321 hic
1980 1272 2155 1335 hodie,
2180 1270 2488 1334 quicunque
2520 1268 2762 1316 nesciunt
2786 1267 2929 1318 bona
2962 1281 3053 1316 nec
3081 1266 3251 1329 mala,
3289 1268 3464 1316 omnis

136 1344 317 1403 tales,
362 1357 494 1395 cum
519 1356 619 1409 per
665 1342 908 1395 eosdem
952 1342 1102 1393 clare
1142 1342 1401 1393 docuerit
1424 1341 1764 1405 Unigenitus
1856 1343 2075 1407 juvenis
2118 1357 2324 1406 expers,
2363 1341 2449 1390 his
2490 1340 2627 1390 dabo
2653 1345 2856 1389 terram
2885 1339 3073 1399 (Num.
3099 1337 3466 1409 14.).Pariter

132 1417 307 1468 Deus
330 1419 466 1467 ante
478 1408 672 1467 carnal
686 1426 778 1465 em
790 1414 1109 1465 adventum
1122 1425 1294 1464 suum
1312 1425 1473 1476 spem
1486 1413 1670 1476 ipsam
1683 1425 1764 1463 re-
1863 1415 2037 1467 etiam
2084 1412 2366 1465 Dominus
2390 1417 2589 1464 noster
2612 1413 2645 1463 J
2650 1423 2786 1462 esus
2825 1409 3090 1461 Christus
3114 1409 3185 1460 de
3208 1408 3466 1473 parvulis

136 1487 527 1539 surrectionis
543 1488 571 1535 ‘?
595 1485 749 1548 Quid
775 1486 947 1536 etiam
965 1484 1036 1535 de
1054 1486 1169 1535 Noe
1182 1483 1395 1546 dicent,
1412 1496 1585 1547 quem
1606 1486 1764 1535 Deus
1864 1485 2048 1545 docet,
2074 1484 2229 1548 quod
2258 1484 2329 1534 ab
2353 1485 2513 1535 omni
2539 1487 2774 1547 peccato
2808 1482 3127 1545 sintalieni,
3154 1493 3289 1532 cum
3312 1480 3466 1539 dicit.

127 1560 378 1623 justum
402 1571 531 1610 esse
548 1562 793 1609 testatur
807 1561 831 1606 Ρ
850 1568 959 1608 nec
971 1556 1274 1607 nonetiam
1294 1568 1429 1606 cum
1442 1555 1564 1606 suis
1578 1555 1765 1606 omni-
1862 1556 2035 1605 Amen
2071 1555 2188 1605 dico
2226 1554 2385 1614 vobis,
2412 1553 2523 1601 nisi
2551 1552 2793 1602 conversi
2813 1551 3050 1613 fueritis,
3075 1557 3120 1623 et
3144 1550 3467 1623 efﬁciamini

139 1621 265 1681 bus
289 1630 384 1681 hic
407 1629 672 1681 eamdem
698 1627 948 1679 salutem
972 1627 1387 1690 meruit,quam
1410 1638 1518 1678 nos
1534 1638 1763 1690 quoque
1859 1628 1995 1676 sicut
2011 1625 2247 1689 parvuli,
2263 1624 2659 1673 nonintrabitis
2677 1624 2737 1671 in
2754 1636 2984 1686 regnum
2996 1621 3464 1685 caelorum(Matth.

135 1713 252 1766 per
285 1701 577 1765 baptisma
620 1711 1034 1763 promeremur,
1074 1698 1222 1750 sicut
1248 1699 1451 1750 beatus
1474 1700 1673 1749 Petrus
1696 1700 1757 1749 in
1862 1698 1948 1752 18.
2000 1696 2093 1761 3.).
2136 1699 2205 1749 Et
2240 1697 2448 1748 iterum
2484 1696 2557 1747 ad
2588 1694 2900 1766 discipulos
2943 1706 3080 1766 suos
3110 1693 3266 1766 dicit,
3295 1693 3469 1743 Sinite

141 1763 261 1824 Sua.
306 1763 559 1835 Epistola
595 1770 780 1834 docet,
821 1782 955 1821 cum
980 1769 1134 1833 dicit,
1165 1769 1230 1818 In
1251 1784 1355 1832 quo
1388 1774 1433 1817 et
1460 1769 1546 1817 his
1570 1769 1664 1832 qui
1694 1769 1755 1817 in
1856 1769 2111 1834 parvulos
2134 1769 2316 1818 venire
2350 1769 2423 1817 ad
2445 1782 2547 1827 me,
2796 1769 2839 1815 et
2865 1765 3027 1816 nolite
3047 1764 3335 1829 prohibere
3356 1780 3463 1824 eos,

140 1858 361 1892 carcere
388 1847 543 1891 erant
565 1841 845 1905 spiritibus
867 1841 1080 1889 veniens
1101 1840 1553 1905 praedicavit,qui
1578 1840 1752 1889 incre-
1774 1856 1828 1930 B
1856 1841 2050 1890 talium
2071 1841 2218 1890 enim
2238 1845 2309 1889 est
2332 1853 2561 1903 regnum
2587 1838 2877 1887 Dei.Amen
2893 1837 3011 1887 dico
3029 1836 3187 1897 vobis,
3204 1837 3466 1901 quicum-

166 1914 180 1930 υ
234 1914 273 1930 ι·
319 1913 343 1930 Δ
392 1929 397 1930 ,
521 1919 532 1930 .
590 1912 705 1930 ,lre,
744 1927 797 1930 _.,_
824 1912 872 1930 Al-
958 1910 1248 1930 _e_.---nnl,_n
1289 1912 1374 1930 Π-)
1410 1912 1663 1930 --ηιξ----ιδῃ
1694 1912 1741 1930 3η
1872 1928 1909 1930 4..
1948 1928 1957 1930 _
2002 1929 2009 1930 ,
2032 1928 2043 1930 _
2076 1929 2081 1930 ,
2126 1928 2141 1930 _
2164 1913 2371 1930 _-__-_--:1
2402 1924 2620 1930 .--λη-η.-
2661 1909 2747 1930 n-.'
2774 1908 2905 1930 -.'--.A
2931 1907 3193 1930 ..-..-...1....
3247 1922 3352 1930 μ-..
3374 1907 3431 1930 ἔ...

142 1914 273 1963 duli
310 1913 533 1976 fuerant
576 1912 896 1976 aliquando,
947 1910 1249 1975 expectabat
1279 1912 1374 1960 Dei
1401 1912 1668 1973 patientia
1689 1912 1750 1960 in
1775 1907 1828 1930 ¹¹
1859 1928 1961 1976 que
1983 1928 2092 1961 non
2115 1913 2371 1975 acceperit
2397 1924 2627 1973 regnum
2653 1909 2747 1958 Dei
2769 1908 2905 1957 sicut
2928 1907 3212 1972 parvulus,
3246 1922 3356 1956 non
3373 1907 3461 1955 in-

141 1984 337 2034 diebus
377 1985 506 2043 Noe,
550 1999 673 2032 cum
703 1984 1069 2046 fabricaretur
1101 1998 1251 2045 arca,
1268 1982 1329 2031 in
1354 1998 1466 2047 qua
1500 1983 1681 2047 pauci,
1708 1983 1766 2031 id
1864 1983 2027 2032 trabit
2050 1984 2111 2031 in
2134 1982 2287 2031 illud.
2315 1980 2582 2032 Similiter
2605 1984 2801 2032 autem
2824 1980 2997 2031 etiam
3022 1980 3228 2030 beatus
3253 1977 3465 2029 Paulus

141 2061 243 2112 est,
287 2062 399 2104 octo
452 2055 653 2103 animae
692 2054 848 2103 salvae
891 2054 1042 2115 factae
1081 2060 1206 2103 sunt
1243 2068 1340 2117 per
1372 2070 1596 2117 aquam,
1622 2054 1769 2119 quod
1864 2054 2028 2118 dixit,
2058 2054 2233 2103 Nolite
2268 2054 2425 2118 pueri
2446 2053 2586 2115 efﬁci
2605 2051 2861 2114 sensibus,
2891 2050 2981 2099 sed
3005 2050 3225 2100 malitia
3246 2049 3468 2114 parvuli

141 2132 193 2176 et
248 2141 338 2176 vos
382 2141 530 2175 nunc
572 2125 743 2174 simili
786 2124 971 2186 forma
1016 2125 1191 2174 salvos
1234 2126 1367 2188 facit
1401 2125 1669 2189 baptisma
1693 2126 1763 2189 (1.
1862 2131 2015 2175 estote
2059 2127 2127 2187 (1.
2167 2126 2288 2175 Cor.
2330 2123 2570 2184 14.11.).
2607 2124 2676 2175 Et
2697 2123 2909 2174 iterum
2934 2122 3005 2173 de
3034 2123 3184 2172 Esau
3208 2124 3266 2173 et
3287 2120 3466 2172 Jacob

147 2198 298 2247 Patr.
321 2195 450 2259 3.5.)
467 2231 480 2245 ο
1863 2196 2031 2248 docet
2054 2196 2135 2247 sic
2150 2196 2365 2254 dicens,
2394 2196 2531 2246 Cum
2547 2195 2775 2244 necdum
2797 2194 2917 2242 nati
2939 2198 3122 2255 essent,
3146 2208 3240 2241 nec
3254 2191 3469 2253 aliquid

211 2269 335 2319 XL.
371 2267 470 2317 Sin
494 2278 649 2327 vero,
668 2272 734 2317 ut
755 2266 865 2330 ipsi
891 2270 1186 2328 asserunt,
1211 2270 1445 2330 propter
1470 2272 1766 2331 peccatum
1862 2269 2106 2331 fecissent
2150 2267 2275 2316 boni
2318 2268 2394 2316 vel
2422 2266 2557 2316 mali
2604 2267 2772 2326 (Rom.
2808 2265 2858 2319 9.
2910 2264 3037 2327 12.).
3074 2264 3237 2315 Pueri
3271 2264 3467 2326 igitur.

143 2339 339 2407 Adam
363 2338 690 2390 moriuntur
711 2337 981 2400 infantes,
1018 2336 1215 2388 dicant
1257 2338 1425 2388 nobis
1450 2352 1551 2388 cur
1574 2339 1769 2407 statim
1867 2340 2017 2391 sicut
2040 2340 2164 2403 ipsa
2196 2338 2391 2390 divina
2411 2338 2699 2401 Scriptura
2723 2336 3036 2400 perdocuit,
3056 2338 3222 2407 quasi
3237 2335 3467 2407 penitus

141 2406 425 2475 baptiZati
482 2414 726 2460 mortem
778 2413 1012 2471 gustare
1057 2409 1525 2472 permittuntur?
1588 2406 1765 2476 604
1867 2411 2103 2470 innoxii,
2123 2422 2311 2473 neque
2339 2408 2616 2460 malitiam
2642 2421 2877 2472 prorsus
2895 2406 3468 2476 experti.bonietism,

141 2483 372 2546 Quippe
394 2494 528 2532 cum
552 2493 753 2532 omnes
778 2481 877 2543 qui
897 2480 1170 2543 baptizati
1186 2484 1341 2544 sunt,
1361 2484 1418 2530 et
1433 2475 1768 2546 propterboc
1867 2481 1961 2531 vel
1982 2480 2116 2530 mali
2136 2478 2905 2541 discretionemignorantes,
2929 2476 3081 2541 ignis
3093 2475 3294 2528 mterni
3311 2489 3468 2535 paenae

142 2553 254 2605 filii
267 2545 385 2604 Dei
411 2551 567 2614 facti,
587 2556 888 2615 peccatum
916 2551 1126 2602 habere
1155 2560 1305 2601 non-
1332 2556 1596 2613 possunt.
1624 2553 1693 2602 Et
1716 2545 1766 2601 si
1866 2552 2099 2602 minime
2113 2550 2757 2613 mancipantur,quippe
2770 2562 2903 2599 cum
2918 2548 3070 2612 ignis
3087 2554 3326 2596 aeternum
3346 2560 3469 2607 sup-

143 2624 389 2689 quidem
412 2627 643 2688 propter
666 2627 966 2684 peccatum
988 2621 1176 2673 Adam
1195 2621 1773 2691 baptizanturinfanf
1864 2623 2097 2687 plicium
2123 2621 2313 2683 impiis
2336 2624 2395 2671 et
2417 2620 2816 2691 peccatoribus
2837 2622 3223 2691 praeparatum
3235 2621 3342 2669 est.
3361 2615 3467 2668 Sed

142 2701 259 2759 tes,
285 2695 385 2759 qui
410 2708 480 2745 ex
496 2695 833 2758 parentibus
854 2692 1196 2744 Christianis
1218 2692 1341 2743 nati
1358 2697 1514 2754 sunt,
1530 2689 1768 2753 baptizari
1864 2698 1922 2745 et
1945 2693 2039 2744 isti
2064 2692 2298 2755 quidem
2321 2703 2454 2743 cum
2479 2702 2586 2742 sua
2617 2690 2901 2751 imperitia
2929 2689 3311 2759 dimittantur.

143 2757 389 2817 minime
404 2765 425 2794 δ
440 2757 751 2827 debebunt,
775 2769 833 2816 et
855 2764 1024 2826 quasi
1043 2762 1228 2814 sancti
1255 2763 1490 2826 perinde
1525 2766 1771 2813 haberen-
1928 2765 2097 2815 XLII.
2123 2765 2345 2814 Rursus
2368 2766 2563 2814 autem
2586 2760 2883 2823 docentur,
2898 2759 3128 2823 quodin
3150 2757 3468 2809 novissimo

147 2844 265 2897 tur,
290 2836 427 2900 quia
447 2836 518 2887 de
542 2835 876 2900 parentibus
894 2839 1032 2886 sunt
1053 2834 1326 2885 ﬁdelibus
1350 2834 1651 2898 procreati,
1669 2835 1772 2886 sic-
1866 2834 2091 2886 dierum
2119 2832 2452 2897 unigenitus
2476 2834 2631 2883 Deus
2648 2829 3237 2891 Verbum,voluntate
3251 2828 3405 2900 Patris
3424 2834 3471 2876 et

145 2914 221 2960 ut
240 2899 444 2959 beatus
478 2899 688 2958 Paulus
714 2906 882 2958 docet
904 2907 1014 2957 hoc
1038 2904 1209 2956 modo
1256 2905 1473 2965 dicens,
1507 2905 1770 2970 Alioquin
1866 2905 2114 2970 Spiritus
2140 2904 2341 2961 sancti,
2366 2903 2712 2968 complacuit
2729 2902 2902 2953 homo
2934 2900 3158 2952 ﬂeri.Et
3180 2899 3335 2963 quod
3369 2911 3471 2949 vo-

144 2980 258 3044 ﬁtii
302 2978 459 3028 vestri
504 2976 781 3026 immundi
826 2981 973 3038 sunt,
1024 2992 1171 3025 nunc
1199 2990 1330 3024 vero
1353 2977 1527 3025 sancti
1548 2983 1674 3025 sunt
1694 2977 1765 3040 (i-
1865 2976 2089 3029 luntate
2115 2976 2295 3027 Patris
2312 2974 2501 3026 factus
2520 2980 2626 3038 est,
2641 2977 2837 3039 aperte
2855 2972 3054 3025 docuit
3069 2973 3273 3044 beatus
3285 2972 3470 3044 Papius

152 3050 279 3101 Cor.
313 3048 363 3103 7.
394 3047 464 3101 24
487 3049 525 3111 ).
559 3047 824 3099 Similiter
857 3051 1054 3098 autem
1079 3046 1252 3098 etiam
1279 3046 1490 3098 beatus
1512 3048 1769 3099 Joannes
1865 3049 1945 3101 ita
1969 3048 2187 3111 dicens,
2212 3048 2279 3097 At
2296 3046 2391 3097 ubi
2410 3048 2551 3096 venit
2570 3046 2851 3111 plenitudo
2872 3044 3144 3109 temporis,
3169 3041 3472 3091 misitDeus

148 3122 294 3173 dicit
317 3119 389 3171 de
408 3118 776 3184 procreandis
792 3116 941 3181 ﬁliis,
959 3118 1094 3180 quia
1116 3117 1481 3180 simulatque
1504 3130 1757 3170 nascun-
1856 3120 2061 3170 Filium
2095 3134 2259 3168 suum
2283 3120 2493 3181 factum
2521 3134 2589 3167 eae
2620 3117 2864 3179 muliere,
2888 3117 3097 3180 factum
3122 3113 3218 3163 sub
3248 3115 3376 3184 lege,
3410 3117 3471 3161 ut

152 3199 252 3245 tur
292 3190 791 3243 inluminationem
839 3188 1314 3240 sanctlllcationis
1350 3189 1423 3240 ab
1446 3190 1756 3253 Unigenito
1855 3206 1939 3244 eos
1952 3192 2049 3255 qui
2068 3190 2165 3239 sub
2184 3190 2291 3252 lege
2306 3196 2465 3238 erant
2480 3190 2784 3253 redimeret,
2806 3194 2852 3237 ct
2870 3187 3212 3251 adoptionem
3226 3183 3469 3245 ﬁliorum

152 3263 346 3342 Verbo
368 3261 706 3342 percipiunt,
731 3273 866 3341 cum
884 3259 1042 3340 dicit,
1060 3260 1193 3342 E_‘rat
1330 3274 1607 3342 verm-quae
1618 3262 1770 3342 inlu-
1793 3267 1841 3342 ρ
1871 3264 2221 3342 recipere-mus
2245 3260 2379 3325 (Gal.
2603 3260 2846 3342 thuod
2868 3260 3041 3342 etiam
3068 3258 3245 3342 Filius
3270 3255 3470 3342 volens

150 3334 331 3383 minat
354 3346 567 3381 omnem
591 3331 867 3379 hominem
892 3331 1184 3378 venientem
1211 3331 1274 3378 in
1302 3330 1571 3379 mundum
1590 3331 1766 3396 (Joan.
1798 3327 1841 3342 ν
1872 3333 2055 3385 factus
2078 3338 2167 3385 est
2189 3332 2361 3383 homo
2384 3332 2647 3384 similiter
2670 3334 2871 3384 beatus
2898 3330 3109 3383 Paulus
3130 3328 3359 3381 edocuit
3380 3327 3470 3378 di-

153 3405 203 3459 1.
235 3403 327 3467 9.).
350 3403 648 3466 Baptisma
668 3402 844 3466 igitur
867 3401 1120 3453 infantes
1145 3413 1267 3453 non
1293 3406 1525 3465 propter
1541 3409 1773 3466 peccata
1870 3418 2024 3456 cens.
2043 3405 2146 3464 Qui
2170 3419 2294 3453 cum
2315 3405 2375 3452 in
2401 3404 2585 3466 forma
2612 3405 2709 3453 Dei
2731 3409 2874 3463 esset,
2897 3418 3009 3451 non
3040 3401 3301 3465 rapinam
3323 3398 3471 3448 arbi-

154 3474 495 3541 percipiunt,
523 3473 625 3525 sed
651 3480 715 3524 ut
744 3473 1059 3537 spiritalem
1085 3473 1540 3536 procreationem
1556 3474 1771 3526 haben-
1870 3481 2042 3525 tratus
2075 3480 2145 3525 est
2169 3490 2272 3524 esse
2292 3490 2345 3524 se
2362 3475 2619 3539 aequalem
2652 3475 2775 3537 Deo,
2798 3476 2888 3523 sed
2910 3472 3251 3537 semetipsum
3273 3470 3473 3519 exina-

156 3552 270 3609 tes,
295 3546 461 3608 quasi
481 3558 579 3608 per
602 3545 890 3608 baptisma
903 3544 961 3594 in
978 3543 1205 3594 Christo
1218 3541 1502 3607 creentur,
1522 3546 1774 3609 etipsius
1868 3548 2007 3596 nivit
2037 3547 2277 3609 formam
2314 3547 2450 3594 servi
2488 3547 2755 3609 accipiens
2780 3544 3004 3609 (Philip.
3032 3543 3083 3597 ἓ.
3105 3542 3195 3605 6.).
3224 3543 3294 3593 Et
3315 3540 3469 3605 quod

158 3617 325 3679 regni
349 3614 599 3666 caelestis
618 3614 923 3679 participes
961 3614 1120 3673 ﬂant,
1158 3614 1309 3666 sicut
1330 3615 1535 3666 beatus
1562 3617 1770 3668 Paulus
1869 3618 2170 3669 voluntate
2206 3618 2418 3682 pariter
2459 3617 2704 3681 Spiritus
2744 3616 2932 3667 sancti
2956 3616 3140 3666 factus
3163 3617 3255 3665 est
3274 3613 3470 3673 homo,

157 3688 325 3739 docet
359 3687 467 3737 hoc
502 3686 691 3745 modo,
744 3685 804 3736 Si
828 3701 938 3749 qua
985 3686 1043 3732 in
1091 3685 1304 3735 Christo
1342 3702 1486 3736 nova
1520 3695 1773 3739 creatura
1872 3689 2037 3740 testis
2062 3692 2152 3740 est
2176 3688 2451 3751 Angelus,
2472 3687 2791 3751 quivirgini
2814 3686 3009 3739 Marim
3033 3683 3471 3748 evangelizavit,

180 3757 231 3812 ‘2.
262 3758 383 3807 Cor.
407 3756 457 3810 5.
489 3757 614 3819 17.).
642 3760 711 3808 Et
734 3757 963 3808 iterum.
993 3755 1095 3805 Sin
1118 3762 1295 3805 autem
1319 3758 1425 3820 ﬁlii
1451 3764 1495 3807 et
1522 3761 1768 3814 heredes,
1870 3762 1953 3812 sic
1976 3760 2195 3816 dicens.
2235 3759 2472 3823 Spiritus
2511 3765 2729 3808 sanctus
2754 3759 2923 3807 veniet
2954 3772 3115 3821 super
3138 3761 3203 3816 te,
3228 3761 3273 3804 et
3304 3756 3474 3804 virtus

160 3828 387 3879 heredes
427 3827 651 3891 quidem
689 3828 806 3885 Dei,
832 3826 1121 3876 coheredes
1159 3835 1338 3876 autem
1371 3830 1574 3879 Christi
1605 3832 1771 3895 (Rom.
1869 3831 2123 3880 altissimi
2156 3829 2495 3879 obumbrabit
2526 3835 2587 3882 te.
2617 3830 2737 3879 Ideo
2762 3828 2909 3893 quod
2932 3834 3183 3877 nascetur
3205 3830 3471 3884 sanctum,

158 3900 213 3953 8.
249 3898 375 3961 17.).
404 3899 571 3950 Unde
594 3897 905 3957 Cornelius,
931 3897 1028 3961 qui
1070 3899 1399 3951 testimonio
1425 3901 1528 3951 Dei
1548 3902 1775 3965 justitia
1868 3903 2148 3953 vocabitur
2168 3902 2343 3951 Filius
2359 3901 2615 3966 Dei(Luc.
2635 3900 2685 3955 1.
2709 3899 2839 3961 35.),
2862 3900 3155 3952 Etiterum
3178 3898 3238 3949 in
3254 3898 3474 3949 somnis

158 3971 471 4029 nitebatur,
497 3970 706 4034 quippe
728 3970 1019 4034 baptisma
1039 3969 1278 4032 spiritus
1304 3970 1453 4022 sicut
1472 3976 1529 4023 et
1546 3976 1770 4034 Apostoll
1868 3975 2021 4026 idem
2049 3973 2303 4037 Angelus
2336 3973 2418 4024 ait
2441 3973 2514 4024 ad
2536 3972 2774 4036 Joseph,
2798 3972 2945 4022 Nam
2974 3971 3119 4035 quod
3140 3974 3385 4019 noscetur
3406 3985 3473 4018 ea:

158 4045 511 4107 perceperat,
534 4046 591 4092 et
615 4042 797 4092 sancti
829 4040 1073 4104 Spiritus
1104 4043 1387 4105 particeps
1411 4047 1548 4106 erat,
1578 4056 1689 4108 quo
1712 4046 1771 4096 in
1866 4060 1929 4093 ea
1961 4045 2024 4093 de
2049 4045 2263 4108 Spiritu
2285 4049 2472 4093 sancto
2496 4049 2566 4092 est
2593 4044 2804 4104 (Matth.
2838 4043 2887 4097 1.
2919 4041 3046 4103 20.).
3092 4040 3359 4093 Similiter
3381 4052 3476 4091 au-

160 4127 225 4165 se
248 4114 610 4165 inhabitante
635 4117 937 4177 peccatum
956 4112 1187 4175 penitus
1203 4112 1415 4165 habere
1426 4126 1542 4166 non
1560 4123 1769 4179 poterat,
1871 4120 1987 4167 tem
2010 4117 2220 4167 beatus
2243 4115 2554 4167 Matthazus
2581 4114 2738 4177 dicit,
2775 4115 3002 4163 Inventa
3017 4118 3087 4162 est
3112 4112 3175 4161 in
3195 4117 3343 4160 utero
3370 4111 3473 4160 ha-

159 4185 489 4237 necessario
515 4189 708 4236 tamen
749 4184 923 4235 etiam
960 4182 1057 4232 illo
1092 4183 1456 4249 baptismate,
1490 4186 1643 4248 quod
1670 4200 1771 4250 per
1869 4186 1991 4235 bene
2014 4187 2076 4235 de
2098 4186 2313 4250 Spiritu
2337 4190 2520 4235 sancto
2545 4185 2756 4245 (Matth.
2784 4184 2832 4238 1.
2862 4184 2987 4247 18.).

159 4268 374 4320 aquam
419 4255 679 4319 traditur,
719 4255 933 4317 dignus
969 4254 1203 4305 habitus
1227 4258 1336 4318 est,
1363 4261 1427 4306 ut
1448 4257 1769 4309 secundum
1932 4258 2122 4308 XLIII.
2158 4259 2370 4308 Factus
2406 4256 2580 4320 igitur
2602 4256 2775 4307 homo
2803 4254 3134 4319 unigenitus
3158 4255 3312 4304 Deus
3332 4253 3474 4304 Ver-

162 4329 397 4379 beatum
424 4327 661 4377 Paulum
691 4326 1119 4390 complantatus
1148 4329 1376 4389 propter
1411 4332 1657 4379 mortem
1692 4329 1769 4379 si—
1870 4329 2028 4391 bum,
2055 4341 2127 4379 ex
2157 4328 2333 4379 Maria
2355 4327 2591 4391 quidem
2616 4339 2841 4391 semper
2861 4327 3083 4389 virgine
3096 4336 3305 4388 corpus
3327 4322 3476 4374 acci-

160 4396 506 4449 militudinis
531 4397 761 4460 Christi,
788 4398 964 4449 etiam
999 4396 1188 4459 ipsius
1210 4398 1647 4449 resurrectionis
1671 4411 1770 4451 co-
1867 4400 2052 4463 piens,
2087 4407 2105 4427 ο
2142 4399 2394 4449 animam
2436 4397 2835 4451 rationabilem
2885 4398 2991 4448 sibi
3039 4395 3302 4457 creando,
3350 4395 3475 4459 ejus

162 4471 349 4521 haeres
374 4469 674 4519 existeret.
1872 4470 2219 4522 substantiae
2241 4468 2259 4498 '
2281 4471 2449 4533 cujus
2482 4474 2683 4522 nostra
2710 4474 2817 4532 est,
2852 4481 2925 4520 ex
2947 4469 3073 4533 ipsa
3096 4479 3321 4531 semper
3344 4466 3474 4516 Vir-

230 4540 369 4590 XLI.
398 4540 541 4601 Quia
564 4539 739 4603 igitur
760 4537 992 4601 quidam
1020 4538 1447 4602 Scripturarum
1472 4540 1774 4593 inscientia
1872 4543 2005 4605 gine
2030 4542 2292 4594 nascitur
2312 4542 2506 4606 homo,
2527 4542 2888 4595 sicutilsaias
2900 4540 3297 4605 prophetando
3308 4538 3473 4596 dixit.

163 4609 523 4710 divinarum,l
537 4609 598 4660 in
622 4609 897 4661 nefariam
922 4614 981 4661 et
1002 4609 1283 4710 injustam
1304 4609 1375 4661 de
1400 4610 1631 4664 Christo
1666 4625 1770 4665 vo-
1794 4635 1852 4710 D
2018 4614 2205 4710 cVirgo
2242 4614 2304 4663 in
2328 4620 2477 4663 utero
2504 4614 2726 4679 accipiet
2758 4613 3014 4710 etApariet
3036 4612 3226 4676 filium
3249 4611 3396 4710 (Esa.
3424 4609 3476 4663 7.

165 4693 287 4710 nam
318 4692 384 4710 on
434 4693 501 4710 nn
556 4693 853 4710 omnmnnnn
896 4693 1125 4710 νιοοηνιοῇ
1159 4694 1219 4710 ac
1260 4694 1387 4710 num
1417 4695 1619 4710 nun-inn
1658 4684 1733 4710 mi
1932 4708 1935 4710 .
2059 4698 2251 4710 nmnn-
2273 4689 2461 4710 ΛηιΛ-ν.
2490 4686 2783 4710 ῗΗ-ιηὲηΛσ-νι
2844 4684 2945 4710 iui.
2977 4688 3233 4710 nnnninm
3250 4686 3351 4710 υσυ-
3374 4696 3452 4710 ατη

163 4693 292 4734 cem
316 4680 532 4731 audent
556 4693 873 4745 erumpere,
894 4685 1222 4731 asserentes
1260 4694 1390 4732 eum
1417 4695 1623 4745 pueros
1658 4684 1770 4734 mi-
1796 4680 1851 4710 υ
1876 4684 1979 4747 it.)
2018 4686 2251 4749 Semper
2272 4689 2466 4737 autem
2490 4686 2787 4748 Virginem
2803 4684 2951 4735 dixit
2977 4688 3237 4735 sanctam
3250 4684 3472 4740 Mariam,

164 4753 320 4804 nime
354 4752 674 4815 baptizatos
699 4761 717 4781 °
745 4752 946 4803 aeterni
969 4752 1125 4815 ignis
1150 4764 1339 4816 poenas
1362 4753 1656 4818 deputare,
1673 4755 1771 4818 qui
1871 4757 2148 4820 quoniam
2172 4756 2323 4807 sicut
2342 4757 2500 4820 virgo
2524 4756 2803 4820 concepit,
2833 4755 2915 4806 sic
2946 4754 3122 4807 etiam
3159 4753 3319 4818 virgo
3351 4765 3475 4817 per-

165 4823 379 4874 assolet
402 4823 459 4873 in
474 4823 781 4887 Scripturis
804 4824 1073 4887 gehenna
1097 4824 1382 4875 nominari
1408 4843 1421 4874 :
1449 4824 1678 4877 discant
1696 4838 1771 4877 ex
1871 4839 2115 4878 manens
2136 4827 2370 4891 peperit.
2394 4829 2537 4877 Nam
2551 4826 2838 4890 quomodo
2855 4826 3086 4890 signum
3103 4824 3259 4888 quod
3274 4824 3471 4876 datum

168 4894 381 4974 divinis
400 4894 893 4974 Scripturis,quod
914 4894 1065 4974 ignis
1087 4895 1484 4974 mternipmna
1503 4896 1772 4974 innocen-
1871 4903 1959 4974 est
1987 4900 2168 4974 a_Deo
2181 4898 2370 4949 Achaz
2393 4910 2592 4949 verum
2604 4898 2749 4949 erit?
2765 4897 2822 4947 Si
2828 4897 3009 4974 igitur
3033 4909 3154 4948 non
3178 4906 3475 4974 permane-

168 4965 424 5027 tibus,ac
450 4964 679 5027 penitus
698 4969 997 5027 peccatum
1015 4966 1436 5030 ignorantibus,
1456 4973 1772 5031 praeparata
1871 4973 1958 5020 ret
1988 4970 2152 5032 virgo
2189 4974 2320 5033 post
2344 4973 2590 5031 partum,
2614 4972 2672 5019 et
2694 4968 2848 5030 quod
2870 4968 3034 5031 virgo
3059 4966 3339 5031 concepit,
3371 4964 3475 5014 mi-

169 5049 287 5087 non
311 5037 402 5099 sit,
427 5036 528 5087 sed
555 5037 639 5087 eis
661 5037 759 5099 qui
782 5035 970 5101 legem
985 5038 1087 5088 Dei
1106 5038 1623 5101 praevaricatinoscu
1633 5046 1769 5103 ntur,
1870 5040 2027 5092 nime
2046 5040 2399 5092 credendum
2416 5042 2526 5090 est.
2547 5038 2691 5100 Quid
2704 5040 2859 5091 enim
2878 5036 3399 5099 dicitEvangelista
3413 5036 3474 5083 de

171 5107 321 5158 sicut
335 5108 540 5158 beatus
557 5106 768 5159 Paulus
784 5107 1772 5174 docethocmod0,Scimusquoniam
1870 5111 2129 5175 Joseph‘l
2171 5111 2240 5160 Et
2266 5126 2378 5159 non
2414 5111 2655 5173 cognovit
2698 5125 2819 5160 eam
2855 5111 3018 5160 donec
3054 5107 3256 5172 peperit
3292 5105 3470 5167 ﬁlium

171 5193 498 5243 quaecunque
535 5178 621 5227 lea:
644 5178 905 5242 loquitur,
936 5179 1021 5228 his
1049 5180 1145 5243 qui
1170 5180 1226 5227 in
1254 5179 1363 5243 lege
1379 5186 1507 5229 sunt
1530 5181 1774 5244 loquitur
1869 5197 2034 5231 suum
2071 5182 2284 5247 (Matth.
2332 5180 2381 5235 1.
2431 5179 2559 5243 25.).
2601 5180 2660 5233 id
2699 5187 2809 5245 est,
2846 5194 2964 5233 non
2999 5181 3234 5247 noverat
3255 5176 3472 5227 certius

176 5251 342 5313 (Rom.
391 5248 441 5303 3.
496 5249 618 5314 19.).
656 5252 727 5302 Et
767 5251 993 5309 iterum,
1040 5251 1143 5299 Per
1181 5250 1343 5314 legem
1366 5253 1513 5301 enim
1536 5254 1770 5315 cognitio
1872 5254 2026 5316 quod
2049 5246 2175 5317 ipsa
2197 5258 2319 5306 erat
2342 5253 2538 5317 Virgo,
2574 5265 2705 5316 quae
2728 5253 3016 5305 Christum
3041 5246 3293 5312 paritura
3325 5259 3474 5309 pra:-

171 5321 370 5384 peccati
411 5320 561 5383 (Ibid.
608 5319 733 5384 20.).
770 5323 841 5372 Et
871 5322 1101 5380 iterum,
1144 5320 1241 5369 Ubi
1264 5322 1412 5369 enim
1426 5337 1540 5371 non
1562 5329 1634 5372 est
1664 5324 1768 5389 leae,
1871 5324 2026 5378 dicta
2040 5328 2149 5390 est,
2171 5326 2285 5377 nisi
2308 5328 2649 5390 postpartus
2673 5325 2975 5376 editionem
2998 5319 3350 5371 documenta
3362 5318 3475 5368 vir-

235 5472 253 5491 ⁸
285 5463 409 5526 Ms,
437 5463 665 5512 Possint.
1873 5465 2044 5530 tione,
2078 5467 2181 5519 sed
2218 5466 2475 5519 omnium
2494 5464 2812 5517 mitissima
2829 5466 2885 5514 et
2906 5457 3199 5513 levissima
3220 5455 3472 5530 futuros.

235 5533 256 5562 δ
281 5533 402 5595 Ms,
428 5533 676 5585 Debeant.
1871 5538 2084 5587 Verum
2124 5539 2185 5589 in
2215 5537 2629 5600 Augustinum,
2657 5535 2753 5600 qui
2779 5531 3077 5599 posterior,
3103 5529 3308 5579 nostra
3342 5540 3476 5581 sen-

237 5613 255 5633 °
283 5603 493 5653 ίΕιετιηί
510 5605 654 5667 ignis
673 5604 1149 5670 pmnaedeputare.)
1179 5605 1467 5665 Quosnam
1485 5606 1772 5671 prmcipue
1872 5610 2069 5671 tentia,
2094 5608 2217 5668 fuit,
2234 5608 2360 5658 haec
2386 5607 2589 5659 cadere
2610 5619 2729 5659 non
2762 5604 3023 5671 possunt.

175 5674 455 5737 designet,
480 5676 765 5727 incertum
792 5678 880 5726 est
907 5689 917 5724 :
964 5675 1075 5726 hoc
1109 5672 1488 5736 exploratum,
1526 5674 1772 5729 haesisse
1933 5678 1954 5707 ’³
1979 5681 2103 5743 Ms.,
2139 5678 2570 5727 Tentaveruntin
2587 5680 2684 5728 hoc
2707 5679 2887 5727 decies.

177 5745 479 5808 aliquando
523 5748 583 5797 in
628 5748 734 5798 hac
754 5746 978 5797 salebra
1000 5747 1057 5795 S.
1081 5745 1467 5808 Augustinum
1496 5759 1508 5795 :
1542 5746 1633 5795 cui
1663 5749 1773 5799 etsi
1936 5757 1955 5777 ι
1988 5751 2115 5811 Ms.,
2145 5748 2411 5798 Animam
2437 5762 2555 5796 vero
2585 5749 2932 5798 rationalem.

178 5818 377 5868 dorum
393 5818 451 5869 id
474 5818 794 5877 videbatur,
821 5828 937 5867 non
962 5815 1248 5867 dubitavit
1273 5820 1480 5876 tamen,
1499 5818 1772 5880 parvulos
1936 5820 1951 5849 ί
1980 5821 2103 5884 Ms.,
2131 5818 2298 5883 Cujus
2321 5817 2484 5866 etiam
2507 5824 2697 5869 nostra
2718 5825 2810 5871 est.

181 5900 428 5954 quoque,
458 5889 560 5954 qui
590 5889 712 5944 sine
741 5888 1031 5953 baptisma
1051 5888 1295 5950 exirent,
1316 5887 1377 5940 in
1398 5886 1508 5941 hac
1529 5886 1770 5943 damna-
