3866 6206
413 370 552 426 1147

1722 369 1968 422 RUFINI
2003 366 2396 420 PALIESTINI

3590 369 3714 423 1148

411 481 668 556 ginitatis
693 483 819 540 ejus
852 492 1086 556 manere
1123 479 1462 556 agnovisset
1497 479 1726 556 intactaf
1775 482 2007 556 Necnon
2033 483 2086 556 Α
2110 478 2263 556 dicit,
2299 478 2410 556 Hoc
2447 477 2594 556 enim
2615 477 2799 527 sentite
2840 477 3117 556 inAvobis,
3160 478 3313 543 quod
3343 479 3480 556 et‘in
3519 479 3716 556 Chi-isis

413 554 586 606 etiam
601 566 676 604 ex
687 552 1180 616 consequentibus
1206 556 1264 602 et
1278 551 1580 602 adnunciis
1596 552 1806 603 Christi
1823 555 2005 614 signis,

413 624 668 688 Angelis,
708 624 890 688 stella,
933 624 1214 686 Simeone,
1260 619 1436 690 606
1485 626 1653 675 Anna
1687 625 1772 674 vel
1803 623 2006 688 Magis,

410 695 802 746 admonitione
827 707 1057 758 quoque
1083 693 1304 758 Angeli,
1335 695 1433 758 qui
1457 695 1530 746 ad
1561 696 1754 760 ipsum
1783 696 2008 746 locutus

410 772 502 819 est
527 767 634 818 hoc
669 767 858 829 modo,
887 767 1076 828 Surge,
1111 767 1288 830 accipe
1313 781 1548 830 puerum
1574 773 1619 816 et
1646 773 1872 816 matrem
1895 767 2009 829 ejus

414 839 628 901 (Matth.
662 837 711 892 2.
747 837 872 900 13.).
915 839 1037 888 Non
1075 838 1220 888 dixit
1252 851 1500 888 uxorum
1545 843 1724 898 tuam,
1762 843 1828 890 ut
1863 840 2008 890 scire

413 915 610 974 posset
626 909 778 972 quod
796 909 1002 960 Christi
1027 921 1234 960 caussa
1247 911 1466 972 Virgini
1489 912 1678 963 Marias
1702 911 1873 962 datus
1899 913 2009 959 fue-

414 985 503 1032 rat
527 985 592 1030 ut
619 981 890 1032 minister.
917 979 1074 1033 Unde
1096 982 1375 1031 Dominus
1402 982 1631 1042 signum
1661 983 2008 1045 virginitatis

415 1053 754 1104 confirmare
781 1051 1002 1110 volens,
1032 1056 1161 1114 post
1184 1052 1660 1104 resurrectionem
1688 1066 1723 1104 a
1746 1055 2009 1116 mortuis,

416 1122 633 1174 clausis
657 1123 728 1173 ad
751 1121 1370 1186 Apostolosingrcssus
1389 1128 1477 1175 est
1499 1124 1680 1187 ostiis,
1699 1124 2011 1176 ostendens

415 1207 479 1247 se
509 1207 644 1245 ossa
666 1199 724 1245 et
748 1207 976 1245 carnem
1007 1194 1334 1245 habentem.

481 1266 672 1316 XLIV.
691 1267 991 1330 Propterea
1014 1271 1210 1316 autem
1238 1265 1502 1318 Christus
1525 1266 1854 1331 proficiebat
1871 1273 2010 1315 ωὶίιιθ

413 1341 471 1386 et
505 1336 802 1399 sapientia,
839 1342 903 1387 ut
937 1337 1272 1400 probaretur
1295 1338 1447 1400 quod
1473 1351 1604 1388 vere
1630 1337 1813 1389 tactus
1839 1338 2011 1388 homo

413 1407 599 1470 fuerit,
619 1407 766 1458 sicut
787 1409 967 1459 Lucas
986 1409 1348 1466 Evangelista
1365 1409 1533 1459 docet
1549 1422 1678 1459 cum
1697 1410 1852 1470 dicit,
1873 1411 2013 1459 Puer

407 1485 588 1530 autem
621 1479 872 1527 crescebat
902 1485 947 1527 et
983 1479 1412 1541 confortubatur,
1435 1480 1628 1543 plenus
1650 1482 1939 1542 sapientia,
1963 1486 2011 1530 et

413 1550 595 1614 gratia
619 1550 715 1598 Dei
746 1555 859 1597 erat
895 1565 1057 1612 super
1089 1550 1270 1611 ipsum
1299 1551 1423 1613 (Luc
1447 1550 1496 1604 ‘2.
1539 1551 1662 1614 40.).
1692 1554 1760 1603 Et
1783 1552 2012 1612 iterum,

413 1623 482 1672 Et
521 1622 674 1671 Jesus
715 1621 1020 1684 proﬁciebat
1051 1623 1322 1686 sapientia
1359 1627 1403 1670 et
1437 1628 1584 1671 aetate
1631 1623 1780 1686 (Ibid.
1807 1623 1875 1677 5‘2
1897 1625 1932 1684 δ.
1959 1624 2015 1675 Si

409 1693 625 1758 igiturJ
634 1705 768 1742 esus
793 1693 1056 1743 Christus
1076 1693 1330 1744 animam
1349 1706 1466 1744 non
1481 1694 1800 1754 habuisset,
1831 1705 1847 1723 ·
1865 1696 2014 1747 sicut

413 1763 611 1816 nefarii
624 1764 811 1816 aastim
830 1769 917 1813 int
937 1765 1173 1821 Arriani,
1195 1770 1296 1815 aut
1313 1779 1512 1815 rursus
1529 1767 1781 1818 animam
1805 1769 2010 1828 quidem

415 1835 734 1897 habuisset,
761 1839 817 1886 ιι
841 1849 956 1885 nou
983 1839 1171 1885 tamen
1194 1837 1606 1897 rationabilem,
1622 1837 1642 1866 δ’
1666 1838 1815 1890 sicut
1840 1838 2012 1900 Apol-

409 1906 608 1959 linaris
624 1905 1214 1962 deﬁnivitinsaniens,
1231 1920 1528 1971 nunquam
1547 1909 2013 1972 protectosapien-

412 1980 491 2032 tia
519 1979 790 2042 proﬁcere
815 1983 1054 2041 poterat.
1083 1979 1300 2043 Quippe
1321 1993 1451 2030 cum
1488 1993 1617 2031 caro
1657 1982 1781 2032 sine
1821 1981 2014 2034 anima

418 2051 696 2115 sapientia
712 2050 983 2114 proﬁcere
1001 2063 1115 2101 non
1131 2051 1329 2113 pOS>it.
1351 2051 1459 2101 Sed
1477 2065 1662 2116 neque
1685 2053 1784 2104 Dei
1812 2053 2013 2116 unige-

411 2122 571 2173 nitus
601 2121 772 2172 Filius
802 2122 1020 2185 indiget
1055 2128 1366 2186 augmento
1395 2125 1707 2187 sapientia,
1733 2138 1868 2176 cum
1890 2126 2013 2190 ipse

413 2193 487 2244 sit
513 2194 691 2244 totius
715 2199 931 2246 nostrae
962 2195 1264 2257 sapientiai
1285 2194 1638 2246 distributor.

475 2265 645 2315 XLV.
681 2265 843 2326 Quod
884 2268 1080 2316 autem
1119 2265 1269 2316 sicut
1300 2279 1526 2328 corpus,
1563 2268 1646 2317 sic
1675 2271 1732 2318 et
1758 2267 2012 2319 animam

411 2335 696 2386 Dominus
717 2340 916 2386 noster
945 2337 1120 2386 Jesus
1145 2336 1408 2386 Christus
1433 2337 1652 2394 habuit,
1677 2343 1870 2400 aperte
1903 2352 2011 2389 nos

412 2407 620 2458 docent
643 2405 1044 2469 Evangelistaa,
1067 2406 1290 2457 dicente
1313 2405 1528 2470 Angelo
1549 2407 1622 2459 ad
1645 2409 1880 2473 Joseph,
1896 2425 2011 2458 cum

411 2482 568 2529 esset
589 2477 649 2528 in
685 2477 949 2540 Egypto,
977 2475 1149 2539 Surge
1181 2482 1226 2524 et
1260 2479 1436 2541 accipe
1460 2494 1690 2541 puerum
1713 2485 1757 2528 et
1783 2486 2012 2531 matrem

411 2548 542 2612 ejus,
577 2554 622 2597 et
658 2548 790 2597 vade
820 2548 879 2595 in
911 2552 1114 2597 terram
1139 2549 1322 2612 Israel,
1349 2551 1551 2599 mortui
1584 2553 1732 2600 enim
1761 2559 1887 2602 sunt
1915 2553 2012 2616 qui

410 2619 717 2683 quaerebant
740 2619 993 2668 animam
1015 2620 1173 2684 pueri
1200 2621 1408 2684 (Matth.
1447 2620 1498 2675 2.
1533 2621 1662 2686 20.).
1689 2625 1757 2674 Et
1779 2623 2008 2689 iterum,

411 2691 644 2754 quando
661 2691 942 2742 Dominus
955 2692 1152 2742 noster
1165 2693 1196 2742 J
1201 2703 1337 2743 esus
1361 2693 1624 2744 Christus
1641 2697 1822 2755 aiebat,
1848 2696 2008 2745 Nunc

411 2763 606 2812 anima
628 2777 750 2812 mea
772 2761 1091 2811 conturbata
1117 2768 1187 2810 est
1216 2763 1394 2823 (Joan.
1425 2763 1509 2818 12.
1537 2765 1666 2829 ‘27.),
1701 2771 1760 2818 et
1782 2766 2009 2829 iterum,

417 2833 600 2883 Tristis
629 2841 699 2882 est
725 2834 922 2882 anima
944 2848 1065 2882 mea
1100 2849 1269 2897 usque
1302 2835 1375 2884 ad
1398 2842 1621 2886 mortem
1647 2841 1660 2902 (
1685 2839 1884 2887 Matth.
1920 2837 2008 2893 26.

412 2904 539 2966 38.),
574 2908 633 2956 et
667 2905 892 2964 iterum,
919 2905 1069 2955 Sicut
1094 2907 1242 2954 novit
1265 2921 1346 2956 me
1370 2908 1545 2972 Pater,
1571 2915 1618 2958 et
1637 2925 1727 2970 ego
1751 2911 1876 2958 novi
1903 2911 2012 2960 Pa-

413 2980 562 3039 trem,
589 2982 633 3025 et
655 2977 907 3025 animam
930 2991 1108 3026 meam
1131 2977 1198 3026 do
1218 2993 1319 3042 pro
1352 2978 1536 3028 ovibus
1567 2981 1745 3042 (Joan.
1773 2979 1856 3035 10.
1883 2980 2010 3044 15.),

411 3050 469 3098 et
493 3047 722 3108 iterum,
748 3049 1035 3112 Propterea
1059 3062 1142 3096 me
1176 3054 1331 3098 Pater
1352 3049 1550 3113 diligit,
1587 3053 1719 3115 quia
1755 3067 1846 3114 ego
1869 3068 2011 3116 pono

412 3120 663 3168 animam
697 3133 893 3180 meam,
921 3126 978 3169 ut
1001 3135 1194 3169 rursus
1218 3136 1336 3170 eam
1369 3123 1646 3186 recipiam.
1685 3124 1852 3173 Nemo
1877 3124 2010 3173 tollit

411 3205 531 3238 eam
564 3205 599 3239 a
635 3206 734 3241 me.
759 3190 862 3241 Sed
891 3207 982 3254 ego
1018 3207 1160 3255 pono
1192 3208 1311 3241 eam
1343 3199 1526 3256 sponte
1551 3210 1567 3252 ;
1589 3200 1890 3258 potestatem
1917 3197 2012 3245 han

411 3259 500 3309 beo
522 3277 717 3326 ponere
739 3278 874 3322 eam,
921 3268 967 3312 et
999 3267 1306 3326 potestatem
1341 3264 1505 3314 habeo
1545 3267 1739 3314 iterum
1775 3268 2010 3331 accipere

413 3347 533 3382 eam
560 3333 706 3394 (Ibid.
741 3333 866 3396 17.).
893 3335 1164 3386 Similiter
1186 3339 1245 3386 et
1278 3337 1481 3387 beatus
1506 3339 1725 3398 Petrus,
1753 3339 2010 3391 testimo-

412 3404 576 3480 nium
606 3404 789 3456 David
810 3406 1103 3480 propheta;
1123 3407 1195 3480 ad
1220 3407 1508 3459 Christum
1536 3409 1805 3473 referens,
1831 3411 1909 3480 ita
1925 3411 2012 3462 di-

413 3475 490 3526 cit
515 3488 588 3527 ex
615 3489 862 3541 persona
886 3478 1070 3542 ipsius
1093 3479 1318 3541 Christi,
1347 3481 1621 3539 Quoniam
1640 3496 1750 3529 non
1777 3475 2011 3531 derelin-

414 3560 541 3610 ques
563 3549 814 3596 animam
837 3564 1014 3598 meam
1039 3551 1099 3598 in
1123 3551 1359 3613 inferno,
1395 3567 1563 3613 neque
1591 3552 1744 3601 dabis
1763 3559 2010 3603 sanctum

413 3623 571 3666 tuum
596 3619 768 3666 videre
790 3621 1189 3683 corruptionem
1213 3623 1347 3681 (Act.
1378 3621 1430 3674 2.
1456 3621 1582 3684 28.).

475 3689 668 3739 XLVI.
710 3691 816 3740 Per
860 3689 1042 3740 multa
1075 3691 1250 3753 igitur
1283 3693 1613 3742 testimonia
1635 3693 1801 3744 docet
1825 3695 2012 3746 divine.

413 3758 705 3821 Scriptura
751 3759 905 3820 quod
953 3761 1286 3820 unigenitus
1327 3763 1428 3812 Dei
1473 3761 1652 3813 Filius
1697 3764 1882 3816 factus
1921 3767 2012 3816 est

411 3828 602 3879 homo.
629 3831 697 3880 Et
717 3829 965 3891 primum
990 3829 1242 3894 quidem,
1284 3837 1346 3883 ut
1375 3832 1756 3885 humilitatem
1782 3835 2012 3888 doceret

409 3899 668 3951 caelestes
689 3901 948 3964 virtutes,
973 3913 1040 3952 ac
1075 3905 1399 3954 terrestrem
1432 3905 1722 3957 hominem
1749 3922 2008 3968 nunquam

411 3971 618 4023 debere
655 3973 940 4035 superbiai
973 3973 1112 4024 vitio
1146 3974 1421 4039 laborare,
1463 3977 1612 4027 sicut
1650 3978 1915 4030 diabolus
1954 3984 2011 4032 et

409 4043 534 4107 ejus
560 4043 780 4108 Angeli,
808 4048 872 4095 ut
895 4045 966 4096 de
990 4050 1199 4097 caetero
1223 4047 1481 4098 videntes
1508 4058 1526 4078 °
1551 4048 1732 4100 illium
1760 4051 2010 4102 hominis

409 4115 648 4166 formam
668 4117 822 4167 servi
841 4116 1167 4180 habentem,
1185 4130 1484 4182 nunquam
1499 4120 1558 4171 in
1577 4133 1818 4172 sensum
1837 4137 2010 4184 super-

416 4185 527 4238 biaa
543 4187 734 4238 venire
755 4188 1089 4252 cogitarent,
1107 4189 1258 4241 sicut
1275 4191 1478 4242 beatus
1491 4192 1701 4243 Paulus
1717 4193 2006 4246 docetcum

475 4337 492 4358 ⁸
511 4328 660 4379 Sicut
677 4329 880 4392 nefarii
895 4330 1161 4379 aestimant
1177 4332 1426 4383 Arriani.
1449 4333 1463 4398 ]
1486 4335 1606 4385 Hoc
1621 4334 1691 4386 de
1703 4335 1815 4386 illis
1834 4339 2010 4388 testa-

415 4403 509 4451 tur
532 4401 884 4465 Epiphanius
908 4403 1126 4453 Hieresi
1150 4402 1235 4457 69.
1272 4400 1344 4457 Οὐ
1377 4405 1632 4467 βούλονται
1655 4409 2010 4466 καταδέξασθαι

413 4470 579 4538 ψυχήν
595 4469 765 4524 αὐτόν.
781 4473 990 4523 Nolunt
1009 4476 1284 4524 Christum
1309 4479 1556 4526 animam
1572 4480 1871 4542 suscepisse.
1897 4481 2013 4532 Nec

412 4548 621 4607 prmter
655 4545 1037 4609 Epiphanium
1072 4546 1167 4610 qui
1202 4547 1310 4598 hoc
1343 4548 1414 4600 de
1447 4549 1698 4600 Arrianis
1732 4551 2010 4614 proderet,

411 4615 586 4685 alium
605 4621 842 4667 noverat
865 4618 1248 4681 Augustinus.
1275 4619 1364 4670 Sic
1387 4624 1538 4670 enim
1568 4621 1862 4683 proﬁtetur
1885 4622 2007 4685 ipse

411 4684 474 4736 in
489 4685 706 4738 Haeresi
724 4686 810 4741 49.
829 4687 896 4736 In
911 4703 986 4750 eo,
1006 4689 1212 4752 inquit,
1231 4691 1375 4752 quod
1394 4691 1670 4741 Christum
1685 4693 1799 4740 sine
1815 4684 2011 4741 anima

411 4755 580 4805 solam
599 4773 819 4808 carnem
841 4761 1124 4822 suscepisse
1145 4761 1506 4825 arbitrantur,
1525 4765 1709 4813 minus
1726 4765 1839 4812 noti
1862 4768 2008 4828 sunt,

413 4841 506 4876 nec
528 4828 781 4878 adversus
796 4845 880 4879 eos
901 4829 967 4879 ab
982 4831 1170 4896 aliquo
1190 4833 1376 4882 inveni
1391 4833 1454 4881 de
1479 4834 1581 4882 hac
1604 4850 1659 4883 re
1673 4835 1838 4896 fuisse
1849 4841 2010 4883 certa-

415 4903 548 4947 tum.
588 4897 691 4948 Sed
717 4899 814 4948 hoc
844 4917 1029 4951 verum
1060 4917 1184 4963 esse,
1218 4909 1264 4952 et
1293 4904 1647 4968 Epiphanius
1680 4921 1788 4954 non
1822 4907 2006 4957 tacuit.

414 4969 620 5020 Postea
641 4972 836 5020 autem
869 4983 983 5021 non
1017 4973 1322 5025 defuerunt
1361 4975 1458 5038 qui
1492 4977 1918 5036 conﬁrmarent,
1945 4981 2010 5027 ut

413 5039 811 5112 Theodoretus
837 5039 934 5091 lib.
969 5041 1020 5094 5.
1055 5045 1468 5112 Haereticarum
1502 5047 1846 5097 Fabularum
1885 5059 2007 5112 cap.

414 5110 500 5183 10.
549 5117 724 5178 Ἀρεῑος
756 5111 828 5183 ’δὲ
877 5114 964 5183 καὶ
1015 5109 1250 5178 Εὐνόμιος
1288 5126 1432 5180 σῶμα
1479 5118 1566 5180 μὲν
1614 5115 1761 5169 αὐτὸν
1819 5109 2008 5183 ἔφασαν

417 5177 677 5248 εἰληφέναι,
723 5177 809 5245 τὴν
855 5182 1056 5244 θεότητα
1101 5177 1155 5234 δὲ
1213 5191 1296 5246 τῆς
1341 5177 1504 5252 xliv-ﬁ);
1556 5177 1874 5253 ἐνηργηκέναι
1921 5185 2009 5249 τὴν

413 5255 602 5321 χρείαν.
643 5256 840 5304 Arrius
876 5270 996 5304 vero
1029 5260 1074 5304 et
1106 5256 1414 5305 Eunomius
1447 5274 1640 5320 corpus
1667 5261 1884 5322 quidem
1924 5275 2013 5309 as-

409 5327 697 5388 sumpsisse
722 5326 882 5377 illum
907 5327 1114 5388 dicunt,
1143 5328 1231 5377 sed
1254 5328 1593 5378 divinitatem
1627 5331 1827 5380 anima:
1849 5346 2012 5382 usum

411 5398 722 5448 exercuisse.

467 5469 489 5498 ”
513 5470 662 5519 Sicut
703 5470 1046 5533 Apollinaris
1080 5471 1337 5533 deﬁnivit.
1379 5472 1392 5536 J
1428 5473 1825 5525 Tlieodoretus
1861 5475 2009 5526 idem

409 5543 542 5612 post
564 5542 858 5604 superiora
883 5558 895 5592 :
930 5542 992 5595 Ὀ
1021 5544 1074 5594 δὲ
1104 5545 1433 5609 ’Δπολινάριος
1463 5547 1687 5612 ἔμψυχον
1721 5547 1807 5608 μὲν
1835 5548 2010 5611 ἔφησεν

411 5610 634 5683 εἶναι’·τοῦ
669 5618 885 5677 σωτῆρος
912 5615 968 5664 τὸ
999 5624 1163 5682 σῷμα,
1195 5613 1250 5666 οὐ
1284 5615 1370 5678 μὲν
1398 5613 1483 5678 τὴν
1514 5610 1711 5682 λογὶᾷιὴν
1747 5614 1837 5683 ἐσκ
1849 5610 2013 5678 φάναι

412 5679 578 5752 ψυχήν
608 5700 618 5710 ’
657 5685 878 5745 "Epiri-oc
919 5686 1012 5750 γάρ
1046 5679 1126 5748 ἢν,
1169 5689 1313 5750 φησὶν
1357 5688 1383 5736 ὁ
1419 5695 1551 5745 νοῦς,
1584 5679 1672 5738 ’τοῦ
1714 5679 2012 5752 Geo-3-16709

411 5750 664 5823 παρόντος.
677 5753 722 5823 -Α
732 5752 1056 5813 pollinartus
1075 5771 1242 5820 porro
1271 5757 1569 5806 Servatoris
1588 5774 1780 5823 corpus
1803 5750 2016 5808 anima-

419 5824 535 5868 tum
549 5819 769 5896 quidem
791 5838 894 5872 esse
913 5819 1106 5885 aiebat,
1131 5828 1220 5876 sed
1235 5828 1486 5877 animam
1505 5819 1717 5880 ratione
1729 5832 2015 5896 praeditam

421 5905 534 5939 non
559 5887 842 5941 habuisse:
877 5909 1027 5944 mens
1053 5897 1202 5947 enim
1235 5913 1650 5962 supervacanea,
1692 5887 1900 5966 inquit,
1925 5901 2018 5952 ubi

2034 3221 2084 3298 C

2107 552 2250 612 Jesu,
2275 551 2517 614 quicum
2540 549 2599 598 in
2629 556 2814 612 [arma
2836 551 2934 600 Dei
2956 557 3105 611 esset,
3141 566 3259 600 non
3283 551 3555 615 rapinam
3577 553 3717 599 arbi-

2108 628 2279 672 tratus
2301 626 2371 670 est
2403 636 2506 670 esse
2528 636 2579 670 se
2602 621 2860 685 aqualem
2885 623 3010 681 Deo,
3046 622 3144 671 sed
3166 624 3516 686 semetipsum

2106 696 2411 744 exinanivit
2447 695 2686 757 formam
2713 694 2854 743 servi
2885 695 3162 756 accipiens
3193 695 3429 758 (Philip.
3455 693 3513 747 2.
3538 693 3626 754 5.}.
3656 697 3716 744 Et

2107 766 2334 830 qualem
2357 767 2529 818 istam
2559 766 2798 816 formam
2817 767 2846 814 ‘t
2871 766 2995 816 Non
3013 766 3343 817 caelestium
3375 767 3624 813 virtutum
3647 767 3718 812 «ii-

2108 839 2200 899 cit,
2227 837 2325 888 sed
2348 837 2556 888 terreni
2573 837 2842 898 hominis,
2869 849 3003 901 qua).
3027 837 3306 888 omnibus
3333 839 3717 885 rationabilibus

2110 910 2450 960 substantiis
2476 909 2719 960 habetur
2745 908 3039 971 humilior,
3067 909 3238 972 quasi
3263 921 3403 971 quae
3438 921 3514 958 ex
3540 908 3718 958 anima

2109 980 2428 1032 rationabili
2477 985 2535 1031 et
2577 979 2830 1031 terrestri
2881 991 3120 1042 corpore
3165 981 3242 1030 sit
3298 985 3520 1030 creata.
3571 979 3718 1030 Unde

2108 1052 2305 1115 adjicit
2329 1052 2541 1112 dicens,
2587 1052 2648 1100 In
2679 1050 3102 1104 similitudinem
3127 1052 3428 1100 hominum
3466 1051 3661 1113 factus,
3681 1055 3719 1096 et

2110 1123 2296 1173 habitu
2315 1125 2563 1172 inventus
2579 1128 2636 1172 ut
2653 1124 2832 1182 homo,
2852 1123 3170 1172 humiliavit
3186 1125 3546 1185 semetipsum
3559 1122 3720 1183 fartus

2109 1195 2352 1245 obediens
2387 1210 2554 1259 usque
2595 1195 2668 1244 ad
2689 1201 2914 1244 mortem
2957 1195 3180 1260 (Philip.
3218 1195 3269 1250 3.
3299 1195 3396 1251 7.).
3443 1197 3516 1246 Et
3547 1194 3716 1258 ipsius

2109 1268 2317 1318 iterum
2339 1267 2544 1318 mortis
2566 1265 2753 1330 qualis
2776 1269 2803 1317 ‘t
2818 1279 2953 1330 quas
2975 1267 3131 1332 apud
3154 1267 3435 1318 homines
3453 1266 3716 1316 omnibus

2109 1339 2356 1391 deterior
2377 1343 2485 1390 est.
2521 1341 2777 1402 Namque
2809 1338 3012 1403 adjicit
3043 1338 3260 1396 dicens,
3289 1344 3528 1386 mortem
3551 1341 3716 1385 autem

2109 1411 2282 1459 crucis
2320 1410 2550 1475 (Philip.
2581 1407 2632 1463 2.
2658 1409 2729 1472 9.)

2175 1483 2394 1532 XLVII.
2430 1483 2511 1532 Ne
2533 1481 2662 1545 quis
2685 1483 2903 1540 autem,
2933 1479 3183 1532 audiens
3212 1481 3459 1531 beatum
3487 1477 3718 1530 Paulum

2111 1550 2394 1603 dicentem
2433 1551 2584 1615 quod
2637 1550 2964 1603 humiliavit
3005 1563 3071 1602 se
3107 1563 3298 1613 usque
3337 1550 3416 1601 ad
3461 1554 3716 1604 mortem.

2111 1625 2440 1688 passionem
2457 1624 2642 1674 crucis
2659 1625 2776 1674 Deo
2794 1622 3083 1686 adnectat,
3103 1622 3277 1674 sicuti
3292 1621 3314 1652 ⁴
3333 1623 3524 1670 nefarii
3541 1625 3718 1670 faciunt

2111 1695 2352 1747 Arriani.
2372 1695 2503 1746 Sine
2529 1695 2794 1758 passione
2810 1694 2965 1745 enim
2989 1694 3333 1757 unigenitus
3349 1695 3515 1745 Deus
3539 1698 3718 1753 est,ac

2111 1766 2340 1830 penitus
2363 1766 2616 1830 passioni
2637 1767 2936 1828 subjacere
2959 1778 3080 1817 non
3098 1771 3307 1828 potest.
3328 1769 3719 1827 Quaecumque

2035 1849 2090 1924 B
2115 1837 2625 1924 ῐεὲψηξξεξὲἒιιῖίξξῆ
2641 1835 2882 1924 ΨῈὶυέ
2894 1837 3073 1924 Ferre
3088 1835 3387 1901 ἀίοωιιυτν
3411 1835 3543 1888 hec
3559 1839 3714 1884 οωυίε

2113 1909 2472 1961 adnectenda
2492 1911 2630 1958 sunt
2662 1909 2809 1960 servi
2834 1907 3054 1960 forma.

2177 1981 2406 2032 XLVIII
2445 1981 2652 2030 Postea
2664 1983 2878 2040 autem,
2891 1984 2957 2030 ut
2972 1978 3316 2031 ostenderet
3341 1981 3624 2044 quantam
3638 1981 3714 2026 ha-

2114 2055 2269 2105 beret
2289 2053 2437 2103 circa
2451 2063 2558 2102 sua
2572 2063 2740 2114 opera
2754 2050 3143 2112 dilectionem,
3163 2063 3298 2100 cum
3317 2053 3567 2098 Dominus
3580 2059 3714 2098 esset.

2113 2123 2319 2177 maluit
2339 2129 2574 2186 accepta
2608 2123 2760 2174 servi
2785 2123 2970 2174 forma
2999 2122 3124 2172 fleri
3151 2125 3434 2185 tanquam
3479 2133 3630 2172 unus
3649 2134 3712 2171 ex

2115 2196 2299 2248 nobis.
2332 2197 2398 2246 Et
2432 2195 2658 2253 iterum,
2691 2193 2846 2257 quod
2879 2194 3054 2244 homo
3095 2193 3286 2244 factus
3322 2206 3429 2256 pro
3461 2193 3646 2256 impiis
3665 2196 3710 2242 et

2113 2267 2511 2332 peccatoribus
2521 2267 2678 2317 obire
2691 2270 2932 2317 mortem
2953 2266 3236 2329 dignatus
3253 2270 3368 2315 est.
3386 2265 3538 2314 sicut
3553 2267 3712 2311 beatus

2116 2339 2326 2391 Paulus
2351 2339 2515 2390 docet
2539 2350 2675 2390 cum
2697 2337 2853 2400 dicit,
2884 2337 2948 2386 Ut
2973 2337 3112 2400 quid
3128 2337 3281 2385 enim
3309 2336 3578 2398 Christus,
3603 2351 3710 2384 cum

2109 2411 2291 2461 adhuc
2323 2411 2538 2472 inﬁrmi
2561 2424 2787 2457 essemus
2815 2408 3116 2458 secundum
3142 2414 3382 2473 tempus,
3411 2423 3511 2472 pro
3543 2409 3716 2469 impiis

2109 2487 2356 2532 mortuus
2389 2487 2459 2530 est
2480 2482 2504 2530 ἵ
2536 2481 2638 2530 Via:
2661 2481 2809 2529 enim
2833 2495 2930 2542 pro
2946 2479 3095 2543 justo
3135 2481 3264 2544 quis
3300 2481 3555 2528 moritur.
3581 2479 3710 2528 Nam

2105 2569 2208 2619 pro
2225 2553 2359 2602 bono
2381 2553 2614 2616 forsitan
2635 2553 2759 2616 quis
2785 2556 2831 2600 et
2846 2551 3044 2601 audeat
3061 2551 3230 2600 mori.
3254 2551 3612 2602 Commendat
3625 2564 3710 2598 au-

2111 2632 2212 2674 tem
2235 2639 2395 2674 suam
2415 2624 2696 2673 caritatem
2719 2623 2859 2672 Deus
2879 2623 2939 2670 in
2965 2623 3143 2680 nobis,
3172 2624 3455 2686 quoniam
3481 2636 3600 2671 cum
3622 2622 3712 2670 ad-

2112 2697 2215 2745 huc
2248 2701 2537 2758 peccatores
2571 2709 2814 2752 essemus,
2859 2693 3112 2743 Christus
3137 2709 3245 2758 pro
3285 2695 3445 2742 nobis
3483 2699 3713 2741 mortuus

2109 2773 2180 2815 est
2204 2767 2378 2829 (Rom.
2405 2764 2453 2818 5.
2479 2763 2571 2826 6.).
2591 2763 2863 2815 Similiter
2885 2767 3102 2825 autem,
3131 2765 3294 2828 quod
3313 2765 3490 2816 etiam
3513 2763 3604 2815 his
3625 2763 3710 2826 qui

2111 2839 2355 2890 credunt
2377 2837 2432 2888 in
2470 2838 2678 2902 ipsum,
2713 2836 3030 2900 spiritalem
3061 2837 3449 2902 adoptionem
3482 2836 3708 2886 filiorum

2110 2911 2352 2974 largitur
2379 2914 2438 2960 et
2451 2909 2642 2968 donat,
2671 2913 2728 2960 et
2755 2908 2931 2960 etllcit
2945 2909 3110 2972 regni
3137 2909 3233 2960 sui
3258 2909 3522 2960 cmlestis
3543 2907 3708 2958 haere-

2111 2981 2234 3044 des,
2263 2982 2411 3032 sicut
2436 2981 2558 3044 ipse
2573 2980 2850 3031 Dominus
2866 2985 3066 3031 noster
3078 2982 3261 3032 Jesus
3285 2979 3554 3031 Christus
3577 2988 3594 3007 ε
3615 2980 3708 3028 do-

2109 3066 2248 3105 cens
2273 3053 2427 3114 dicit,
2455 3053 2644 3111 Amen,
2677 3067 2837 3100 amen
2867 3051 2985 3101 dico
3012 3051 3128 3111 tibi,
3165 3052 3216 3100 si
3251 3053 3381 3116 quis
3415 3066 3528 3099 non
3549 3051 3709 3098 denuo

2110 3131 2271 3174 natus
2293 3125 2476 3188 fuerit,
2515 3139 2624 3172 non
2651 3128 2814 3188 potest
2851 3123 3030 3172 videre
3065 3137 3305 3185 regnum
3330 3123 3434 3172 Dei
3461 3122 3640 3185 (Joan.
3665 3119 3706 3174 3~

2111 3195 2201 3259 3.).
2224 3195 2388 3248 Unde
2412 3194 2428 3224 ¹
2447 3193 2709 3257 infantes,
2728 3195 2863 3257 quia
2885 3194 2943 3244 in
2960 3195 3220 3258 peccatis
3245 3198 3411 3256 surt,
3434 3197 3710 3244 merentur

2107 3268 2278 3320 etiam
2304 3266 2664 3330 baptismatis
2687 3266 2948 3329 graliam,
2981 3269 3047 3316 ut
3070 3267 3132 3316 in
3149 3265 3382 3317 Christo
3405 3276 3562 3316 nova
3581 3277 3712 3322 nene.

2109 3341 2322 3392 ratione
2339 3338 2528 3402 creati,
2554 3338 2725 3389 etiam
2749 3337 2914 3399 regni
2937 3337 3066 3401 ejus
3103 3340 3400 3386 coheredes
3419 3339 3708 3394 efﬁciantur,

2111 3409 2428 3463 secundum
2466 3409 2700 3459 beatum
2730 3405 2991 3466 Paulum,
3027 3407 3092 3458 Si
3118 3423 3238 3472 qua
3260 3406 3324 3478 in
3353 3408 3566 3459 Christo
3588 3420 3710 3454 nam

2108 3488 2356 3532 creatura
2385 3479 2452 3543 (2.
2483 3481 2602 3530 Cor.
2629 3478 2680 3532 5.
2706 3477 2831 3540 17.).

2172 3553 2371 3604 XLIX.
2390 3554 2529 3603 Nam
2557 3555 2852 3614 pr0pterea
2867 3550 3044 3601 etiam
3066 3549 3322 3602 virtutes
3353 3550 3617 3602 cmlestes
3637 3562 3715 3608 per

2112 3624 2291 3676 solam
2309 3623 2479 3675 fidem
2499 3627 2766 3674 creantur
2782 3621 2840 3672 in
2855 3620 3106 3685 Christo,
3127 3621 3271 3685 quia
3286 3626 3350 3673 et
3363 3622 3512 3673 istas
3525 3631 3713 3682 quoque

2110 3709 2310 3747 omnes
2328 3696 2384 3746 in
2408 3694 2716 3758 semetipso
2740 3693 3061 3753 renovavit,
3089 3698 3150 3744 et
3177 3696 3416 3758 propter
3437 3694 3548 3744 hoc
3571 3691 3710 3744 enim

2111 3767 2210 3831 qui
2227 3769 2282 3817 in
2297 3766 2522 3817 Christo
2545 3765 2805 3824 credunt,
2827 3777 2976 3815 nova
2991 3769 3263 3816 creatura
3288 3764 3584 3824 dicuntur,
3602 3766 3712 3824 quis.

2112 3838 2478 3901 Unigenitum
2495 3838 2676 3887 Deum
2692 3836 2947 3886 Verbum
2961 3834 3229 3886 similiter
3239 3848 3376 3886 cum
3398 3849 3492 3887 ser
3503 3836 3554 3886 vi
3569 3837 3712 3883 forma

2110 3919 2282 3974 quam
2302 3909 2493 3970 habet,
2518 3911 2869 3959 venerantur
2882 3911 2940 3958 et
2958 3907 3177 3958 colunt.
3196 3906 3368 3968 Quod
3383 3912 3578 3958 autem
3595 3921 3716 3954 crea-

2111 3984 2186 4033 tae
2213 3985 2352 4032 sunt
2375 3979 2634 4032 caelestes
2660 3979 2904 4030 virtutes
2927 3979 2988 4028 in
3011 3979 3265 4039 Christo,
3293 3980 3466 4030 testis
3488 3984 3574 4030 est
3592 3980 3702 4029 bea-

2111 4057 2206 4104 tus
2223 4051 2430 4103 Paulus
2454 4051 2672 4112 dicens,
2697 4051 3016 4099 lnslaurare
3039 4051 3239 4098 omnia
3265 4051 3326 4098 in
3357 4051 3457 4100 Ch:
3477 4049 3590 4110 isto,
3607 4063 3712 4112 qua

2110 4124 2171 4172 in
2217 4123 2358 4172 catis
2403 4129 2448 4172 et
2492 4123 2551 4171 in
2603 4127 2748 4171 terra
2787 4126 2916 4170 sunt
2962 4121 3022 4169 in
3071 4121 3192 4185 ipso
3225 4122 3242 4184 (
3274 4121 3425 4185 Eph.
3474 4122 3524 4176 1.
3566 4119 3650 4174 10.
3678 4120 3713 4180 ξ.

2113 4195 2332 4246 Rursus
2348 4194 2521 4246 etiam
2541 4193 2691 4245 sicut
2705 4197 2880 4257 caput
2895 4192 3176 4244 Ecclesiae
3197 4191 3437 4255 dicitur,
3457 4192 3538 4243 sic
3552 4192 3714 4243 etiam

2111 4338 2250 4387 Deus
2266 4336 2484 4386 verbum
2500 4336 2662 4386 adest.
2681 4335 2824 4398 Quia
2839 4335 2994 4386 illius
3010 4335 3227 4387 heresi
3249 4334 3517 4400 pluribus
3531 4333 3716 4386 confu—

2111 4411 2246 4472 tata,
2267 4406 2616 4471 Theophilus
2633 4406 3062 4458 Alexandrinus
3079 4407 3140 4458 in
3161 4407 3292 4459 haec
3307 4408 3486 4458 verba
3500 4404 3718 4457 conclu-

2113 4480 2214 4544 dit,
2233 4478 2484 4544 Epistola
2502 4478 2552 4532 1.
2579 4477 2832 4530 Paschali
2853 4493 2866 4528 :
2891 4482 3070 4541 Atque
3090 4479 3174 4526 ita
3204 4479 3326 4542 ipse
3341 4477 3717 4542 disputationis

2111 4551 2244 4599 ordo
2268 4551 2567 4610 convincat,
2590 4549 2736 4598 nihil
2758 4565 2793 4598 a
2817 4549 3055 4598 Domino
3079 4549 3468 4613 imperfectum
3493 4562 3718 4599 essemu-

2039 4641 2094 4713 D
2111 4629 2338 4713 ceptum,
2356 4622 2448 4670 sed
2461 4629 2764 4671 assumtum
2779 4619 2846 4669 ab
2861 4634 2918 4669 eo
2935 4620 3224 4670 hominem
3232 4621 3394 4686 plene
3407 4621 3718 4684 perfecteque

2111 4693 2398 4742 salvatum.

2172 4772 2191 4793 °
2217 4765 2341 4825 Ms.,
2369 4763 2572 4812 Filium
2596 4762 2692 4811 Dei
2717 4761 2959 4823 formam
2982 4762 3126 4810 servi
3153 4763 3461 4814 habentem.

2170 4835 2192 4864 "
2219 4837 2347 4899 Ms.,
2377 4835 2595 4897 Nefarii
2617 4835 2840 4898 sapiunt
2862 4834 3124 4885 Arriani.

2171 4914 2190 4935 ⁸
2215 4908 2339 4969 Ms.,
2368 4907 2567 4956 Docens
2594 4906 2954 4956 Nicodemum
2980 4905 3133 4956 dicit.

2171 4975 2187 5006 ¹
2207 4977 2449 5038 Infantes
2467 4978 2601 5041 quia
2625 4978 2686 5025 in
2707 4977 2930 5040 peccatis
2954 4981 3104 5025 sunt.
3129 4976 3147 5041 J
3179 4975 3273 5028 Sic
3290 4975 3467 5028 habet
3491 4977 3720 5038 uterque

2111 5050 2557 5113 Munuscriptus.
2579 5048 2688 5100 Sed
2707 5061 2798 5099 res
2819 5047 3016 5109 exigit,
3043 5060 3121 5098 ne
3143 5053 3357 5099 auctor
3381 5061 3578 5100 secum
3602 5049 3719 5112 ipse

2109 5124 2344 5184 pugnet,
2377 5125 2438 5172 ut
2467 5120 2693 5183 legatur
2723 5134 2834 5168 non
2849 5125 2992 5168 sunt.
3022 5119 3216 5183 Supra
3244 5120 3404 5171 enim
3433 5119 3714 5171 docuitin—

2110 5191 2298 5241 tantes
2329 5191 2388 5241 in
2430 5191 2678 5254 peccatis
2722 5203 2837 5240 non
2861 5203 3012 5252 esse,
3057 5203 3170 5242 nec
3215 5197 3455 5254 propter
3499 5193 3718 5254 peccata

2110 5262 2401 5324 baptizari,
2450 5261 2552 5312 sed
2593 5267 2655 5313 ut
2701 5262 2863 5324 regni
2899 5261 3164 5312 cmlestis
3210 5264 3522 5326 participes
3567 5263 3714 5311 [lant

2111 5333 2272 5394 Quod
2289 5334 2478 5397 ipsum
2505 5347 2637 5383 cum
2655 5333 2910 5385 dicerent
2925 5331 3240 5396 Pelagiani,
3262 5338 3423 5384 recte
3445 5333 3715 5384 adversus

2109 5403 2238 5454 illos
2278 5403 2373 5454 lib.
2422 5403 2472 5457 3.
2513 5409 2771 5455 extremo
2815 5408 3267 5466 argumentatur
3317 5406 3710 5468 Hieronymus.

2110 5474 2220 5522 Hoc
2246 5490 2422 5523 unum
2455 5477 2654 5539 dicam,
2689 5475 2890 5538 inquit,
2918 5478 2978 5521 ut
3004 5475 3230 5523 tandem
3263 5477 3506 5538 finiatur
3535 5475 3714 5524 oratio.

2111 5551 2208 5594 aut
2224 5561 2426 5594 novum
2441 5562 2529 5595 vos
2545 5546 2721 5595 debere
2735 5545 3037 5604 symbolum
3057 5546 3298 5600 tradere,
3317 5552 3378 5594 ut
3389 5554 3503 5610 post
3518 5547 3711 5594 Patrem

2111 5619 2156 5663 et
2194 5616 2400 5665 Filium
2435 5626 2478 5665 et
2519 5618 2786 5681 Spiritum
2811 5622 3062 5664 sanctum
3089 5615 3374 5680 baptiselis
3399 5619 3632 5681 infantes
3661 5616 3707 5661 in

2110 5703 2344 5746 regnum
2379 5689 2641 5747 caelorum,
2679 5692 2772 5735 aut
2809 5689 2858 5734 si
2913 5701 3092 5734 unum
3127 5693 3177 5736 et
3209 5689 3269 5735 in
3306 5690 3558 5752 parvulis
3589 5693 3630 5734 et
3661 5687 3708 5730 in

2115 5759 2329 5818 magnis
2355 5759 2552 5807 habetis
2577 5758 2862 5821 baptisma,
2887 5757 3052 5806 etiam
3079 5758 3331 5820 infantes
3365 5760 3428 5808 in
3461 5759 3714 5808 remissio-

2112 5843 2236 5876 nem
2264 5835 2602 5894 peccatorum
2639 5829 2987 5893 baptizandos
3025 5829 3090 5876 in
3135 5831 3562 5882 similitudinem
3590 5845 3712 5895 prte-

2111 5901 2472 5951 varicationis
2497 5901 2694 5952 Adam.
