3866 6206
41 376 192 435 1149

1468 376 1676 428 LIBER
1707 375 1804 427 DE
1840 376 2027 427 FIDE.

3261 372 3405 429 1150

42 489 407 563 cmlestium
440 491 731 543 virtutum
754 490 1016 543 omnium
1039 492 1363 563 caputesse
1375 493 1695 563 monstratur.
1725 487 1778 563 Α
1804 486 1997 563 aliqua
2018 486 2267 563 corporis
2290 492 2448 551 parte
2466 488 2734 563 mortuus
2758 489 2882 553 est,
2918 492 3113 540 tamen
3128 485 3410 563 _sicut_pri'

42 562 199 623 Quid
223 563 405 613 enim
433 564 586 614 dicit
612 563 817 615 beatus
842 563 1056 613 Paulus
1074 564 1101 612 ?
1127 557 1302 629 608
1333 559 1472 619 Quia
1500 560 1557 607 in
1584 559 1701 621 ipso

42 631 344 682 inhabitat
388 634 596 682 omnis
631 633 909 697 plenitudo
947 633 1251 681 divinitatis
1271 630 1643 695 corporaliter,
1683 643 1708 676 e

41 706 168 754 estis
196 704 263 751 in
290 703 397 753 illo
428 705 642 768 repleti,
665 706 759 768 qui
784 709 854 752 est
879 709 1040 768 caput
1063 705 1240 752 omnis
1276 702 1621 767 principatus
1660 702 1705 747 et

43 775 348 837 potestatis
378 774 847 839 (Coloss.‘2.9.).Et
866 778 1403 838 iterum,propterea
1427 774 1611 824 factus
1628 772 1705 819 est

45 844 253 904 homo,
278 850 353 895 ut
368 846 664 897 damnato
679 847 738 897 in
755 860 925 898 carne
942 846 1551 911 peccato,relinquerct
1564 843 1703 889 nobis

45 916 414 981 exemplum
433 930 473 980 q
487 918 934 969 uemadmodum
948 919 1194 981 quisque
1215 921 1387 965 debeat
1410 916 1704 964 carnalibus

45 989 363 1051 superatis
391 990 561 1040 vitiis
592 1003 711 1041 non
736 991 886 1040 ultra
910 989 1122 1040 diaboli
1147 988 1384 1039 fallaciis
1418 985 1621 1047 decipi.
1640 986 1704 1034 Et

47 1061 297 1122 iterum,
336 1064 410 1111 ut
456 1075 561 1125 per
589 1062 741 1112 servi
764 1061 1009 1112 formam
1034 1060 1317 1111 mediator
1342 1061 1447 1110 sibi
1473 1064 1530 1109 et
1555 1057 1703 1108 Patri

47 1136 109 1182 et
145 1132 413 1194 Spiritui
459 1138 663 1184 sancto
695 1137 753 1185 et
778 1146 902 1184 sese
926 1132 1137 1197 dignis,
1164 1133 1246 1182 sic
1269 1131 1329 1181 in
1362 1134 1702 1195 perpetuum

48 1212 154 1251 eos
180 1201 511 1253 custodiat
536 1204 692 1266 pacis
711 1203 959 1261 vinculo,
984 1204 1134 1253 sicut
1150 1203 1355 1253 beatus
1374 1200 1583 1253 Paulus
1600 1201 1697 1251 do-

51 1276 146 1322 cet
173 1271 293 1323 hoc
329 1274 543 1337 modo,
571 1275 709 1333 Quia
731 1275 787 1324 in
816 1275 932 1339 ipso
953 1275 1272 1339 complacuit
1297 1289 1509 1323 omnem
1531 1272 1705 1337 pleni-

50 1343 320 1391 tudinem
350 1353 373 1372 ·
430 1344 700 1409 habitare,
747 1347 938 1395 omnia
976 1348 1036 1394 in
1083 1348 1261 1410 ipsum
1294 1346 1586 1409 paciﬁcans
1608 1358 1702 1407 per

48 1413 413 1476 sanguinem
450 1417 631 1467 crucis
655 1418 786 1483 ejus,
812 1419 919 1467 sive
942 1433 1061 1483 quae
1086 1418 1149 1466 in
1173 1417 1347 1477 terris,
1370 1416 1478 1465 sive
1500 1430 1617 1479 qum
1638 1416 1700 1463 in

57 1485 203 1534 caelis
227 1492 374 1534 sunt
404 1487 627 1551 (Coloss.
658 1489 707 1542 1.
736 1489 857 1553 19).

120 1558 183 1607 L.
216 1557 398 1608 Sicut
448 1558 626 1623 igitur
672 1565 963 1611 tantorum
1015 1560 1298 1611 bonorum
1336 1559 1458 1623 ipse
1491 1570 1701 1610 caussa

59 1628 355 1678 omnibus
386 1630 770 1682 credentibus
795 1632 917 1695 fuit,
944 1632 1024 1682 sic
1058 1631 1365 1682 etiamnon
1385 1632 1699 1679 credentibus

60 1699 126 1749 iit
144 1702 363 1759 justus
391 1702 731 1753 retributor.
758 1704 890 1753 Ideo
909 1705 1087 1766 igitur
1102 1716 1201 1765 per
1224 1701 1403 1752 multa
1418 1704 1700 1750 testimonia

60 1783 184 1820 non
210 1776 451 1822 nocent
476 1773 686 1825 divinas
704 1775 1034 1838 Scriptura,
1052 1774 1208 1836 quod
1221 1773 1528 1824 nolitDeus
1545 1786 1695 1824 mor-

1807 558 1985 609 mitus
2022 559 2082 610 in
2123 564 2281 610 utero
2314 560 2512 611 matris
2555 574 2680 613 sua:
2706 564 2935 613 creatus
2958 564 3069 621 est,
3095 560 3176 609 sic
3200 559 3258 609 in
3281 558 3405 623 ipso

1805 642 2038 692 corpore
2061 629 2321 692 actlgura
2333 636 2611 694 resurget,
2635 633 2783 683 sicut
2806 635 3008 683 beatus
3027 632 3209 679 Paulus
3227 632 3404 677 iterum

1803 701 1971 753 docet
2014 701 2124 752 hoc
2160 701 2349 751 modo.
2378 700 2522 749 Nam
2544 708 2589 749 et
2615 704 2711 766 qui
2733 718 2922 752 sumus
2942 704 3004 751 in
3040 699 3403 758 tabernaculo,

1804 773 2207 837 ingemiscumis
2248 772 2528 835 ingravati
2551 787 2607 821 eo
2631 775 2774 835 quod
2805 774 3063 823 nolumus
3088 772 3406 835 exspoliari,

1802 844 1891 892 sed
1911 843 2271 906 supermestiri,
2300 847 2357 890 ut
2382 842 2726 891 absorbeatur
2737 847 2877 906 quod
2893 843 3118 894 mortale
3140 847 3213 891 est
3236 858 3272 890 a
3297 842 3406 890 vita

1805 914 1874 976 (1.
1906 915 2026 965 Cor.
2059 913 2109 968 5.
2139 914 2171 967 4
2197 916 2231 976 ).
2268 915 2336 965 Et
2372 914 2603 971 iterum,
2638 913 2844 977 Oportet
2873 916 3019 963 enim
3062 911 3406 978 corruptibile

1805 987 1902 1036 hoc
1935 987 2157 1035 induere
2175 985 2621 1049 incorruplelam,
2644 992 2691 1033 et
2708 986 2930 1033 mortale
2952 987 3051 1035 hoc
3070 986 3294 1035 induere
3306 985 3407 1032 im—

1802 1059 2189 1108 mortalitatem
2228 1057 2295 1121 (9.
2327 1059 2447 1108 Cor.
2478 1057 2543 1112 15
2571 1058 2601 1121 ).
2640 1060 2705 1109 In
2728 1070 2795 1109 eo
2820 1058 2975 1123 quod
2997 1058 3134 1110 dicit
3161 1062 3402 1123 Aposto-

1800 1130 1901 1184 lus
1917 1131 2073 1194 quod
2088 1130 2363 1182 nolumus
2381 1130 2708 1195 exspoliari,
2723 1130 2821 1181 sed
2842 1131 3232 1193 supervestiri,
3248 1138 3410 1179 osten-

1803 1203 1889 1255 dit
1912 1204 2067 1267 quod
2092 1216 2248 1254 nunc
2272 1202 2679 1265 unusquisque
2695 1205 2962 1253 nostrum
2986 1200 3158 1251 habet
3180 1214 3407 1265 corpore

1809 1280 1867 1327 et
1892 1288 2064 1326 carne
2081 1274 2171 1327 vel
2194 1274 2379 1339 figura
2396 1273 2635 1324 indutus
2650 1273 2823 1324 vitam
2844 1277 2902 1323 et
2916 1269 3157 1336 gloriam
3173 1277 3231 1322 et
3244 1274 3411 1319 incor-

1806 1346 2113 1410 ruptelam,
2138 1351 2201 1396 ut
2214 1346 2363 1397 sicut
2382 1344 2513 1397 ferri
2524 1346 2765 1396 materia
2779 1344 3056 1402 candens,
3073 1342 3254 1399 gloria
3277 1344 3412 1403 ignis

1808 1418 1866 1469 in
1881 1418 2042 1479 duta,
2076 1423 2344 1468 naturam
2376 1417 2665 1479 propriam
2703 1416 2942 1467 minime
2964 1417 3302 1477 commutat,
3330 1413 3412 1463 sic

1819 1490 1990 1541 etiam
2021 1489 2208 1539 sancti
2234 1488 2453 1539 caelesti
2489 1488 2670 1551 gloria
2706 1487 2910 1547 induti,
2937 1485 3091 1549 quod
3119 1485 3337 1535 habent
3358 1484 3417 1535 in

1814 1560 1924 1612 hac
1959 1560 2077 1611 vita
2118 1572 2328 1623 corpus
2360 1563 2418 1609 et
2455 1558 2697 1622 figuram
2735 1570 2853 1608 non
2888 1557 3226 1621 deponunt:
3263 1555 3415 1606 sicut

1808 1633 1984 1684 etiam
2016 1632 2303 1683 Dominus
2327 1634 2527 1681 noster
2550 1632 2718 1680 Jesus
2734 1628 3058 1681 Christusin
3085 1631 3279 1678 monte
3296 1625 3413 1689 glo-

1805 1703 1948 1753 riam
1967 1702 2235 1766 induens,
2252 1701 2407 1764 quod
2422 1706 2546 1752 erat
2563 1700 2736 1751 homo
2756 1699 2993 1750 minime
3005 1697 3407 1749 commutavit.

1811 1775 1920 1826 Sed
1961 1774 2086 1825 haec
2125 1774 2197 1824 de
2230 1771 2521 1837 probanda
2548 1771 2659 1823 [ide
2682 1771 2893 1822 divina
2918 1770 3228 1833 Scriptura
3252 1768 3411 1820 testi-

410 1846 968 1933 :etpeccatoristnisi
996 1849 1439 1933 utconvertatur
1453 1849 1510 1895 et
1528 1845 1695 1927 vivat.
1730 1859 1784 1933 B
1818 1845 2402 1933 moniisrsufiicienter
2419 1843 2587 1894 nobis
2606 1842 2779 1924 dicta:

66 1912 378 1972 Quamdiu
409 1914 592 1977 igitur
619 1928 821 1967 sumus
846 1916 904 1967 in
931 1917 1035 1966 hac
1057 1918 1189 1973 vita,
1208 1929 1519 1979 possumus
1533 1918 1707 1980 paeni-

69 1985 331 2034 tentiam
357 1998 559 2049 agere,
586 1992 644 2038 et
670 1986 918 2037 futuram
936 1986 1089 2039 illam
1116 1989 1337 2038 beatam
1356 1988 1532 2039 vitam
1557 2001 1708 2040 sem-

72 2054 376 2119 piternam
412 2059 643 2110 mereri.
676 2062 875 2121 Neque
892 2060 1045 2109 enim
1067 2060 1185 2122 jam
1202 2063 1333 2123 post
1355 2060 1608 2123 corporis
1621 2073 1709 2110 so-

72 2125 375 2177 lutionem
410 2129 772 2191 paenitentia:
796 2130 1137 2193 relinquitur
1158 2128 1339 2192 locus,
1370 2144 1503 2181 cum
1530 2130 1709 2183 David

73 2197 371 2261 propheta
398 2199 486 2250 sic
517 2200 933 2252 doceatdicens
959 2201 1031 2251 ad
1059 2202 1257 2259 Deum,
1279 2202 1419 2259 Quia
1434 2217 1541 2250 non
1564 2202 1711 2249 estin

78 2273 252 2316 morte
284 2270 393 2332 qui
425 2285 630 2319 memor
650 2271 718 2320 sit
744 2273 842 2331 tui,
868 2275 927 2321 in
967 2272 1186 2335 inferno
1223 2279 1401 2321 autem
1440 2273 1562 2336 quis
1585 2288 1713 2321 con-

75 2337 325 2395 ﬁtebitur
376 2340 479 2389 tibi
525 2341 685 2405 (Psal.
733 2342 783 2397 6.
833 2341 925 2404 6.).
972 2344 1041 2394 Et
1076 2343 1306 2401 iterum,
1351 2344 1475 2392 Non
1511 2345 1712 2393 mortui

82 2409 407 2459 laudabunt
437 2417 503 2474 te,
532 2429 701 2477 neque
718 2428 899 2463 omnes
914 2415 1011 2477 qui
1023 2415 1344 2463 descendunt
1360 2416 1418 2463 in
1432 2416 1713 2477 infernum

82 2481 191 2540 (Ρε-
220 2481 355 2536 113.
384 2483 518 2547 17.).
546 2485 705 2546 Quod
741 2489 935 2537 autem
965 2485 1227 2536 Christus
1259 2486 1715 2549 judicaturussit

84 2552 256 2603 vivos
291 2566 367 2605 ac
404 2562 687 2618 mortuos,
715 2556 883 2607 docet
917 2561 1111 2620 aperte
1147 2557 1350 2607 beatus
1385 2557 1596 2608 Paulus
1629 2558 1712 2608 sic

86 2624 314 2685 dicens,
347 2627 552 2677 Omnes
564 2628 709 2676 enim
723 2644 755 2675 n
766 2644 821 2677 os
837 2628 1184 2690 manifestari
1194 2634 1391 2692 oportet
1403 2635 1526 2677 ante
1542 2629 1714 2678 tribu-

86 2697 185 2744 nal
212 2697 432 2747 Christi
465 2703 526 2747 ut
545 2699 771 2763 recipiat
790 2700 1015 2764 quisque
1036 2701 1262 2763 propria
1287 2701 1523 2763 corporis
1550 2703 1716 2764 prout

87 2768 265 2830 gessit,
291 2784 410 2818 sive
456 2770 660 2819 bonum
702 2772 810 2820 sive
853 2770 1062 2820 malum
1096 2769 1165 2832 (‘2.
1204 2770 1325 2820 Cor.
1353 2770 1403 2823 5.
1431 2770 1555 2835 10.).
1582 2771 1714 2822 Ideo

90 2839 250 2889 enim
295 2840 518 2892 dicitur
559 2842 823 2893 Christus
848 2841 903 2892 in
929 2841 1168 2893 dextera
1191 2843 1373 2893 Patris
1403 2843 1491 2893 sui
1519 2842 1716 2894 sedere

90 2910 263 2971 quasi
276 2911 475 2973 judex
490 2916 607 2963 tam
627 2912 895 2964 vivorum
913 2925 1087 2975 quam
1104 2917 1481 2977 mortuorum,
1494 2914 1717 2978 etquod

94 2980 264 3032 Pater
311 2984 615 3035 neminem
652 2984 892 3048 judicat,
934 2984 1036 3035 sed
1076 2996 1247 3035 omne
1273 2984 1553 3048 judicium
1577 2984 1717 3036 Filio

92 3049 275 3115 dedit,
302 3060 509 3118 aperte
525 3056 805 3107 Dominus
817 3059 1014 3106 noster
1030 3057 1056 3105 δ
1064 3068 1202 3107 esus
1214 3055 1477 3107 Christus
1499 3059 1714 3108 edocuit.

93 3190 104 3201 .
156 3123 243 3174 LI.
258 3127 320 3201 _R
329 3139 510 3177 ursus
533 3127 706 3201 etiam
722 3127 995 3201 docemur
1005 3127 1161 3201 quod
1173 3132 1477 3191 resurgant
1492 3127 1702 3179 mortui

93 3196 150 3274 in
169 3196 383 3274 eadem
408 3209 601 3261 carne,
615 3199 673 3249 in
688 3210 802 3261 qua
817 3198 991 3274 etiam
1011 3199 1070 3248 in
1088 3202 1254 3274 utero
1279 3200 1477 3249 matris
1491 3199 1701 3250 forma-

94 3266 134 3313 ti
160 3271 325 3333 sunt,
363 3270 433 3319 in
477 3283 711 3333 corpore
734 3269 944 3333 pariter
978 3282 1045 3320 ac
1081 3269 1281 3333 ﬁgura,
1317 3270 1467 3321 sicut
1501 3272 1704 3322 beatus

95 3336 311 3391 Paulus
336 3341 421 3393 ad
441 3342 764 3394 Corinthios
783 3343 1039 3393 scribens
1063 3342 1217 3405 dicit,
1243 3342 1345 3393 Sed
1367 3343 1707 3407 dicitaliquis

98 3408 380 3466 Quomodo
424 3419 703 3475 resurgent
727 3414 970 3464 mortui?
993 3414 1147 3477 quali
1178 3419 1360 3463 autem
1383 3429 1600 3479 corpore
1624 3430 1708 3463 ve-

96 3482 285 3533 nient?
312 3484 608 3549 Insipiens,
636 3490 693 3533 tu
717 3485 862 3548 quod
883 3485 1118 3534 seminus
1135 3500 1245 3533 non
1261 3486 1583 3549 viviﬁcatur,
1600 3487 1709 3535 nisi

95 3554 254 3614 prius
278 3556 576 3615 moriatur,
601 3560 647 3604 et
672 3556 816 3620 quod
829 3556 1084 3615 seminas,
1106 3570 1218 3605 non
1241 3571 1432 3617 corpus
1452 3557 1597 3621 quod
1616 3557 1711 3619 fu-

101 3628 292 3675 turum
316 3632 391 3676 est
415 3627 671 3689 seminus,
689 3627 778 3676 sed
790 3627 1005 3676 nudum
1016 3642 1275 3690 granum,
1286 3632 1417 3693 puta
1431 3628 1598 3677 triciti
1614 3633 1709 3678 aut

100 3694 340 3761 alicujus
378 3704 692 3748 ceterorum.
743 3698 882 3748 Deus
918 3704 1094 3748 autem
1141 3700 1234 3749 dat
1257 3699 1337 3748 illi
1360 3715 1553 3764 corpus
1574 3701 1710 3750 sicut

101 3766 269 3847 uoluit
316 3769 387 3847 (1.
437 3771 559 3847 Cor:
594 3768 694 3847 _15.
741 3768 826 3847 35’}.
860 3768 1057 3847 et_3_6.).
1086 3772 1206 3821 Hoc
1237 3784 1374 3847 cum
1398 3773 1709 3847 Apostolus

104 3836 376 3906 dixisset,
401 3841 560 3905 quod
594 3843 748 3894 Deus
774 3842 875 3893 dat
893 3842 973 3893 illi
989 3855 1218 3906 corpus,
1237 3842 1389 3894 l’non
1406 3843 1707 3906 sicutvuit,

104 3913 201 3962 sed
246 3914 406 3967 sicut
448 3915 648 3977 voluit,
698 3916 953 3967 ostendit
991 3916 1144 3980 quod
1180 3916 1329 3968 sicut
1360 3930 1392 3967 a
1436 3918 1708 3982 principio

104 3990 334 4037 creatus
355 3986 650 4050 esthomo,
671 3987 751 4039 sic
765 3989 946 4039 etiam
959 3988 1019 4038 in
1039 3989 1455 4040 resurrectione
1469 3996 1708 4054 resurget,

105 4065 295 4118 neque
319 4057 542 4117 habitu,
568 4071 758 4122 neque
775 4072 1007 4123 corpore
1018 4064 1359 4123 permutato,
1382 4061 1529 4111 sicut
1544 4064 1711 4109 Domi-

105 4137 216 4177 nus
253 4135 459 4182 noster
488 4132 661 4181 Jesus
695 4131 973 4190 Christus,
1009 4135 1310 4193 postquam
1337 4133 1649 4183 resurrexit
1677 4143 1712 4182 a

107 4203 373 4261 mortuis,
392 4211 409 4232 ο
422 4215 527 4253 nec
550 4215 759 4267 corpus
776 4214 882 4253 nec
897 4200 1143 4265 ﬁguram
1164 4202 1394 4265 penitus
1407 4206 1707 4254 immutavit.

108 4270 251 4322 Nam
278 4273 434 4325 sicut
461 4286 705 4337 granum
746 4270 921 4341 609
944 4273 1216 4324 frumenti
1240 4274 1455 4324 amisso
1479 4287 1713 4338 corpore

108 4352 213 4393 suo
241 4344 473 4395 nudum
503 4345 850 4396 seminatum
868 4349 924 4395 et
942 4345 1711 4407 mortuum,siciterumcum

109 4413 311 4465 eodem
359 4429 595 4478 corpore
640 4416 795 4479 quod
821 4417 1093 4479 amiserat
1116 4417 1368 4481 resurgit
1395 4433 1407 4466 :
1434 4416 1517 4467 sic
1539 4418 1712 4469 etiam

106 4481 279 4537 homo
316 4487 380 4539 in
426 4488 841 4540 resurrectione
878 4491 1257 4553 mortuorum,
1283 4489 1390 4540 etsi
1414 4493 1713 4541 truncatus

173 4637 191 4658 ⁸
216 4630 320 4681 Ms.
363 4629 623 4681 Habitare
667 4636 717 4680 et
753 4646 854 4697 per
883 4646 1006 4681 eum
1047 4632 1395 4682 reconciliare
1428 4635 1620 4684 omnia
1650 4634 1711 4683 in

111 4698 291 4763 ipsum
321 4703 620 4766 pacz/icans
643 4718 738 4767 per
758 4703 1080 4767 sanguinem
1104 4704 1276 4753 crucis
1299 4704 1428 4768 ejus.

171 4771 343 4822 1’Νοη
377 4774 513 4823 sicut
551 4773 662 4823 vult
707 4775 797 4824 sed
833 4776 968 4825 sicut
1015 4775 1220 4840 voluit.]
1270 4776 1437 4840 Apud
1480 4779 1709 4829 Graecos

111 4839 269 4913 locus
285 4845 532 4897 fortasse
547 4845 719 4898 fuerit
733 4846 867 4898 huic
882 4839 1379 4911 argumentationi,
1392 4852 1481 4911 qui
1504 4843 1713 4913 ἠθέλησε

111 4912 326 4994 legunt,
350 4920 462 4994 aut
487 4915 671 4994 ἤθελεν,
702 4931 817 4994 non
863 4919 1096 4994 perinde
1138 4920 1288 4994 apud
1320 4921 1571 4994 Latinos,
1611 4921 1712 4985 qui

113 4990 245 5057 sicut
268 4990 383 5037 vult
405 4992 737 5041 constanter
752 4990 968 5051 legunt,
982 5003 1099 5042 non
1115 4991 1427 5041 sicutvoluit
1462 4995 1710 5057 August.

116 5056 290 5119 Epist.
314 5059 436 5113 146.
463 5060 536 5111 ad
570 5061 965 5125 Consentium,
1000 5063 1139 5111 Deus
1166 5068 1345 5112 autem
1375 5064 1457 5113 illi
1480 5056 1714 5114 dulcor-

152 5141 212 5175 us
246 5133 518 5180 quomodo
544 5133 785 5180 voluerit.
806 5133 957 5180 quod
984 5133 1134 5180 idem
1157 5139 1261 5180 est.

116 5140 212 5187 pus
246 5132 518 5193 quomodo
544 5131 785 5195 voluerit,
806 5132 957 5193 quod
983 5133 1134 5183 idem
1157 5139 1261 5184 est.

177 5207 195 5227 °
216 5199 323 5250 Nec
364 5217 556 5267 corpus
594 5217 688 5252 nec
714 5206 953 5267 figuram
985 5204 1335 5269 immutavit.]
1378 5207 1535 5258 Idem
1561 5208 1710 5259 enim

118 5279 325 5334 corpus
353 5286 426 5323 ex
450 5272 751 5337 sepulchro
773 5272 996 5330 extulit,
1022 5274 1173 5337 quod
1198 5277 1492 5329 conditum
1512 5278 1710 5329 fuerat.

120 5338 226 5412 Sed
251 5348 467 5406 quanto
490 5345 707 5409 majore
730 5359 862 5396 cum
887 5345 1082 5409 gloria,
1100 5345 1352 5398 declarat
1365 5348 1714 5412 Theophilus

121 5409 540 5467 Alexandrinus
564 5417 736 5467 verba
758 5428 1047 5480 usurpans
1074 5417 1284 5467 Psalmi
1319 5417 1406 5471 9‘2.
1424 5419 1481 5470 in
1512 5409 1716 5472 Codice

120 5483 271 5544 regio
317 5485 440 5557 211.
479 5486 559 5557 ΔὈ
610 5488 780 5554 Κύριος
835 5483 1176 5545 ἐϐασίλευσεν,
1230 5483 1492 5557 ἐνεδύσατο
1538 5487 1714 5557 εὖπρέ-

122 5570 255 5626 ’ξιειαν
285 5576 295 5587 ο
340 5553 502 5626 ἐπειδὴ
528 5561 637 5626 γὰρ
667 5562 816 5611 ἔλαϐε
846 5562 1051 5624 φθαρτὸν
1097 5568 1260 5623 σῶμα,
1294 5556 1579 5626 εὐπρέπειαν
1616 5553 1715 5614 ἓνε-

126 5622 307 5698 ςῖῖὗσατο
343 5622 645 5698 -ἆναστὴσας
694 5626 833 5690 αὐτὸ,
858 5622 1170 5698 ήοῦ-φθαρτὸν
1216 5626 1320 5681 ἀλλ’
1362 5622 1619 5698 ἄφθαρτον.
1656 5633 1718 5686 ⁸0

125 5694 306 5777 ξίύριοςι
336 5695 672 5761 ἐϐασίλευσεν,
720 5698 1006 5767 εὐπρέπειαν
1060 5696 1322 5751 ἐνεδύσατο
1374 5694 1585 5753 ’Ἶὲλαϐε
1626 5706 1718 5770 γὰρ

126 5768 439 5845 ᾁναστήσασς
484 5773 627 5822 πάλιν
681 5774 736 5823 τὸ
789 5774 963 5823 ἑαυτοῦ
1015 5780 1179 5835 σῶμα,
1225 5775 1352 5845 κατα
1395 5768 1480 5834 τὴν
1534 5768 1716 5826 οἰκείαν

128 5838 698 5910 ἑπαγγέλειαννΛύσατε
733 5845 815 5895 τὸν
839 5846 959 5895 ναὸν
984 5850 1170 5902 τοῦτον,
1196 5847 1280 5895 καὶ
1312 5838 1391 5895 ἐπὶ
1420 5840 1570 5910 τρισὶν
1599 5840 1723 5909 ἡμέ-

128 5923 225 5971 Ραις
251 5907 398 5981 ἐγερῶ
426 5909 595 5967 αὐτὸν.
621 5913 687 5969 Ὃ
716 5916 866 5982 ἔγειρε
893 5914 1056 5967 τοίνυν
1089 5910 1351 5969 ἐνεδύσατο
1380 5907 1525 5980 σῶμα
1547 5922 1558 5938 ’
1589 5907 1723 5983 ἔλεγε

1876 1920 1988 1969 LII.
2026 1918 2306 1977 Quoniam
2331 1915 2505 1978 igitur
2533 1914 2631 1979 qui
2650 1913 2799 1965 Arrii
2825 1910 2916 1964 vel
2934 1911 3198 1964 Eunomii
3221 1910 3412 1963 neran-

1811 1988 1918 2039 das
1934 1988 2189 2040 haereses
2206 1990 2500 2038 Sectantur
2514 1991 2571 2037 et
2583 1985 2937 2046 dogmatasid
2956 1985 3408 2043 blasphemandum

1813 2060 2180 2124 Unigenitum
2205 2058 2382 2109 [ilium
2408 2058 2508 2109 Dei
2533 2070 2631 2119 per
2645 2057 2769 2108 dies
2794 2054 3055 2119 singulos
3072 2066 3208 2105 suas
3223 2064 3410 2101 acuunt

1812 2131 2061 2194 linguas,
2075 2131 2263 2183 edocti
2281 2143 2507 2194 semper
2526 2129 2743 2180 divinas
2761 2128 3067 2192 Scriptum
3080 2124 3412 2189 simplicita-

1813 2208 1930 2254 tem
1951 2202 2293 2266 adulterare,
2319 2206 2377 2253 et
2399 2200 2586 2252 verbis
2607 2199 2955 2263 quibusdam
2978 2196 3280 2262 perversis,
3297 2210 3408 2257 quae

1812 2287 1884 2325 ex
1931 2274 2337 2325 communibus
2375 2272 2721 2323 descendere
2745 2270 3014 2321 sensibus
3037 2270 3409 2329 consuerunt,

1812 2346 2202 2397 contaminare
2215 2343 2474 2394 similiter
2494 2343 2813 2405 veritatem,
2828 2345 2891 2392 ut
2907 2354 2978 2392 ex
2994 2344 3154 2405 parte
3179 2338 3410 2402 syllogi-

1816 2418 1960 2469 stica
1984 2416 2404 2481 sophismatum
2417 2412 2723 2465 nefandam
2746 2413 3012 2463 haeresim
3027 2423 3192 2462 suam
3205 2410 3411 2461 contir-

1814 2501 1971 2539 mare
1996 2487 2318 2549 videantur,
2342 2485 2685 2549 scphisticas
2703 2485 2872 2534 nobis
2896 2482 2967 2533 de
2990 2485 3110 2534 Deo
3132 2484 3413 2542 interroga-

1815 2561 2003 2610 tiones
2027 2557 2415 2622 praatendunt,
2434 2568 2468 2607 a
2483 2555 2813 2607 substantia
2830 2554 3013 2605 Patris
3036 2552 3409 2618 Unigenitum

1814 2630 2019 2680 Filium
2038 2628 2285 2680 alienare
2309 2631 2607 2688 conantes,
2632 2625 3024 2676 necessarium
3049 2624 3196 2674 duco
3211 2636 3283 2674 ex
3302 2622 3414 2673 Lis-

1815 2702 1946 2753 dem
1965 2700 2371 2751 communibus
2389 2698 2659 2749 sensibus
2682 2708 2880 2747 eorum
2898 2697 3127 2743 haeresim
3144 2697 3409 2743 nefandam

1814 2773 2145 2824 destruere:
2179 2775 2243 2822 ut
2286 2784 2359 2823 ex
2404 2770 2621 2833 quibus
2664 2768 3058 2833 probationem
3100 2765 3313 2817 habere
3347 2779 3410 2817 se

1817 2848 2040 2908 putant,
2081 2856 2155 2896 ex
2200 2842 2427 2894 hisdem
2472 2841 2641 2892 etiam
2686 2839 2825 2903 ipsis
2863 2838 3299 2902 redarguantur.
3344 2841 3412 2890 Et

1817 2916 2153 2980 priusquam
2188 2914 2459 2978 incipiam
2483 2923 2817 2965 enumerare
2840 2923 3037 2961 eorum
3054 2910 3125 2961 de
3150 2910 3290 2961 Filio
3318 2910 3414 2961 ad-

1818 3000 2024 3038 versus
2050 3001 2156 3038 nos
2181 2985 2674 3049 interrogationes,
2693 2995 2838 3046 quas
2848 2985 3113 3045 ingentes
3129 2985 3188 3033 et
3200 2981 3408 3033 arduas

1817 3058 2187 3122 arbitrantur,
2208 3058 2279 3109 ad
2304 3058 2463 3122 ipsos
2489 3055 2618 3107 volo
2630 3055 2833 3113 dicere,
2850 3054 2985 3116 quia
3000 3052 3408 3116 quodcumque

1801 3127 1909 3182 fari
1937 3131 2231 3183 volueritis
2256 3129 2329 3181 de
2366 3127 2676 3179 Nativitate
2700 3124 2825 3177 Filii
2841 3126 2940 3176 Dei
2963 3137 3035 3175 ex
3062 3126 3240 3183 Patre,
3262 3130 3406 3176 tem-

1804 3203 2096 3266 pOralibus
2138 3203 2228 3253 usi
2265 3200 2477 3261 verbis,
2518 3199 2645 3262 ejus
2682 3197 3070 3260 Nativitatem,
3102 3201 3168 3247 ut
3194 3197 3321 3261 ipsa
3346 3208 3409 3248 se

1733 3270 1782 3345 ί]
1814 3278 2005 3339 habet,
2037 3274 2276 3338 probare
2291 3272 2528 3345 minime
2546 3266 3406 3345 poteritis,quoniamU_nigeniti

1804 3349 1911 3409 Dei
1938 3346 2110 3397 Verbi
2139 3344 2443 3406 Nativitas,
2467 3354 2602 3394 cum
2627 3342 2703 3392 sit
2732 3340 3012 3391 naturalis
3028 3352 3094 3389 ac
3119 3340 3243 3391 sine
3256 3339 3410 3403 prin-

1804 3423 1970 3487 cipio,
1997 3423 2062 3468 ut
2083 3418 2211 3481 ipsa
2233 3428 2294 3467 se
2310 3415 2485 3487 habet
2504 3411 2924 3487 comprehendi
2925 3424 3041 3462 non
3053 3415 3258 3475 potest.
3288 3414 3405 3459 Nam

1807 3482 2062 3547 sibmnia
2075 3488 2250 3539 verba
2261 3485 2483 3550 prolata
2495 3489 2724 3548 tempus
2738 3482 3174 3547 signiﬁcant,nut
3189 3496 3410 3543 praesens

1808 3565 2043 3621 scilicet,
2069 3562 2167 3611 aut
2189 3558 2565 3623 praeteritum,
2596 3560 2700 3606 aut
2730 3555 3010 3615 futurum,
3041 3555 3189 3604 Deus
3212 3557 3409 3604 autem

1806 3633 2151 3699 Unigenitus
2173 3630 2380 3680 horum
2405 3632 2497 3679 est
2518 3629 2757 3699 creator,
2770 3626 2899 3699 ejus
2923 3623 3175 3699 profecto
3193 3624 3411 3675 Nativi-

1810 3713 1899 3759 tas
1912 3698 2326 3767 temporalibus
2351 3699 2540 3750 verbis
2551 3698 2795 3762 approba
2804 3698 2849 3746 ri
2872 3708 2991 3746 non
3002 3698 3210 3759 potest,
3236 3699 3411 3758 atque

1806 3782 1941 3834 ideo
1962 3774 2311 3833 necessario,
2339 3771 2509 3823 fidem
2538 3770 2867 3821 divinarum
2887 3767 3305 3831 Scripturarum
3324 3778 3413 3819 se-

1807 3857 2073 3919 quentes,
2092 3862 2164 3900 ex
2176 3861 2240 3898 ea
2252 3846 2531 3919 debemus
2550 3854 2779 3919 sumere
2798 3839 3151 3919 probati-onis
3169 3842 3410 3900 exempla.

1870 3926 2010 3977 LIII.
2049 3910 2195 3972 Cum
2220 3918 2395 3983 igitur
2416 3927 2535 3967 non
2558 3910 3055 3975 interrogaverint,
3074 3914 3269 3983 utrum
3283 3914 3415 3959 Deus

1808 3994 2128 4062 procreavit
2154 3979 2381 4048 Filium,
2406 3999 2614 4062 necne,
2632 3988 2695 4062 et
2717 3983 3038 4062 acceperint
3135 3981 3155 4049 |
3237 3994 3411 4062 ano-

1807 4053 1896 4118 his
1934 4074 2302 4130 responsum,
2335 4056 2657 4130 procreavit,
2688 4056 2887 4130 statim
2919 4054 3199 4130 adjiciunt
3234 4053 3410 4104 inter-

1807 4125 2165 4202 rogationem
2193 4128 2549 4195 hujusmodi,
2570 4139 2744 4202 quam
2770 4126 2951 4177 Graeci
2976 4125 2997 4154 ⁴
3019 4125 3412 4202 dilemmatam

1807 4194 2034 4262 vocant.
2052 4194 2299 4261 Invitus,
2316 4215 2391 4252 an
2416 4204 2620 4265 sponte
2634 4201 2660 4248 ?
2673 4201 2794 4249 Hoc
2809 4202 3005 4249 autem
3027 4197 3263 4258 iaciunt,
3276 4200 3341 4247 ut
3366 4194 3415 4245 si

1809 4281 2146 4337 dixerimus,
2162 4277 2218 4325 in
2227 4276 2387 4338 uitus,
2403 4285 2537 4323 mox
2554 4271 2643 4335 adj
2654 4271 2843 4321 iciant.
2860 4268 3023 4330 Quod
3038 4268 3086 4319 si
3104 4270 3298 4317 invitus
3308 4282 3418 4328 pro«

1808 4341 2028 4404 creavit
2054 4349 2286 4407 Filium,
2304 4343 2593 4408 quomodo
2612 4355 2731 4393 non
2752 4340 3096 4404 estimpium
3120 4340 3189 4390 de
3202 4343 3299 4387 Deo
3324 4342 3418 4389 hoc

1809 4424 2019 4478 dicere,
2066 4418 2219 4483 quod
2239 4414 2626 4481 generationis
2649 4412 2981 4464 necessitati
2997 4411 3416 4475 subjungatur?

1811 4496 1910 4547 Sin
1924 4498 2119 4545 autem
2132 4496 2319 4556 sponte
2339 4484 2758 4547 dixerimus,illi
2768 4497 2973 4535 rursus
2988 4483 3060 4535 ad
3062 4483 3415 4547 jiciuntquod

1810 4640 1921 4704 γὰρ,
1947 4631 2056 4689 Οὐχ
2111 4629 2475 4704 ἐγκαταλείψεις
2524 4624 2611 4704 τὴν
2650 4624 2817 4704 ψυχή-ν
2864 4646 2957 4704 μον
3010 4630 3073 4704 εὶς
3116 4625 3257 4704 ctione,
3301 4620 3414 4704 ονξδξ

1735 4681 1792 4753 D
1812 4681 1984 4763 ὲιῖἔειξ
2413 4681 2527 4787 ἷδὲῖν
2547 4681 2826 4787 Ιέιαὲθοᾞᾶν
2908 4700 2977 4784 ἕξει
3007 4681 3070 4750 δὲ’
3099 4681 3183 4787 aut
3295 4699 3416 4787 adipi

1815 4799 1908 4845 μου
1938 4776 2315 4837 κατασκηνώσει
2347 4769 2420 4845 ἐπ)
2449 4768 2622 4824 ἐλπίδι.
2658 4771 2900 4829 ’Δναστάς
2924 4766 2974 4821 ἐν
2996 4775 3063 4837 τῷ
3088 4767 3301 4835 μνήματι
3325 4766 3417 4821 οὐκ

1816 4840 1971 4915 ἔμεινε
2012 4868 2022 4879 ·
2059 4850 2147 4899 καὶ
2191 4848 2355 4910 μείνας
2399 4840 2556 4915 ἔνΑτῷ
2606 4842 2820 4907 μνήματι
2863 4841 2954 4895 οὐκ
2993 4844 3093 4895 ἴδεν
3136 4843 3414 4908 διαφθοράν,

1814 4913 1906 4973 οὖν.
1951 4916 2219 4987 ἐκράτησεν
2264 4915 2414 4970 αὐτοῦ
2457 4913 2782 4987 ἧῗδιαφθορά,
2826 4919 2853 4969 ὁ
2896 4918 3133 4984 ἄφθαρτος
3173 4915 3315 4980 λόγος
3358 4914 3413 4963 τὸ

1814 4986 2019 5059 φθαρτὸν
2051 4988 2295 5050 ἀνέστησε
2324 4998 2468 5053 σῶμα
2492 4986 2554 5046 εἷς
2588 4986 2880 5055 ἀφθαρσίαν.
2913 4988 3182 5037 Dominus
3214 5001 3415 5059 regna-

1814 5057 1887 5113 vit
1907 5057 2145 5112 decorem
2174 5061 2390 5109 induit:
2420 5061 2554 5123 quia
2582 5061 2729 5108 enim
2743 5060 3296 5123 corruptibilecorpus
3315 5057 3417 5103 ad-

1811 5135 2060 5198 sumpsit,
2090 5134 2327 5182 decorem
2355 5131 2557 5191 induit,
2581 5133 2847 5181 suscitans
2870 5132 3011 5180 illud
3026 5148 3135 5180 non
3153 5126 3418 5189 corrupti-

1814 5206 1929 5265 bile,
1951 5206 2040 5255 sed
2064 5202 2489 5268 incarruptibile,
2513 5204 2781 5252 Dominus
2804 5203 3068 5267 regnavit,
3088 5202 3323 5249 decorem
3336 5199 3417 5245 in-

1815 5279 1956 5327 duit:
1978 5276 2288 5341 adsumpsit
2312 5275 2459 5323 enim
2476 5290 2759 5339 resurgens
2781 5276 2976 5322 iterum
2995 5273 3281 5336 proprium
3297 5285 3415 5317 cor-

1811 5364 1934 5414 pus,
1958 5355 2122 5412 prout
2142 5340 2253 5411 ipse
2276 5346 2627 5410 praedixerat.
2654 5346 2847 5398 Solvite
2877 5343 3132 5406 templum
3158 5343 3273 5414 hoc,
3298 5340 3413 5414 etin

1816 5412 1986 5468 tribus
2009 5419 2191 5468 diebus
2215 5417 2455 5467 excitabo
2476 5418 2613 5467 illud
2648 5415 3074 5476 Quodeatcitarat
3098 5427 3220 5477 ergo
3233 5412 3416 5460 induit

1815 5505 2026 5553 corpus.
2054 5489 2264 5538 Dicebat
2287 5488 2451 5550 enim,
2478 5489 2604 5540 Non
2628 5488 2957 5551 derelinques
2972 5486 3221 5535 animam
3236 5497 3413 5532 meam

1816 5562 1879 5610 in
1902 5561 2137 5623 inferno,
2160 5575 2254 5609 nec
2284 5560 2436 5610 dabis
2465 5567 2714 5610 sanctum.
2738 5566 2891 5610 tuum
2915 5558 3090 5607 videre
3113 5555 3417 5620 corruptio-

1816 5648 1959 5683 nem.
1997 5633 2292 5694 Resurgens
2320 5647 2431 5679 non
2462 5635 2665 5682 mansit
2682 5634 2741 5683 in
2768 5636 3143 5681 monumento:
3166 5629 3255 5679 sed
3284 5633 3328 5677 et
3352 5628 3414 5676 in

1816 5708 2166 5754 monumento
2180 5716 2408 5750 manens
2423 5718 2537 5753 non
2556 5706 2691 5754 vidit
2714 5704 3131 5768 corruptionem,
3143 5701 3416 5765 corruptio

1818 5775 1902 5824 illi
1924 5788 2035 5821 non
2060 5777 2130 5819 est
2148 5772 2450 5834 dominata,
2475 5775 2705 5825 Verbum
2728 5775 3134 5838 incorruptibile
3148 5773 3413 5837 corrupti-

1819 5846 1918 5896 bile
1940 5858 2133 5907 corpus
2155 5843 2431 5893 suscitavit
2457 5846 2530 5895 ad
2552 5845 3133 5911 incorruptibilitatem.

1882 5916 1905 5946 ⁸
1928 5916 2052 5979 Ms,
2077 5913 2467 5965 Dilemmatum
2500 5923 2710 5970 vocant.
