3866 6206
442 344 578 400 1151

1754 337 2001 391 RUFINI
2032 334 2428 390 PALESTINI

3634 340 3763 395 115³2

446 460 555 511 sibi
579 458 810 509 libitum
846 459 954 521 est,
993 457 1141 521 Ergo
1173 455 1223 506 si
1270 458 1474 529 sponte
1513 454 1853 529 procreavit,
1878 451 2045 529 quasi
2065 457 2118 529 Α
2142 525 2177 529 λ
2205 453 2321 504 LV.
2361 454 2593 529 Rursus
2602 523 2615 529 _
2625 452 2988 529 interrogant
3023 453 3240 529 nos,_si
3264 454 3427 529 solus
3450 467 3591 529 cum
3616 464 3764 529 esset

445 530 739 581 voluntate
772 530 950 580 Filius
990 530 1344 592 procreatus,
1381 526 1530 593 inter
1552 527 1745 590 ipsum
1770 530 1828 577 et
1850 525 2043 576 omnia

446 607 651 659 cetera,
677 613 808 665 quas
833 600 933 651 Dei
955 600 1166 663 pariter
1187 597 1483 649 voluntate
1513 600 1700 649 creata
1723 602 1859 648 sunt
1885 596 2045 647 nulla

444 673 675 737 penitus
690 671 1167 723 haberidiscretio
1192 668 1415 733 poterit.
1432 667 1540 719 Sed
1554 681 1671 719 non
1697 667 2044 731 responden-

444 743 584 794 dum
628 748 733 803 est,
780 741 934 806 quod
975 742 1083 806 ipsi
1108 740 1322 791 scilicet
1345 738 1543 791 audire
1569 738 1912 801 desiderant,
1942 738 2042 789 sed

446 813 632 877 magis
648 813 756 865 hoc
782 812 953 864 modo
985 812 1260 873 dicemus,
1292 812 1493 873 Neque
1524 816 1729 874 sponte
1748 813 2042 875 procreavit,

447 884 1029 948 nequeinvitus.Cum
1043 883 1217 945 igitur
1230 886 1464 946 accepto
1477 882 1585 932 hoc
1598 894 2046 946 responso,acon-

447 955 706 1007 clusione
722 968 829 1006 sua
842 955 1037 1017 iniqua
1050 955 1108 1005 in
1121 958 1415 1017 posterum
1428 956 1627 1014 penitus
1639 955 1828 1002 exclusi
1842 955 2042 1014 fuerint,

447 1031 505 1078 et
529 1028 863 1090 quaesierint
884 1038 919 1077 a
942 1026 1108 1076 nobis
1130 1024 1620 1088 quemadmodum
1642 1025 2044 1090 procreaverit,

449 1101 587 1149 tunc
598 1097 710 1149 illis
724 1098 805 1148 ita
816 1095 1272 1160 respondebitur,
1288 1095 1649 1159 Naturaliter,
1665 1098 1802 1157 quod
1813 1103 1884 1144 est
1895 1111 2048 1156 supra

449 1181 680 1220 omnem
723 1167 1081 1220 voluntatem
1114 1180 1180 1218 ac
1211 1166 1637 1219 necessitatem.
1674 1167 1741 1218 Et
1765 1167 2047 1230 siquidem

449 1239 735 1292 intellecto
750 1251 1026 1303 responso
1044 1242 1243 1289 nostro
1260 1238 1754 1302 quieverint,bene
1768 1244 1826 1289 et
1841 1240 2042 1299 optime.

450 1311 548 1361 Sin
584 1323 721 1362 vero
754 1310 1023 1372 dixerint,
1050 1322 1167 1361 non
1190 1322 1319 1360 esse
1346 1310 1580 1373 planum
1605 1322 1961 1373 responsum:
1991 1313 2048 1360 et

450 1396 555 1434 nos
579 1388 779 1434 contra
796 1382 1280 1446 interrogabimus
1306 1394 1405 1433 eos
1424 1381 1596 1432 simili
1616 1381 1787 1433 modo
1807 1382 2050 1433 interro-

450 1455 699 1518 gationis
724 1466 939 1515 eorum,
953 1454 1157 1505 Utrum
1184 1456 1388 1517 sponte
1406 1454 1556 1503 Deus
1573 1453 1761 1503 bonus
1780 1453 1873 1516 sit,
1891 1468 1955 1501 an
1968 1454 2050 1500 in-

452 1525 632 1576 vitus:
658 1525 772 1588 Ipsi
796 1536 1026 1587 quoque
1042 1525 1208 1575 nobis
1228 1523 1677 1587 respondebunt,
1696 1523 1965 1575 timentes
1977 1536 2049 1574 ex

451 1602 697 1661 utraque
718 1596 1165 1659 parteinlicitam
1184 1596 1641 1660 responsionem,
1659 1598 1858 1659 Neque
1876 1604 2051 1657 sponte

452 1681 638 1731 neque
663 1668 899 1728 invitus,
917 1667 1020 1719 sed
1044 1680 1113 1719 ea
1137 1668 1353 1718 scilicet
1377 1673 1604 1728 natura,
1623 1680 1755 1731 quas
1767 1680 1942 1732 supra
1955 1679 2052 1719 vo-

450 1738 737 1790 luntatem
762 1744 851 1791 est
876 1744 933 1791 et
956 1739 1380 1789 necessitatem.
1418 1739 1522 1789 His
1546 1740 1719 1802 igitur
1741 1740 2051 1803 responsis,

455 1810 667 1874 quibus
683 1813 916 1861 utentur
929 1810 1036 1874 ipsi
1052 1810 1122 1860 de
1138 1812 1257 1861 Deo
1277 1809 1432 1873 quod
1449 1811 1638 1861 bonus
1652 1815 1740 1861 est
1753 1818 2051 1869 asserentes,

452 1880 680 1933 hisdem
703 1894 810 1933 nos
829 1893 1061 1945 quoque
1076 1881 1229 1944 quod
1247 1884 1403 1932 Deus
1425 1881 1760 1945 procreavit,
1775 1882 2056 1945 adproba-

453 1965 602 2003 mus.
631 1954 776 2005 Nam
810 1954 961 2005 sicut
990 1953 1178 2004 bonus
1207 1957 1297 2004 est
1319 1954 1497 2011 Deus,
1525 1965 1715 2016 neque
1741 1953 2054 2016 voluntate,

453 2036 643 2087 neque
675 2026 1035 2083 necessitate,
1061 2024 1164 2073 sed
1187 2023 1313 2088 ipsa
1335 2028 1560 2081 natura,
1585 2030 1651 2075 ut
1674 2025 1930 2076 bonitate
1946 2024 2055 2088 pri-

455 2100 628 2147 vatus
656 2108 953 2159 nunquam
984 2095 1322 2158 reperiatur:
1347 2095 1428 2146 sic
1452 2096 1627 2147 etiam
1655 2096 1860 2146 Filium
1883 2096 2058 2146 habet

454 2170 678 2217 natura.
692 2168 889 2230 Neque
902 2167 1055 2218 enim
1070 2171 1256 2229 potest
1275 2168 1425 2216 Deus
1442 2179 1699 2229 unquam
1716 2169 1906 2227 privari
1928 2169 2057 2216 Uni-

454 2237 649 2301 genito
677 2239 788 2288 Deo
813 2239 953 2288 Filio
978 2250 1103 2288 suo.
1134 2239 1202 2287 Et
1226 2237 1352 2288 haec
1379 2238 1616 2300 quidem
1642 2238 1795 2288 dicta
1826 2238 1897 2289 de
1921 2238 2058 2290 Uni-

452 2308 648 2370 genito
672 2310 791 2358 Deo
812 2307 1239 2370 comprobanda
1252 2307 1481 2358 abunde
1497 2307 1848 2371 sufﬁcerent,
1863 2309 2055 2360 sicum

454 2379 834 2442 prudentibus
861 2391 1050 2430 sermo
1069 2383 1243 2441 esset,
1260 2392 1325 2431 eo
1349 2379 1503 2442 quod
1526 2380 1862 2432 naturaliter
1883 2381 2058 2433 habet

454 2461 527 2500 ex
554 2451 716 2500 Patre
740 2450 1121 2501 nativitatem.

517 2522 655 2572 LIV.
686 2521 797 2572 Sed
822 2520 1095 2584 quoniam
1120 2518 1234 2579 isti,
1251 2521 1527 2582 tanquam
1552 2533 1728 2572 canes
1751 2521 1961 2585 arrepti
1976 2534 2056 2572 ra-

455 2592 547 2644 bie
571 2593 670 2655 qui
698 2596 896 2643 contra
940 2591 1207 2642 dominos
1233 2602 1465 2654 quoque
1496 2593 1764 2655 steviunt,
1792 2593 2058 2656 passione

454 2664 697 2716 insanias
740 2677 839 2728 per
885 2662 1266 2727 ignorantiam
1307 2663 1594 2724 concitati,
1629 2668 1829 2716 contra
1852 2665 2057 2716 Filium

455 2735 559 2787 Dei
584 2735 983 2800 blasphemare
998 2736 1279 2796 nituntur,
1295 2735 1341 2785 si
1367 2735 1599 2797 quando
1611 2735 1821 2798 aliquid
1848 2735 1918 2786 de
1933 2736 2058 2799 ipso

453 2806 838 2859 venerationis
883 2806 1187 2870 audierint,
1227 2811 1284 2858 et
1313 2805 1533 2857 exclusi
1569 2806 1781 2859 fuerint
1817 2819 1851 2857 a
1890 2807 2059 2859 solita

457 2882 659 2929 contra
668 2890 801 2930 eum
817 2878 1194 2942 blasphemia,
1212 2878 1700 2941 perseverantiam
1713 2883 1905 2930 tamen
1917 2881 2060 2926 mali-

457 2950 555 3000 tia
580 2961 723 3012 sum,
755 2962 928 3012 quam
952 2955 1152 3000 contra
1173 2949 1378 3000 Filium
1404 2962 1631 3013 semper
1654 2954 1940 3011 exercent,
1960 2950 2061 3001 mi-

459 3020 613 3071 nime
640 3021 932 3083 amittunt,
953 3021 1055 3072 sed
1079 3034 1284 3071 rursus
1300 3021 1779 3072 contradictiones
1805 3020 1945 3072 alias
1958 3035 2054 3073 ex-

459 3091 709 3155 cogitare
750 3097 1047 3143 conantur.
1076 3092 1449 3143 Nativitatem
1474 3092 1765 3155 Unigeniti
1791 3092 1962 3142 Verbi
1987 3105 2059 3143 ex

459 3163 597 3224 Deo,
627 3174 759 3224 quae
789 3162 913 3213 sine
948 3162 1222 3226 principio
1257 3166 1368 3223 est,
1401 3174 1468 3212 ac
1490 3162 1770 3213 naturalis
1796 3162 2058 3222 habetur,

2142 525 2316 584 Deus,
2338 523 2538 588 genuit
2560 523 2761 587 ﬁlium,
2776 525 2909 577 utsi
2927 525 3419 589 responderimus
3435 527 3599 589 quod
3614 528 3763 579 solus

2142 607 2273 646 cum
2286 599 2439 646 esset
2454 596 2670 660 genuit,
2697 597 2894 648 statim
2914 597 3027 648 hoc
3038 597 3113 648 ad
3115 597 3349 661 jiciant,
3373 600 3525 663 Ergo
3540 598 3594 650 si
3612 600 3764 650 scius

2142 679 2276 717 cum
2308 672 2463 718 esset
2493 667 2709 729 genuit,
2747 672 2869 719 erat
2895 667 3218 732 aliquando
3244 669 3484 732 quando
3513 682 3632 720 non
3654 678 3767 721 erat

2144 738 2311 789 illius.
2326 738 2588 791 Similiter
2606 744 2800 791 autem
2811 740 2861 791 si
2874 740 3361 804 responderimus
3373 742 3533 804 quod
3554 754 3763 792 nonsa

2142 810 2253 873 lus,
2292 822 2427 860 mox
2469 809 2760 873 adjiciant,
2795 813 2866 863 Et
2893 812 3191 875 quomodo
3218 812 3346 864 ﬁeri
3380 817 3599 876 potest,
3626 818 3691 862 ut
3712 813 3760 862 id

2144 882 2291 945 quod
2314 893 2541 946 semper
2562 895 2681 933 una
2699 895 2831 933 cum
2852 883 2977 948 ipso
3002 882 3113 934 fuit
3135 888 3347 934 natum
3363 885 3599 948 proprie
3614 887 3765 931 nomi-

2144 957 2314 1004 netur
2326 957 2348 1002 ?
2372 954 2664 1016 quoniam,
2690 956 2756 1005 ut
2777 954 2887 1018 ipsi
2911 954 3137 1018 dicunt,
3158 954 3290 1019 ipsa
3301 956 3589 1006 nativitas
3602 958 3764 1016 snspi-

2147 1025 2366 1076 cionem
2383 1028 2619 1089 praestat
2632 1025 2946 1088 aliquando
2956 1027 3192 1089 penitus
3210 1039 3333 1078 non
3348 1026 3536 1078 fuisse
3550 1036 3762 1089 ,proplet

2146 1094 2256 1147 hoc
2298 1095 2489 1160 ipsum
2522 1096 2677 1159 quod
2710 1096 2920 1149 dicitur
2947 1101 3145 1148 natus.
3174 1098 3321 1149 Haec
3344 1102 3548 1148 autem
3570 1098 3759 1148 dicunt

2146 1167 2471 1229 ignorantes
2495 1172 2775 1230 quantum
2799 1168 3029 1219 intersit
3050 1168 3454 1232 corporabilus
3482 1172 3761 1229 temporali-

2149 1240 2372 1301 busque
2415 1238 2684 1290 sensibus
2706 1239 2917 1291 audere
2941 1239 3015 1291 de
3036 1242 3160 1291 Deo
3190 1241 3619 1304 quodcumque
3645 1253 3760 1304 pm.

2146 1310 2417 1362 nuntiari.
2457 1310 2675 1374 Quippe
2711 1322 2844 1361 cum
2868 1311 2918 1360 is
2945 1310 3018 1361 de
3042 1323 3157 1374 quo
3200 1311 3419 1374 agitur,
3466 1311 3641 1374 quasi
3672 1312 3759 1374 qui

2147 1383 2367 1445 absque
2384 1381 2547 1433 initio
2564 1382 2656 1444 sit,
2685 1382 3132 1434 necessitatibus
3156 1386 3497 1446 temporum
3512 1386 3757 1443 subjacere

2148 1466 2264 1505 non
2291 1453 2489 1517 possit.
2513 1452 2646 1504 Ideo
2676 1454 2853 1518 igitur
2884 1466 2993 1504 nos
3011 1466 3255 1517 quoque
3269 1454 3403 1505 illos
3417 1456 3758 1513 consulamus,

2149 1524 2577 1588 quodammodo
2598 1524 2853 1589 ipsorum
2869 1524 3327 1588 interrogatione
3352 1528 3611 1583 utentes,
3625 1533 3677 1573 ut
3697 1529 3757 1573 sit:

2148 1596 2487 1661 ﬁgmentum
2512 1609 2705 1656 suum,
2722 1596 2877 1659 quod
2888 1596 3074 1647 Graeci
3091 1597 3401 1660 sophisma
3412 1602 3647 1657 vocant,
3666 1598 3759 1644 illis

2150 1674 2411 1733 apertum
2434 1669 2534 1719 llat
2556 1680 2622 1719 ac
2644 1667 2899 1732 planum.
2917 1668 3099 1719 Dicite
3115 1668 3292 1718 nobis
3310 1680 3436 1727 vos,
3451 1668 3621 1719 Solus
3635 1681 3755 1718 cum

2152 1744 2306 1792 esset
2325 1741 2481 1791 Deus
2504 1739 2925 1791 misericordias
2949 1739 3173 1803 genuit,
3197 1751 3281 1790 an
3307 1743 3464 1789 non?
3497 1740 3753 1802 quoniam

2154 1813 2353 1864 beatus
2366 1811 2578 1862 Paulus
2599 1815 2819 1875 patrem
2844 1810 3382 1861 misericordiarum
3397 1812 3577 1860 Deum
3590 1810 3755 1860 nomi-

2152 1886 2268 1943 nat,
2324 1883 2404 1934 ita
2448 1882 2665 1942 dicens,
2707 1882 3023 1931 Benedictus
3070 1882 3231 1945 Deus,
3280 1887 3331 1929 et
3353 1887 3509 1945 paler
3543 1882 3754 1929 Domini

2152 1953 2325 2003 nostri
2359 1954 2488 2003 Jesu
2523 1953 2742 2016 Christi,
2787 1960 2941 2017 pater
2980 1953 3501 2002 misericordiarum
3532 1952 3607 2013 (‘2.
3644 1953 3750 2002 Car.

2156 2025 2207 2079 1.
2253 2024 2326 2087 3.)
2366 2026 2434 2074 Et
2469 2025 2518 2075 si
2560 2024 2687 2075 ausi
2730 2023 2967 2075 fuerunt
3009 2023 3221 2086 dicere,
3254 2024 3416 2087 quod
3452 2024 3611 2074 solus
3635 2037 3749 2074 cum

2155 2102 2313 2148 esset
2334 2096 2549 2160 genuit,
2573 2108 2680 2146 nos
2709 2108 2939 2159 quoque
2964 2095 3109 2158 ipsis
3144 2095 3225 2145 ita
3261 2095 3752 2159 respondebimus,

2156 2181 2257 2219 cur
2278 2180 2397 2218 non
2426 2167 2499 2218 sit
2520 2167 2763 2230 impium
2781 2178 2848 2218 ac
2863 2166 3150 2217 nefarium
3168 2166 3362 2217 dicere
3379 2166 3536 2229 quod
3550 2166 3653 2217 fuit
3666 2166 3753 2216 ali-

2156 2239 2386 2302 quando
2435 2238 2586 2290 Deus
2624 2239 2844 2301 absque
2888 2237 3324 2301 misericordiis,
3374 2239 3586 2301 quippe
3633 2250 3748 2287 cum

2156 2312 2312 2362 Deus
2335 2309 2851 2361 misericordiarum
2877 2309 3006 2359 fons
3038 2309 3347 2367 habeatur,
3388 2315 3449 2360 et
3470 2321 3748 2372 nunquam

2156 2381 2454 2445 pravitatis
2477 2385 2638 2444 pater
2649 2380 2827 2431 fuisse
2843 2380 3136 2437 credatur,
3160 2383 3230 2430 ut
3247 2392 3389 2430 cum
3411 2379 3656 2444 primum
3668 2382 3752 2426 mi-

2157 2450 2593 2503 sericordiarum
2625 2456 2786 2515 pater
2820 2464 2935 2502 non
2970 2455 3150 2512 esset,
3185 2463 3393 2502 earum
3430 2455 3628 2513 postea
3648 2449 3747 2500 ﬁeri

2154 2528 2315 2587 pater
2337 2523 2625 2585 inciperet.
2654 2522 2753 2573 Sin
2774 2534 2933 2584 vero,
2959 2522 3215 2572 vitantes
3246 2521 3404 2571 hanc
3426 2527 3678 2584 apertam
3692 2520 3750 2570 de

2156 2595 2273 2645 Deo
2288 2593 2718 2658 blasphemiam,
2738 2592 3005 2650 dixerint,
3026 2594 3155 2643 Non
3168 2592 3280 2642 fuit
3298 2592 3614 2655 aliquando
3626 2595 3749 2641 solus

2155 2666 2377 2728 absque
2393 2663 2817 2726 misericordiis,
2842 2664 3335 2728 respondebimus
3353 2664 3497 2727 ipsis
3512 2667 3653 2712 etiam
3670 2668 3749 2711 hoc

2157 2738 2347 2800 modo,
2373 2737 2530 2788 Sicut
2551 2736 2725 2799 igitur
2756 2733 2910 2803 612
2947 2736 3105 2786 Deus
3129 2747 3442 2797 nunquam
3461 2735 3619 2785 solus
3640 2735 3745 2785 sine

2158 2807 2562 2869 misericordia,
2576 2808 2758 2858 factus
2784 2812 2873 2858 est
2898 2810 3100 2870 postea
3122 2805 3650 2857 misericordiarum
3666 2818 3747 2868 pa-

2158 2884 2243 2931 ter
2275 2896 2285 2928 :
2335 2880 2416 2930 sic
2456 2878 2630 2930 etiam
2671 2890 2789 2928 non
2834 2876 2994 2928 solus
3020 2881 3214 2938 antea,
3250 2880 3458 2939 postea
3482 2876 3744 2939 Unigeniti

2157 2950 2281 3003 Filii
2326 2955 2486 3015 pater
2530 2949 2792 3001 efﬁcitur.
2837 2949 3072 3013 Semper
3108 2949 3271 3000 enim
3310 2949 3475 3001 Deus
3504 2954 3657 3013 pater
3673 2952 3747 2998 est

2160 3022 2442 3085 Unigeniti
2468 3022 2556 3072 sui
2583 3020 2683 3071 Dei
2710 3020 2897 3071 Verbi.
3374 3056 3380 3061 .

2222 3094 2362 3144 LVI.
2399 3092 2496 3142 Sin
2519 3096 2713 3143 autem
2736 3103 2958 3150 rursus,
2977 3089 3034 3140 in
3061 3103 3171 3142 sua
3197 3090 3477 3142 vanitate
3501 3091 3746 3143 durantes

2161 3163 2429 3226 dixerint,
2448 3162 2583 3226 quia
2596 3161 2655 3212 id
2666 3161 2821 3224 quod
2844 3165 3049 3211 natum
3067 3166 3176 3225 est,
3197 3162 3597 3214 substantiam
3611 3163 3746 3221 signi-

459 3233 754 3285 destruere
778 3233 1100 3293 molientes,
1139 3234 1298 3297 quasi
1325 3236 1521 3285 contra
1546 3247 1680 3285 eum
1704 3246 1933 3299 semper
1949 3249 2055 3298 pu-
2084 3233 2131 3303 ί]
2159 3235 2295 3286 ﬂeat
2325 3234 2573 3290 deitatis,
2616 3235 2771 3284 Deus
2803 3237 3001 3283 autem
3036 3235 3207 3283 Pater
3232 3246 3358 3283 non
3382 3238 3557 3285 natus
3576 3238 3675 3293 est,
3701 3238 3745 3282 et

458 3316 637 3368 gnare
662 3306 976 3368 cupientes,
1003 3305 1393 3356 necessarium
1411 3309 1548 3369 puto
1561 3306 1735 3357 etiam
1749 3310 1923 3355 celeris
1940 3309 2057 3355 illo-

456 3388 587 3427 rum
610 3376 1329 3441 vanisinterrogationibus
1343 3376 1706 3441 respondere,
1725 3390 1798 3427 ne
1819 3381 2060 3438 quaestio-

458 3460 603 3498 num
627 3449 1047 3512 propositarum
1062 3446 1394 3500 violentiam
1411 3460 1517 3498 nos
1534 3447 1784 3511 etl‘ugere
1799 3451 2061 3498 videamur

460 3520 1005 3583 Interrogantigitur
1018 3521 1152 3570 item
1171 3520 1358 3578 nos,Si
1371 3532 1540 3570 omne
1556 3519 1713 3582 quod
1726 3520 1897 3571 desiit
1912 3527 1958 3568 et
1970 3536 2061 3569 ραδ-

460 3589 558 3653 pit.
589 3590 643 3640 Si
668 3603 774 3640 nos
798 3591 1268 3653 responderimus
1290 3590 1445 3652 quod
1463 3603 1632 3640 omne
1645 3591 1800 3651 quod
1819 3591 1989 3643 desiit
2005 3595 2061 3642 et

460 3659 649 3722 ccepit,
672 3672 810 3709 mox
840 3660 1118 3721 adjiciunt
1146 3660 1275 3721 ipsi,
1305 3669 1322 3689 ·
1348 3661 1527 3711 Desiit
1554 3661 1714 3710 nasci
1739 3662 1935 3723 Filius,
1960 3676 2061 3713 ne-

461 3730 709 3781 cessario
733 3742 867 3790 ergo
894 3727 981 3795 6|
1004 3729 1023 3795 |
1057 3730 1247 3792 coepit,
1266 3734 1324 3780 et
1342 3730 1391 3779 si
1408 3730 1602 3793 ccepit,
1622 3733 2060 3795 erataliquando

459 3800 691 3863 quando
731 3812 850 3850 non
887 3802 1026 3863 erat,
1064 3804 1120 3849 et
1160 3799 1208 3849 si
1233 3804 1355 3851 erat
1380 3802 1612 3863 quando
1634 3815 1753 3853 non
1777 3809 1913 3864 erat,
1939 3817 2061 3856 non

460 3871 634 3922 habet
658 3870 849 3921 locum
873 3884 946 3923 ex
970 3871 1071 3922 Dei
1097 3871 1442 3931 substantia,
1458 3872 1667 3924 habere
1690 3886 1825 3924 eum
1846 3875 2057 3927 Nativi-

464 3944 661 4003 tatem,
696 3942 909 4006 quippe
945 3956 1079 3994 cum
1125 3944 1225 3993 Dei
1254 3944 1580 3995 substantia
1612 3947 1676 3994 ut
1701 3946 1823 3996 sine
1848 3947 2059 4009 princi-

458 4014 572 4079 pio,
600 4026 667 4065 ac
693 4026 921 4078 semper
942 4027 1009 4065 ac
1034 4014 1297 4066 similiter
1311 4014 1548 4075 habens,
1576 4023 1955 4080 augmentum
1969 4018 2059 4071 vol

459 4086 901 4137 diminutionem
944 4099 1062 4137 non
1098 4087 1300 4151 capiat.
1328 4086 1436 4138 Sed
1466 4100 1584 4139 non
1604 4092 1694 4139 est
1715 4088 1795 4140 ita
1817 4102 2058 4154 respon-

461 4156 717 4208 dendum
740 4156 871 4219 illis,
896 4158 1047 4221 quod
1073 4170 1242 4209 omne
1260 4158 1413 4220 quod
1425 4158 1616 4222 desiit,
1632 4164 1689 4211 et
1701 4161 1899 4225 ccepit:
1918 4174 2062 4225 quo-

458 4228 616 4279 niam
642 4241 758 4279 non
782 4240 951 4279 omne
969 4229 1119 4291 quod
1146 4229 1374 4291 desinit,
1395 4231 1519 4293 jam
1539 4235 1597 4282 et
1621 4232 1848 4283 initium
1864 4232 2057 4285 habet.

464 4302 589 4351 Non
619 4299 807 4351 solum
819 4302 1014 4351 autem
1030 4300 1158 4364 hoc,
1182 4301 1282 4351 sed
1304 4305 1362 4353 et
1376 4313 1494 4352 non
1511 4315 1681 4354 omne
1699 4304 1851 4365 quod
1867 4306 2060 4364 princi-

456 4370 622 4435 pium
651 4371 827 4422 habet
844 4372 964 4434 jam
978 4376 1035 4423 et
1056 4371 1286 4435 desinit,
1313 4373 1588 4435 quoniam
1612 4378 1669 4425 et
1686 4375 1840 4425 Deus
1856 4375 2057 4427 volens

462 4442 728 4494 ccelestes
759 4442 943 4494 facere
976 4443 1221 4494 virtutes
1254 4443 1481 4495 initium
1508 4457 1626 4496 non
1651 4445 1860 4497 habet:
1893 4446 2059 4498 factis

460 4527 597 4566 vero
628 4514 777 4578 istis,
802 4514 946 4567 velle
971 4527 1071 4567 eas
1095 4516 1281 4566 facere
1304 4515 1325 4543 δ
1353 4515 1582 4578 desinit,
1608 4530 1674 4568 ac
1700 4522 1927 4581 propter
1949 4518 2059 4569 hoc

460 4584 637 4650 igitur
658 4598 775 4637 non
802 4599 973 4639 omne
997 4586 1150 4651 quod
1174 4586 1405 4650 desinit,
1425 4588 1599 4640 habet
1614 4589 1858 4640 initium.
1880 4591 1946 4641 Et
1961 4590 2059 4641 ite-

2163 3307 2335 3357 Filius
2380 3310 2569 3367 natus,
2611 3315 2729 3355 una
2770 3302 3088 3366 eademque
3141 3304 3333 3355 Patris
3381 3310 3443 3356 et
3490 3305 3606 3357 Filii
3643 3315 3745 3354 esse

2158 3377 2479 3428 substantia
2518 3388 2638 3427 non
2691 3379 2916 3439 potest:
2964 3373 3200 3425 discant
3240 3376 3410 3438 quod
3436 3388 3558 3427 non
3580 3380 3746 3426 natum

2159 3448 2546 3500 substantiam
2579 3447 2810 3497 minime
2845 3445 3152 3509 signiﬁcat.
3182 3447 3338 3497 Nam
3365 3448 3418 3497 si
3442 3460 3558 3499 non
3582 3451 3748 3497 natum

2159 3525 2295 3571 nato
2322 3519 2545 3570 videtur
2560 3530 2682 3569 esse
2694 3516 3067 3578 contrarium,
3087 3516 3229 3567 subs
3240 3520 3342 3568 tan
3352 3520 3451 3569 tite
3463 3524 3648 3569 autem
3658 3532 3751 3565 con-

2161 3593 2395 3644 trarium
2419 3590 2561 3642 nihil
2586 3594 2693 3644 est.
2714 3589 2967 3651 profecto
2994 3601 3113 3638 non
3132 3594 3347 3640 natum
3364 3590 3603 3641 minime
3622 3596 3749 3650 potest

2160 3676 2287 3716 esse
2312 3662 2656 3714 substantia.
2684 3663 2753 3711 Et
2767 3660 2931 3711 aliter
2954 3659 3004 3710 si
3021 3660 3443 3711 substantiain
3458 3674 3527 3713 eo
3545 3660 3748 3723 quodest

2158 3735 2451 3794 asseritur,
2489 3745 2610 3784 non
2654 3736 2857 3783 natum
2902 3734 3098 3781 autem
3128 3730 3190 3781 in
3235 3744 3309 3783 eo
3348 3732 3507 3793 quod
3534 3746 3641 3783 non
3661 3735 3747 3785 est

2161 3808 2296 3871 quia
2324 3818 2443 3857 non
2477 3809 2679 3856 natum
2703 3807 2811 3866 est,
2842 3802 3097 3867 profecto
3121 3814 3247 3853 non
3270 3808 3485 3855 natum
3511 3804 3745 3853 substan-

2162 3879 2239 3929 tia
2261 3890 2376 3929 non
2398 3880 2505 3929 est.
2521 3878 2589 3927 Et
2611 3873 2900 3934 iterum,si
2924 3873 3263 3923 substantia
3285 3887 3391 3937 per
3404 3878 3749 3937 semetipsum

2160 3955 2420 4001 constare
2464 3946 2800 4009 dinoscitur,
2835 3956 2953 3996 non
2986 3948 3196 3994 natum
3222 3950 3429 3996 autem
3452 3959 3568 3996 non
3590 3958 3679 4009 per
3700 3956 3746 3993 se

2160 4024 2405 4079 constat,
2433 4018 2535 4070 sed
2560 4018 2629 4069 de
2655 4015 2981 4068 substantia
2997 4014 3211 4065 dicitur
3229 4028 3367 4078 quae
3386 4030 3508 4068 non
3525 4022 3648 4068 nata
3659 4020 3745 4075 est,

2160 4093 2411 4158 profecto
2434 4104 2549 4141 non
2571 4094 2773 4141 natum
2794 4099 2912 4138 non
2933 4091 3025 4137 est
3041 4086 3403 4158 substantia.

2223 4164 2388 4214 LVII.
2416 4164 2638 4213 Rursus
2672 4160 2847 4211 etiam
2873 4159 2922 4209 si
2947 4157 3229 4218 dixerint,
3272 4159 3331 4209 Si
3360 4161 3646 4210 Paternon
3663 4169 3746 4209 na-

2164 4240 2258 4286 tus
2270 4240 2360 4287 est
2377 4232 2695 4285 secundum
2708 4230 3116 4289 substantiam,
3137 4229 3290 4281 Filiu
3300 4243 3329 4281 s
3349 4244 3486 4282 vero
3503 4236 3663 4281 natus
3675 4237 3747 4292 est,

2160 4308 2282 4359 nati
2325 4311 2383 4358 et
2414 4318 2532 4357 non
2571 4307 2689 4355 nati
2734 4315 2853 4354 una
2882 4314 2999 4353 non
3024 4306 3221 4366 potest
3241 4315 3379 4353 esse
3406 4303 3744 4354 substantia:

2162 4380 2388 4431 discant
2411 4377 2620 4439 adhuc,
2639 4374 2792 4439 quod
2809 4386 2929 4424 non
2950 4373 3288 4424 necessario
3312 4375 3743 4426 substantiarum

2161 4451 2372 4503 modus
2395 4449 2656 4500 diversas
2673 4446 2807 4497 facit
2832 4445 3222 4496 substantias.
3243 4447 3449 4508 Neque
3466 4447 3632 4505 enim,
3649 4447 3744 4505 quia

2158 4523 2370 4573 dicitur
2398 4522 2555 4572 Deus
2580 4520 2743 4569 Pater
2764 4529 2894 4568 esse
2922 4528 3036 4566 non
3062 4521 3263 4579 natus,
3281 4516 3501 4568 dicitur
3521 4520 3744 4568 autemet

2163 4591 2502 4645 immortalis
2527 4589 2806 4651 similiter,
2832 4592 2887 4638 et
2914 4586 3402 4651 incorruptibilis,
3423 4592 3537 4637 ideo
3557 4591 3744 4637 diversas

460 4670 588 4709 rum
606 4655 774 4710 facta:
790 4658 1053 4710 caelestes
1067 4660 1445 4723 virtutes,etsi
1461 4660 1689 4712 initium
1704 4660 1921 4712 habent
1935 4664 2052 4709 sub-
2084 4651 2139 4723 Ι)
2162 4664 2398 4716 habebit
2426 4660 2803 4723 substantias,
2821 4659 3033 4723 quippe
3046 4671 3184 4711 cum
3199 4671 3321 4710 non
3345 4661 3425 4710 sit
3438 4676 3595 4709 unum
3612 4662 3743 4707 idem-

462 4728 710 4790 stantim,
734 4742 1035 4794 nunquam
1060 4735 1253 4782 tamen
1282 4744 1411 4783 esse
1435 4731 1726 4791 desinunt,
1750 4744 1817 4783 ac
1840 4732 2056 4796 perhoc

460 4812 577 4849 non
589 4801 931 4865 omne'quod
946 4802 1120 4867 caepit
1130 4803 1251 4866 jam
1267 4807 1325 4853 et
1340 4802 1540 4855 desiet.
1553 4806 1679 4865 Ergo
1695 4807 1934 4864 quoniam
1951 4819 2060 4865 prc-

459 4870 659 4920 batum
672 4875 778 4930 est,
793 4873 945 4935 quod
958 4885 1075 4923 non
1086 4886 1256 4924 omne
1267 4874 1418 4937 quod
1432 4874 1644 4925 desinit
1658 4881 1706 4923 et
1720 4878 1935 4938 cmpit,et
1946 4877 2058 4923 ideo

461 4949 479 4970 ο
502 4939 717 4991 desinit
729 4943 887 4993 nasci
899 4943 1236 5008 Unigenitus
1254 4948 1405 4997 Deus
1423 4945 1621 5007 Filius,
1633 4952 1847 4995 attamen
1863 4961 1962 4994 non
1980 4952 2060 4995 ha-

464 5011 559 5064 bet
576 5009 898 5064 Nativitatis
917 5013 1213 5067 initium.N
1218 5029 1312 5068 am
1330 5018 1552 5081 absque
1566 5018 1729 5069 initio
1741 5022 1829 5068 est
1844 5034 1904 5066 ex
1922 5022 2061 5067 Patre

460 5082 735 5135 nativitas
752 5083 891 5148 Filii,
906 5085 1117 5149 quippe
1128 5100 1260 5139 cum
1270 5090 1550 5141 naturalis
1568 5090 1784 5141 scilicet
1800 5092 2056 5139 habeatur.

525 5236 543 5256 ·
574 5227 739 5278 Desiit
761 5229 915 5278 nasci
941 5228 1187 5292 Filium]
1206 5231 1463 5284 Desiisse
1482 5233 1642 5284 nasci
1666 5232 1847 5283 illium
1863 5238 2062 5285 auctor

460 5296 576 5350 iste
598 5311 717 5351 non
738 5301 947 5353 renuit.
974 5299 1082 5352 Sed
1102 5298 1636 5366 aliterAugustinus
1652 5306 1851 5354 contra
1862 5305 2059 5353 eosdem

418 5414 429 5421 .
463 5369 739 5423 Arrianos
761 5371 1138 5437 disputansin
1160 5373 1413 5438 Epistola
1436 5373 1539 5428 174
1582 5374 1654 5426 ad
1675 5375 2058 5427 Pascentium:

468 5442 611 5500 Quid
632 5458 755 5506 ergo
779 5444 1034 5509 dicemus,
1058 5446 1286 5509 inquit?
1323 5446 1384 5497 Si
1416 5452 1578 5495 natus
1602 5452 1673 5495 est
1696 5447 1844 5508 ﬁlius
1877 5447 1974 5497 Dei
2000 5448 2061 5495 de

461 5519 635 5577 patre,
658 5513 782 5578 jam
800 5522 955 5579 pater
990 5517 1184 5567 destitit
1218 5519 1433 5582 gignere
1459 5535 1470 5567 :
1510 5524 1555 5567 et
1578 5519 1624 5567 si
1649 5519 1865 5579 destitit,
1889 5520 2056 5582 erepit.

468 5582 529 5633 Si
558 5591 737 5635 autem
761 5589 910 5650 saepit
933 5589 1170 5652 gignere,
1193 5590 1300 5652 fuit
1320 5590 1625 5655 aliquando
1650 5591 1766 5639 sine
1787 5590 1918 5652 ﬁlio.
1959 5590 2060 5639 Sed

466 5668 777 5719 numquam
816 5658 923 5719 fuit
958 5661 1075 5709 sine
1118 5661 1249 5724 ﬁlio,
1289 5663 1423 5724 quia
1456 5662 1604 5724 ﬁlius
1638 5662 1751 5725 ejus
1789 5662 2061 5725 sapientia

465 5725 578 5797 ejus
616 5732 709 5797 est,
756 5744 872 5792 qua:
903 5732 1108 5780 candor
1142 5738 1214 5781 est
1251 5732 1383 5783 lucis
1426 5739 1644 5784 aeternae.
1687 5734 1831 5797 Ergo
1858 5747 2064 5795 semper

467 5795 642 5868 gignit
664 5802 831 5857 pater,
857 5805 903 5848 et
940 5815 1143 5863 semper
1177 5804 1424 5853 nascitur
1450 5806 1617 5868 ﬁlius.
1653 5795 1859 5857 Exstat
1879 5804 2063 5856 Theo-

474 5865 597 5915 dori
613 5869 879 5920 monachi
899 5871 1126 5923 libellus
1140 5874 1249 5925 hoc
1266 5865 1457 5938 titulo,
1480 5876 1737 5934 Ἀπόδειξις
1759 5876 1830 5928 ὅτι
1854 5877 1880 5928 ὁ
1902 5870 2063 5941 πατὴρ

2157 4744 2267 4801 que
2290 4748 2407 4786 non
2430 4739 2631 4785 natum
2663 4736 2721 4783 et
2742 4730 3064 4781 immortale
3078 4729 3172 4781 vel
3196 4730 3743 4801 incorruptibilecat-

2158 4810 2392 4869 teraque
2414 4804 2505 4856 his
2534 4802 2756 4855 similia.
2776 4802 2935 4852 Sicut
2958 4800 3280 4865 igiturth
3305 4815 3447 4854 cum
3471 4803 3543 4854 de
3566 4800 3744 4853 Deodi-

2155 4882 2389 4939 cuntur,
2403 4876 2664 4927 diversas
2678 4873 3035 4925 substantias
3048 4873 3291 4924 minime
3302 4875 3675 4937 signiﬁcanl,sic
3683 4886 3745 4919 ηε-

2157 4962 2269 5013 que
2294 4952 2497 4999 natum
2511 4952 2567 4998 et
2592 4958 2706 4997 non
2719 4950 2923 4996 natum
2935 4944 3200 4995 diversas
3216 4948 3537 4994 substantias
3552 4957 3739 5005 unquam

2157 5020 2384 5071 facient.
2413 5020 2609 5082 Neque
2623 5019 2776 5068 enim
2788 5017 2921 5080 quia
2934 5014 3123 5067 Adam
3139 5015 3387 5080 quidem
3401 5032 3507 5066 non
3526 5022 3736 5072 natusest,

2158 5091 2295 5143 Seth
2320 5094 2516 5142 autem
2528 5087 2859 5151 natus,ideo
2883 5086 3115 5138 diversa
3141 5091 3232 5139 est
3252 5099 3466 5139 eorum
3483 5087 3738 5137 substantia.

2157 5231 2235 5287 ἀεὶ
2273 5238 2449 5303 γεννᾷ,
2483 5233 2509 5283 ὁ
2549 5231 2601 5282 δὲ
2641 5230 2744 5303 υἱὸς
2780 5225 3140 5303 ἆεξῌγξννᾶται.
3184 5228 3589 5279 Demonstratio
3626 5226 3738 5303 quad

2156 5306 2321 5355 Pater
2367 5300 2577 5368 semper
2600 5302 2796 5365 gignit,
2829 5301 3001 5349 Filius
3028 5315 3151 5348 vero
3176 5315 3394 5364 semper
3416 5300 3736 5368 gignitur-illi

2158 5389 2271 5440 quo
2287 5364 2525 5439 quidem
2540 5364 2690 5425 inter
2705 5364 2896 5423 cetera
2913 5372 2995 5422 sic
3011 5371 3400 5423 ratiocinatur
3424 5364 3435 5421 :
3464 5372 3569 5425 Ἔτι
3590 5371 3635 5421 δὲ

2156 5436 2211 5497 τῖ)
2248 5436 2511 5511 γεῦνᾶσϐαι
2540 5447 2622 5496 τὸν
2659 5444 2763 5495 υἱὸν
2802 5440 2893 5495 οὐκ
2923 5443 3044 5494 ἄλλο
3083 5443 3321 5505 σημαίνει
3354 5444 3389 5506 ἢ
3424 5446 3480 5493 τὸ
3517 5445 3634 5509 ἔχειν
3668 5436 3731 5498 τὴν

2158 5510 2355 5584 ὕπαρξιν
2398 5512 2453 5568 ἐκ
2483 5524 2563 5567 τοῦ
2592 5517 2771 5582 πατρὸς
2806 5535 2815 5545 ·
2862 5510 2939 5565 ἀεὶ
2976 5514 3030 5564 δὲ
3065 5515 3309 5581 πατρόθεν
3352 5517 3459 5581 ἔχει
3500 5511 3581 5575 τὴν

2159 5593 2222 5647 ξιν
2256 5581 2272 5636 :'
2306 5584 2384 5639 ἀεὶ
2410 5589 2505 5654 ἄρα
2533 5581 2776 5652 γεννᾶται.
2809 5586 2895 5634 Ad
2921 5586 3029 5634 hazc
3059 5587 3195 5649 quia
3220 5587 3383 5648 gigni
3405 5586 3580 5648 [ilium
3612 5581 3731 5631 aliud

2158 5674 2269 5708 non
2286 5660 2573 5723 signiﬁcat,
2601 5673 2769 5723 quam
2785 5657 3066 5706 essentiam
3092 5656 3288 5706 habere
3317 5674 3353 5707 α
3376 5664 3550 5722 patre,
3569 5674 3599 5707 ιι
3616 5659 3729 5717 patre

2156 5737 2339 5781 autem
2362 5748 2568 5797 semper
2592 5730 2744 5782 habet
2767 5730 3069 5791 essentiam,
3090 5745 3303 5794 semper
3326 5732 3517 5796 utique
3532 5729 3726 5794 gignitur

2225 5812 2241 5832 ‘
2273 5806 2401 5867 Ms,
2418 5804 2656 5855 Dcstivit.

2224 5881 2241 5903 '
2267 5874 2395 5938 Ms.,
2422 5875 2622 5925 Desinit
2650 5875 2803 5925 nasci
2832 5872 3157 5937 Unigenitus
3173 5872 3321 5922 Deus
3343 5872 3537 5923 Filius.
