3866 6206
60 308 88 362 1
102 308 131 362 1
144 306 228 363 53
892 358 897 365 .
1512 317 1722 368 LIBER

1850 350 1852 365 ,
1885 316 2073 368 FIDE.

135 420 374 503 ΙᾹξΙΙΙἸ
406 424 524 503 Sin
545 428 742 503 autem
760 425 1201 503 perseverarint,
1226 424 1484 503 dicentes
1508 426 1663 503 quod
1680 426 1738 477 id
1764 431 1819 503 Α
1843 425 2096 477 famulus
2120 426 2222 503 Dei
2254 427 2484 503 Moyses
2508 428 2588 503 ita
2617 428 2841 503 dicens,
2872 428 2941 503 Iit
2961 429 3085 492 fecit
3106 427 3247 478 Deus
3272 430 3443 503 homi'

64 492 243 563 quod
271 499 387 546 est
425 496 562 547 sine
585 496 747 548 initio
763 497 1060 548 etiamnon
1078 502 1279 549 natum
1303 500 1411 562 est,
1429 502 1736 559 etquoniam
1764 492 1819 503 "
1844 512 1969 547 nem
2011 498 2305 546 secundum
2348 498 2643 562 imaginem
2679 501 2775 550 Dei
2809 492 2932 563 fecit
2973 514 3114 559 eum,
3139 500 3444 549 masculum

64 562 278 614 Filius
313 571 526 617 natus
549 571 657 625 est,
684 567 807 618 sine
821 566 985 619 initio
997 581 1124 619 esse
1142 581 1262 621 non
1274 572 1488 633 potest:
1515 569 1741 619 discant
1840 573 1885 617 et
1899 568 2165 630 feminam
2178 568 2300 631 fecit
2313 583 2394 617 eos
2408 570 2556 630 (Gen.
2576 570 2625 623 1.
2644 569 2982 635 27.).ltidem
2996 572 3276 623 Dominus
3293 575 3442 621 etiam

62 636 222 699 quia
254 635 317 686 si
346 649 496 688 non
520 637 659 700 quid
682 638 809 690 sine
833 638 995 690 initio
1021 643 1130 699 est,
1154 639 1212 690 id
1229 640 1387 691 omni
1408 640 1739 692 modoetiam
1840 643 2039 691 noster
2058 642 2088 690 J
2095 652 2231 691 esus
2255 639 2517 691 Christus
2546 654 2606 693 se
2636 656 2817 693 unum
2841 644 3136 694 etPatrem
3154 644 3327 695 simul
3338 656 3442 708 ap-

64 720 197 759 non
228 713 485 759 natum
509 713 616 769 est,
644 722 711 760 eo
734 709 887 772 quod
912 722 1031 762 non
1054 711 1103 761 si
1125 710 1262 775 quid
1290 711 1520 763 initium
1544 712 1737 775 habet,
1841 709 2013 775 pellat
2040 717 2268 775 propter
2290 711 2679 774 aqualitatem
2699 714 3102 778 .unitatemque
3127 717 3443 778 substantiae,

62 779 128 830 id
169 780 366 831 omni
407 781 596 831 modo
634 782 808 832 etiam
838 786 1043 833 natum
1068 786 1173 847 est,
1201 784 1475 846 quoniam
1496 783 1601 833 Dei
1633 783 1737 833 mi-
1841 781 1921 832 sic
1943 781 2162 844 dicens,
2189 781 2304 844 Ego
2327 788 2371 829 et
2395 782 2559 830 Pater
2584 797 2754 831 unum
2775 798 2963 833 sumus
2989 786 3168 845 (Joan.
3195 784 3280 839 10.
3313 784 3441 847 30.).

71 851 470 904 sericordiaa
516 852 639 904 sine
689 852 848 904 initio
894 853 1126 917 habita,
1151 866 1269 905 non
1313 855 1485 905 etiam
1522 854 1738 905 innata
1841 853 2003 903 Unus
2027 852 2202 915 igitur
2225 853 2403 915 Deus,
2430 853 2596 902 Pater
2610 856 2665 903 et
2680 853 2858 904 Filius
2872 860 2927 905 et
2944 855 3185 919 Spiritus
3204 859 3442 907 sanctus

65 929 244 986 sunt,
291 929 541 988 quippe
566 935 699 974 cum
728 928 947 987 patrem
980 924 1231 976 habeant
1255 926 1453 977 Deum.
1472 925 1741 976 Similiter
1840 927 2070 988 propter
2097 923 2392 983 unitatem,
2416 923 2920 987 aqualitatemque
2951 926 3316 978 substantia.

64 999 293 1045 autem
346 995 581 1046 caelum
618 1000 675 1046 et
710 998 877 1058 terra,
915 1008 1049 1046 cum
1072 996 1301 1046 initium
1329 996 1598 1059 habeant,
1622 1008 1741 1047 non

77 1071 235 1117 sunt
264 1068 460 1125 nata,
485 1065 589 1116 sed
606 1070 812 1116 creata.
832 1068 1025 1129 Neque
1043 1067 1198 1117 enim
1214 1067 1262 1116 si
1279 1066 1420 1130 quid
1435 1074 1738 1115 estcrealum

72 1137 197 1187 hoc
216 1137 421 1187 omni
453 1135 624 1187 modo
647 1139 850 1204 natum
876 1140 980 1187 est.
1012 1138 1157 1188 Nam
1183 1137 1232 1187 si
1254 1136 1405 1187 idem
1417 1141 1671 1188 creatum
1683 1141 1741 1187 et

73 1212 336 1268 natum,
366 1208 676 1271 superﬂuo
692 1208 886 1259 docuit
901 1208 1552 1272 EvangelistaJoannes,
1566 1211 1642 1259 ita
1656 1208 1740 1258 di-

75 1291 255 1342 cens,
287 1281 590 1343 Quotquot
634 1283 813 1327 autem
850 1284 1165 1343 acceperunt
1198 1294 1339 1340 eum,
1380 1279 1523 1328 dedit
1547 1279 1620 1327 eis
1641 1292 1739 1343 po-

74 1354 349 1397 testatem
393 1350 550 1411 ﬁlios
597 1348 691 1397 Dei
728 1349 848 1410 ﬁeri
892 1350 1073 1413 (Joan.
1100 1349 1150 1404 1.
1174 1349 1308 1414 12.),
1330 1350 1614 1413 siquidem
1643 1349 1741 1412 qui

78 1433 145 1472 se
156 1419 285 1471 mel
310 1420 516 1472 creati
540 1424 677 1470 sunt
700 1419 809 1471 hoc
835 1419 1057 1481 habent
1080 1425 1142 1473 ut
1163 1423 1337 1473 etiam
1358 1421 1459 1471 Ilhi
1484 1422 1588 1472 Dei
1602 1422 1742 1471 ﬁant

77 1492 259 1543 Sicut
311 1492 518 1557 igitur
563 1494 821 1542 creatum
856 1496 914 1543 et
949 1496 1149 1544 natum
1185 1492 1339 1545 idem
1366 1505 1484 1544 non
1515 1496 1622 1554 est,
1659 1492 1742 1542 sic

75 1563 275 1614 etiam
332 1575 475 1615 non
512 1566 765 1614 creatum
798 1568 857 1614 et
893 1576 1011 1615 non
1050 1568 1253 1615 natum
1286 1564 1439 1616 idem
1470 1577 1588 1615 non
1610 1576 1742 1616 esse

79 1635 316 1698 potest,
368 1646 451 1685 eo
499 1634 655 1696 quod
684 1635 786 1685 Dei
818 1634 1248 1697 misericordia,
1284 1648 1419 1687 cum
1454 1636 1589 1698 sint,
1620 1647 1740 1687 non
1842 1647 2167 1687 sermonem
2208 1640 2436 1686 tantum
2473 1640 2727 1699 generat.
2766 1637 3052 1699 Sapientia
3090 1636 3300 1686 iterum
3324 1648 3443 1686 non

84 1712 307 1757 tamen
336 1710 499 1756 sunt
532 1706 771 1757 innata.
1837 1710 2073 1770 generat
2098 1719 2452 1759 sermonem:
2475 1706 2577 1758 sed
2589 1711 2677 1758 est
2698 1719 2832 1757 cum
2847 1718 3022 1757 sensu
3040 1718 3169 1757 vere
3185 1709 3371 1766 pariter
3390 1720 3448 1755 ac

149 1776 726 1870 LEX.Eumiterum
746 1776 1386 1870 nos‘interrogayerint,
1403 1774 1558 1845 6|3
1587 1789 1734 1858 quo-
1769 1797 1817 1870 Β
1841 1791 2123 1870 sermone.
2162 1780 2251 1830 Sic
2290 1781 2454 1870 Peus
2478 1781 2642 1870 Pater
2673 1791 2975 1870 nunquam
2997 1777 3176 1870 Filius
3198 1778 3318 1870 uerti
3344 1790 3449 1859 po.-

86 1849 279 1901 modo
315 1849 497 1898 Deus
519 1860 693 1911 unus,
712 1846 957 1911 simplex
970 1862 1101 1900 cum
1128 1851 1203 1901 sit
1230 1849 1735 1913 etincompositus,
1769 1846 1817 1870 ”
1841 1852 1971 1914 test,
2008 1862 2198 1913 neque
2223 1863 2255 1902 e
2285 1851 2517 1902 diverso
2543 1848 2722 1901 Filius
2745 1852 2929 1901 Pater.
2956 1849 3059 1901 sed
3074 1862 3264 1912 neque
3285 1848 3450 1913 Spiri-

87 1921 273 1970 Pater
302 1917 503 1969 simul
529 1923 585 1970 et
617 1919 797 1969 Fil‘ius
826 1924 884 1969 et
922 1920 1165 1984 Spiritus
1200 1925 1441 1973 sanctus
1478 1932 1605 1971 esse
1640 1932 1743 1983 po-
1843 1924 1936 1971 tus
1971 1922 2216 1972 Sanctus
2263 1921 2438 1972 Filius
2482 1925 2585 1972 aut
2622 1923 2798 1972 Pater.
2842 1923 3068 1971 Rursus
3097 1921 3270 1971 etiam
3298 1921 3448 1970 Deus

88 1993 218 2043 test
248 2004 262 2040 :
292 1989 550 2040 discant
573 1989 727 2052 quod
753 2002 873 2042 non
888 1996 1187 2055 propterea
1208 1993 1365 2044 Deus
1387 1991 1600 2043 amittit
1614 2002 1745 2043 esse
1841 1994 2006 2042 Pater
2029 1993 2232 2055 genuit
2244 1992 2480 2057 quidem
2503 1992 2880 2056 Unigenitum
2898 1994 3084 2043 Deum
3096 1993 3447 2052 Verbum,ipse

93 2060 376 2126 simplex
403 2065 471 2112 et
493 2060 933 2127 incompositus,
959 2064 1230 2125 quoniam
1252 2063 1428 2115 habet
1444 2078 1603 2111 unum
1620 2065 1747 2111 Uni-
1841 2065 2036 2113 autem
2060 2076 2177 2114 non
2200 2069 2291 2115 est
2312 2069 2504 2127 natus,
2522 2063 2699 2113 Filius
2727 2075 2861 2115 vero
2884 2066 3058 2114 natus
3089 2061 3443 2125 estquidem,

92 2134 394 2198 genitum
412 2134 675 2183 Verbum
689 2134 1121 2185 substantivum
1138 2134 1359 2198 aquale
1370 2137 1469 2184 sibi
1481 2150 1567 2196 per
1576 2136 1746 2182 omnia
1841 2146 1957 2187 non
1983 2134 2155 2185 etiam
2178 2137 2396 2199 genuit.
2411 2136 2651 2199 Spiritus
2667 2139 2862 2185 autem
2882 2138 3123 2186 sanctus
3139 2145 3331 2197 neque
3345 2145 3444 2185 na-

95 2204 386 2257 similiier
402 2205 831 2268 etSapientiam
845 2206 1270 2258 substantivam
1285 2209 1526 2267 aequalem
1544 2208 1639 2255 sibi
1659 2221 1747 2267 per
1843 2215 1938 2261 ius
1963 2215 2071 2273 est,
2097 2221 2171 2259 ne
2181 2220 2286 2271 que
2308 2207 2527 2271 genuit.
2557 2206 2669 2257 Sed
2694 2211 2761 2257 ut
2778 2207 3034 2270 apertius
3055 2205 3262 2269 dicam,
3276 2203 3447 2256 sicuti

97 2277 332 2330 omnia.
371 2276 493 2327 Sed
520 2276 569 2328 si
593 2276 844 2339 quidem,
862 2282 928 2328 ut
942 2277 1053 2341 ipsi
1070 2282 1298 2342 putant,
1311 2278 1439 2330 ideo
1461 2277 1749 2341 composi-
1844 2282 1949 2333 Dei
1973 2280 2156 2333 Patris
2180 2277 2605 2339 misericordia,
2625 2290 2758 2329 cum
2768 2282 2926 2330 nata
2950 2278 3068 2329 sint
3090 2291 3124 2329 a
3144 2283 3305 2341 patre
3327 2288 3447 2328 non

96 2355 199 2401 tus
219 2354 342 2410 est,
365 2346 539 2411 quod
552 2348 908 2399 voluntatem
919 2349 1149 2412 habeat,
1167 2354 1223 2401 et
1237 2351 1411 2402 istam
1427 2363 1546 2402 non
1558 2363 1749 2414 aqua—
1842 2358 1994 2415 nato,
2015 2349 2471 2415 conglutinatam
2489 2349 2721 2412 penitus
2735 2350 2950 2400 habent
2966 2350 3277 2397 innativitati
3288 2349 3445 2409 patris

104 2424 228 2477 lem
257 2419 649 2482 substantia,
674 2420 885 2484 quippe
909 2433 1048 2472 cum
1060 2434 1181 2472 non
1204 2421 1358 2473 idem
1378 2422 1453 2473 sit
1466 2426 1750 2471 substantia

105 2499 166 2548 et
192 2492 498 2547 voluntas
524 2506 536 2540 :
573 2503 681 2541 nos
707 2495 904 2543 tamen
932 2505 1048 2543 non
1084 2493 1380 2544 imitamur
1401 2506 1601 2546 eorum
1621 2507 1748 2545 sen-

107 2566 393 2620 tentiam.
450 2561 562 2613 Sed
605 2563 697 2627 pie
740 2562 988 2615 dicimus
1023 2568 1081 2615 et
1129 2564 1407 2629 religiose,
1445 2564 1599 2629 quod
1640 2564 1751 2616 etsi

110 2638 510 2691 voluntatem
546 2636 701 2685 Deus
732 2634 960 2698 habeat,
1012 2638 1069 2687 et
1110 2636 1281 2687 istam
1324 2649 1440 2688 non
1465 2637 1750 2701 aqualem

112 2708 516 2767 substantia,
533 2710 728 2757 tamen
737 2707 810 2757 ab
822 2707 983 2757 omni
995 2711 1086 2758 est
1099 2708 1515 2772 compositione
1529 2711 1747 2758 alienus.

178 2780 309 2832 LX.
364 2778 522 2841 Quia
544 2778 717 2841 igitur
735 2777 887 2841 apud
913 2790 975 2830 se
998 2778 1269 2830 videntur
1292 2780 1480 2830 adhuc
1503 2792 1631 2831 esse
1656 2791 1747 2831 sa-

115 2853 383 2918 pientes,
428 2862 565 2901 cum
609 2861 711 2913 per
746 2848 942 2919 omnia
962 2850 1138 2901 nimis
1162 2851 1339 2915 inepti
1366 2850 1587 2915 probati
1611 2851 1745 2912 sint,

116 2925 231 2976 hoc
256 2923 457 3000 etiam
476 2933 584 2972 nos
610 2920 984 3000 interrogant,
1009 2922 1450 3000 gnomodqileri
1470 2926 1749 3000 potes_t,ut
1843 2922 2176 3000 Apostolus,
2194 2921 2657 3000 prabavitaperte

119 3008 285 3047 unus
312 2996 633 3056 Deus,una
656 2992 996 3055 substantia,
1018 2995 1183 3045 Pater
1206 2998 1263 3046 et
1286 2994 1463 3045 Filius
1486 2996 1747 3045 nomine-
1844 2987 2021 3046 Filius
2046 3000 2153 3055 est,
2179 2998 2235 3045 et
2257 2993 2412 3057 quod
2436 2987 2837 3055 inseparabilis
2862 2991 2955 3042 vel
2978 2989 3270 3041 ind.visus
3295 2987 3445 3039 Patri

124 3069 240 3130 tur,
290 3066 583 3128 quoniam
618 3062 676 3113 hi
713 3064 810 3126 qui
852 3064 963 3115 hoc
1001 3064 1221 3128 dicunt,
1256 3077 1437 3116 unum
1464 3078 1530 3117 ac
1555 3065 1744 3117 solum
1842 3066 2018 3118 Filius
2046 3066 2309 3128 habetur,
2335 3069 2392 3115 et
2416 3063 2571 3127 quod
2597 3074 2823 3126 semper
2850 3073 2966 3113 una
2992 3074 3127 3111 cum
3147 3062 3310 3111 Patre
3333 3063 3441 3111 est.

122 3138 319 3187 Deum
370 3134 589 3185 Filium
634 3134 807 3185 simul
839 3139 897 3186 et
926 3137 1151 3187 Patrem
1187 3149 1289 3200 per
1325 3150 1503 3188 unam
1524 3143 1744 3201 partem
1845 3139 2117 3202 Figuram
2160 3147 2363 3187 rursus
2387 3135 2511 3197 Dei,
2536 3133 2881 3185 substantia
2905 3143 3250 3193 memorans,
3275 3130 3445 3182 docet

125 3207 422 3283 orationis
440 3206 811 3283 pronuntiare
835 3208 1108 3283 assolent,
1128 3209 1318 3283 quasi
1334 3218 1351 3236 ·
1376 3211 1570 3283 Qrace
1593 3209 1750 3260 dica-
1776 3210 1822 3283 ί]
1849 3209 2003 3273 quod
2028 3206 2313 3283 aqualem
2334 3206 2509 3283 habet
2523 3205 2700 3283 Filius
2723 3205 2905 3283 Patris
2923 3202 3266 3254 substantia.
3285 3204 3444 3283 Ερω-

128 3282 224 3330 tur
258 3278 524 3343 υἱοπάτωρ
557 3276 782 3327 discant
810 3290 930 3328 non
957 3276 1018 3327 in
1041 3278 1243 3329 eadem
1266 3279 1365 3330 diu
1395 3279 1600 3332 debere
1625 3293 1749 3343 per-
1783 3274 1822 3283 “
1847 3293 1995 3343 rum,
2023 3280 2191 3331 sicuti
2214 3278 2319 3330 Dei
2342 3277 2523 3328 Patris
2540 3274 2960 3338 immortalitas,
2974 3286 3158 3326 unum
3174 3285 3307 3325 cum
3324 3274 3444 3324 Deo

1902 997 2044 1046 LXI.
2076 997 2222 1046 Nam
2262 997 2413 1046 sicut
2449 1008 2658 1047 sensus
2691 1000 2889 1047 noster
2916 1009 3102 1048 sermo
3126 998 3247 1049 ﬂeri
3282 994 3441 1064 6|4

1839 1079 1954 1118 non
1983 1070 2193 1131 potest,
2220 1067 2432 1131 quippe
2457 1079 2592 1118 cum
2635 1067 2918 1118 sermonis
2941 1069 3123 1119 nostri
3169 1073 3327 1133 pater
3348 1069 3445 1118 ha-

1842 1138 2043 1189 beatur
2071 1139 2212 1202 ipse,
2240 1150 2428 1201 neque
2451 1138 2721 1190 ediverso
2747 1150 2936 1189 sermo
2962 1151 3169 1189 sensus
3189 1151 3444 1202 unquam

1842 1210 1959 1271 ﬂet,
2004 1209 2106 1260 sed
2137 1222 2324 1272 neque
2351 1214 2552 1261 nostra
2590 1210 2870 1273 sapientia
2900 1222 3108 1261 sensus
3145 1222 3211 1260 ac
3236 1222 3443 1261 sermo.

1843 1279 1953 1330 Sed
1977 1284 2068 1331 est
2088 1281 2298 1331 iterum
2322 1292 2535 1333 sensus
2558 1292 2844 1344 generans
2874 1292 3221 1337 sermonem.
3252 1285 3310 1331 et
3328 1293 3443 1331 non

1842 1351 1965 1414 ipse
1988 1356 2319 1415 generatur:
2348 1350 2609 1403 similiter
2632 1355 2826 1403 autem
2856 1356 2913 1403 et
2934 1364 3121 1403 sermo
3144 1355 3448 1415 generatur

1844 1426 2081 1485 tantum,
2100 1436 2217 1473 non
2237 1428 2473 1487 generat
2489 1440 2499 1469 :
2520 1423 2641 1486 pari
2651 1424 2872 1475 ratione
2888 1428 2947 1475 et
2965 1422 3245 1488 sapientia
3258 1432 3450 1486 neque

1841 1498 2095 1557 generat,
2121 1506 2311 1557 neque
2334 1498 2661 1557 generatur.
2682 1494 2901 1544 Sensus
2922 1500 3121 1545 autem
3143 1501 3311 1543 noster
3333 1508 3448 1542 cum

1842 1566 1919 1615 sit
1942 1564 2191 1628 sapiens,
2218 1569 2277 1616 et
2300 1564 2643 1628 sapientiam
2660 1565 2891 1627 habeat,
2908 1566 3078 1628 quasi
3091 1563 3446 1616 rationabilis

1845 2424 2304 2489 generationem:
2344 2420 2426 2471 sic
2463 2421 2637 2472 etiam
2672 2420 3077 2472 substantivus
3100 2418 3447 2483 Unigenitus

1845 2498 2024 2548 Filius
2040 2495 2142 2546 Dei
2158 2491 2613 2556 conglutinatam
2637 2492 2871 2556 penitus
2896 2492 3071 2544 habet
3086 2492 3270 2542 Patris
3285 2492 3449 2554 inge-

1844 2565 2128 2619 nerationi
2156 2564 2541 2626 nativitatem,
2567 2563 2779 2626 quippe
2804 2575 2940 2614 cum
2964 2561 3231 2627 splendor
3250 2561 3449 2626 gloria

1847 2639 1922 2690 sit
1954 2643 2010 2689 et
2034 2637 2211 2689 forma
2240 2634 2344 2685 Dei
2368 2634 2733 2685 substantia.
2748 2634 2839 2685 Sic
2863 2634 3017 2684 enim
3047 2633 3223 2684 etiam
3245 2633 3448 2684 beatus

1847 2707 2059 2760 Paulus
2092 2708 2166 2759 ad
2195 2705 2473 2758 Hebraos
2498 2704 2761 2756 scribens
2785 2703 2940 2764 dicit,
2969 2704 3073 2762 Qui
3096 2709 3169 2752 est
3195 2703 3449 2767 splendor

1844 2781 2046 2844 gloria,
2072 2785 2117 2828 et
2143 2778 2329 2842 ﬁgura
2352 2775 2660 2826 substantia
2689 2774 2804 2838 ejus
2828 2772 3005 2835 (Hebr.
3036 2773 3084 2827 1.
3112 2772 3203 2837 3.).
3242 2772 3447 2837 Splen-

1846 2851 2042 2903 dorem
2087 2851 2262 2916 igitur
2301 2849 2485 2900 Patris
2517 2848 2725 2899 Filium
2763 2859 2899 2898 cum
2944 2847 3156 2897 Paulus
3202 2845 3446 2896 dixisset

1843 2922 2176 2988 Apostolus,
2194 2921 2663 2988 prabavitaperte
2682 2918 2836 2983 quod
2852 2931 2925 2969 ex
2949 2917 3277 2969 substantia
3289 2918 3443 2988 Patris

3302 318 3443 375 1156
3529 305 3535 311 ’

127 3361 410 3402 severare
441 3346 702 3399 stultitia.
729 3349 925 3412 Neque
953 3350 1126 3413 enim,
1151 3350 1287 3414 quia
1302 3364 1457 3403 unus
1481 3356 1570 3403 est
1590 3354 1747 3403 Deus

129 3422 317 3481 Pater,
346 3422 602 3484 ejusque
619 3418 817 3480 Filius,
836 3433 902 3471 ac
927 3421 1138 3483 pariter
1158 3434 1277 3473 una
1299 3423 1625 3474 substantia
1646 3425 1747 3475 Pa-

130 3491 238 3542 tris
287 3496 349 3543 et
408 3491 555 3553 Filii,
585 3489 795 3541 idcirco
829 3490 1003 3544 debet
1043 3494 1201 3544 Deus
1242 3494 1490 3560 υἱοπάτωρ
1536 3496 1746 3559 vocari,

130 3562 353 3626 quippe
370 3574 511 3613 cum
526 3573 645 3613 non
659 3574 841 3613 unum
856 3575 1229 3626 personarum
1245 3578 1486 3617 numero
1497 3568 1745 3630 dicamus,

133 3633 235 3683 sed
262 3634 624 3685 substantia
650 3634 946 3685 communi
967 3636 1264 3687 vocabulo.
1292 3637 1748 3701 NamqueAdam

133 3703 315 3776 simul
341 3709 406 3756 et
431 3704 562 3768 ejus
586 3704 740 3755 ﬁlius
763 3706 926 3768 Abel,
952 3719 1107 3757 unus
1136 3708 1308 3759 homo
1332 3721 1465 3760 cum
1490 3713 1644 3760 esset
1665 3708 1749 3759 al-

137 3778 222 3826 ter
244 3772 493 3840 unaque
506 3777 716 3839 pariter
738 3777 1056 3841 eademque
1082 3780 1427 3843 substantia,
1441 3788 1643 3841 propter
1657 3772 1761 3829 na?

135 3850 287 3918 tura
313 3849 786 3898 communionem
801 3861 1101 3912 nunquam
1120 3851 1367 3918 υἱοπάτωρ
1388 3853 1577 3904 vocati
1591 3855 1749 3915 sunt,

134 3917 238 3968 sed
256 3931 333 3970 ne
346 3919 549 3971 vocari
565 3919 801 3982 quidem
816 3919 928 3971 hoc
943 3923 1177 3973 nomine
1189 3917 1469 3987 poterant.
1488 3923 1651 3985 Quod
1665 3940 1753 3973 au-

142 3991 256 4039 tem
275 3990 401 4042 duo
418 4003 661 4043 numero
678 3992 854 4043 simul
876 3992 1143 4044 homines
1159 4007 1315 4045 unus
1324 3994 1500 4047 homo
1512 3998 1751 4045 dicuntur

139 4063 575 4126 communione,
602 4067 668 4115 ut
690 4063 828 4128 dixi,
854 4070 913 4117 et
933 4066 1204 4117 societate
1228 4070 1472 4130 natura,
1487 4067 1650 4119 testis
1662 4070 1753 4119 est

1845 3353 2011 3403 Patre
2034 3364 2149 3402 non
2171 3355 2325 3411 nata,
2343 3362 2459 3400 non
2482 3347 2691 3400 dicitur
2714 3352 2868 3411 nata,
2886 3358 3075 3410 neque
3091 3346 3217 3411 ipsa
3232 3345 3446 3409 pariter

1844 3435 2117 3489 generare
2140 3438 2151 3466 :
2179 3423 2263 3473 sic
2282 3421 2454 3473 etiam
2476 3420 2580 3471 Dei
2606 3418 3007 3470 substantivus
3023 3418 3043 3446 ¹³
3067 3418 3311 3482 Spiritus
3338 3428 3445 3467 ne-

1847 3508 1959 3559 que
1986 3499 2161 3546 natus
2186 3498 2293 3551 est,
2319 3505 2509 3556 neque
2530 3491 2748 3556 genuit.
2774 3493 2857 3541 Ac
2881 3503 2981 3553 per
3002 3490 3110 3541 hoc
3131 3490 3308 3553 igitur
3327 3493 3444 3541 tres

1846 3579 2124 3634 personas
2155 3565 2337 3616 Patris
2374 3569 2433 3615 et
2467 3563 2592 3614 Filii
2615 3568 2672 3615 et
2695 3563 2939 3626 Spiritus
2962 3560 3149 3613 sancti
3179 3561 3446 3625 latentes,

1846 3651 2025 3691 unam
2049 3636 2339 3689 credimus
2361 3640 2593 3700 propter
2614 3634 2897 3685 unitatem
2918 3633 3262 3684 substantia
3273 3634 3443 3680 Trini-

1848 3710 1983 3762 tatis
2005 3721 2136 3761 esse
2164 3708 2453 3761 virtutem.
2481 3706 2747 3757 Similiter
2769 3710 2964 3756 autem
2988 3710 3217 3769 propter
3240 3703 3447 3755 indivi-

1848 3781 2069 3833 sionem
2091 3784 2337 3840 natura,
2361 3779 2590 3829 Patrem
2618 3781 2677 3828 et
2696 3775 2907 3829 Filium
2936 3780 2994 3826 et
3012 3775 3287 3839 Spiritum
3311 3787 3446 3825 san-

1849 3858 2026 3916 ctum,
2061 3863 2246 3903 unum
2283 3851 2612 3911 Dominum,
2652 3860 2836 3899 unum
2856 3849 3043 3899 Deum
3067 3847 3447 3911 Omnipoten-

1849 3928 1985 3985 tem,
2023 3925 2367 3985 Creatorem,
2404 3921 2777 3983 Provisorem,
2813 3931 3042 3983 semper
3064 3931 3127 3969 se
3152 3930 3220 3969 ac
3244 3916 3447 3969 Simili-

1851 4000 1936 4047 ter
1955 3994 2266 4046 habentem
2299 4008 2312 4044 :
2338 3993 2433 4045 cui
2454 3992 2640 4045 honor
2660 3997 2720 4045 et
2741 3991 2922 4057 gloria
2938 3991 2998 4042 in
3025 3989 3241 4042 sacula
3264 4001 3450 4042 sacu-

1851 4067 2058 4119 lorum.
2083 4068 2289 4117 Amen.

142 4203 473 4288 Explicat
523 4209 544 4235 °
602 4203 849 4288 Ruﬁni
915 4206 1317 4291 Presbyteri
1371 4209 1757 4274 Prouincia
1820 4208 2206 4274 Palaestina
2264 4206 2465 4273 Liber
2533 4207 2618 4273 de
2672 4206 2873 4286 Fide,
2930 4203 3317 4272 translatus
3362 4202 3447 4270 de

1163 4306 1396 4371 Graeco
1473 4306 1549 4370 in
1630 4306 1964 4372 Latinum
2032 4322 2445 4371 sermonem.

209 4472 228 4492 ι
253 4465 434 4545 Greece
458 4464 673 4545 dicatur
706 4464 993 4545 ulonétmpj
1014 4466 1338 4545 Sabelliani,
1365 4467 1504 4532 quia
1530 4468 1755 4520 Patrem
1776 4472 1835 4545 D
1853 4468 2045 4545 igitur,
2077 4472 2141 4519 ut
2189 4471 2443 4545 apparet,
2483 4466 2611 4545 libri
2656 4464 2917 4545 hujusin
2948 4465 3133 4545 fronte
3156 4465 3340 4545 fuerat
3359 4462 3450 4514 in-

149 4546 284 4585 cum
310 4536 455 4587 li‘ilio
478 4537 928 4598 confundebant,
956 4540 1144 4591 Deum
1166 4539 1378 4590 idcirco
1397 4552 1535 4591 voce
1552 4554 1756 4600 compo-
1776 4536 1825 4545 ”
1855 4538 2085 4602 scriptio
2110 4553 2122 4588 :
2172 4550 2346 4601 quam
2387 4537 2499 4589 etsi
2528 4537 2781 4602 spuriam
2806 4536 2986 4588 videri
3003 4536 3127 4600 jam
3149 4540 3452 4588 ostensum

150 4604 260 4656 sita
273 4608 551 4673 υίοπάτορα
584 4609 721 4657 Filio
736 4614 942 4672 patrem
968 4608 1348 4673 appellabant,
1375 4613 1507 4671 quod
1541 4614 1755 4659 aversati

151 4682 289 4728 sunt
335 4678 671 4731 Orthodoxi.
713 4681 1070 4732 Athanasius
1104 4682 1166 4732 in
1204 4679 1573 4746 Expositione
1602 4682 1752 4733 iidei.

153 4749 279 4799 Οὔτε
305 4753 401 4816 γὰρ
430 4750 701 4819 utendi-opai
737 4760 999 4819 φρονοῦμεν
1022 4792 1034 4815 ,
1064 4750 1127 4809 ὡς
1171 4754 1215 4804 οἱ
1253 4755 1533 4817 Σαϐἐλλιοι,
1576 4755 1754 4818 μονού-

153 4837 279 4882 σιον,
297 4824 387 4872 καὶ
411 4817 505 4888 οὐχ
531 4817 810 4885 ὀμοὸύσιον.
831 4823 1015 4887 Neque
1038 4825 1185 4873 enim
1206 4825 1342 4874 Filio
1357 4830 1566 4888 patrem
1588 4826 1753 4874 sent-i-

154 4904 294 4956 mus,
314 4892 456 4941 sicut
480 4893 795 4958 Sabelliani,
834 4894 1372 4960 Sotisubstantialem,
1398 4901 1443 4945 et
1469 4911 1580 4946 non
1616 4898 1750 4946 Con-

155 4960 581 5016 substantialem.
625 4967 692 5016 In
734 4965 988 5018 Ecclesia
1037 4972 1232 5019 autem
1278 4967 1557 5020 catholica
1599 4970 1754 5019 Deus

156 5032 406 5102 υἱοπάτωρ
452 5042 751 5100 propterea
792 5051 911 5089 non
943 5039 1171 5102 dicitur,
1215 5040 1350 5104 quia
1385 5041 1441 5091 in
1488 5052 1603 5092 uno
1636 5042 1754 5092 Deo

159 5107 277 5155 tres
296 5119 542 5160 numero
559 5109 818 5172 ejusdem
845 5110 1191 5163 substantia
1221 5124 1493 5175 personas
1512 5115 1753 5175 agnoscit,

159 5180 214 5225 et
237 5183 441 5231 contra
463 5193 637 5243 quam
662 5180 733 5232 de
761 5181 1094 5233 Sabellianis
1117 5183 1338 5235 dictum
1361 5189 1467 5247 est,
1496 5183 1753 5249 μονόυσιον

163 5250 400 5312 respuit,
431 5252 693 5313 ὁμοούσιον
728 5253 1110 5317 amplectitur.

223 5316 397 5393 “ius,
422 5322 663 5387 Spiritus
680 5322 913 5374 Sanctus
936 5340 1104 5389 neque
1128 5331 1289 5375 natus
1315 5331 1402 5375 est.

226 5391 453 5455 cRufini
521 5395 816 5459 Presbyteri
879 5396 1178 5447 Prouincia
1231 5396 1553 5461 Palestina]
1615 5397 1756 5449 Hac

1854 4615 1961 4674 est,
1982 4609 2342 4661 retinendam
2359 4613 2572 4672 tamen,
2591 4622 2663 4660 ne
2673 4608 2818 4660 libro
2834 4621 2909 4660 no
2917 4621 3049 4660 men
3064 4607 3314 4670 deesset,
3332 4611 3454 4657 tan-

1855 4684 2030 4746 tisper
2074 4681 2426 4743 censuimus,
2465 4680 2649 4732 donec
2694 4680 2979 4732 sinceram
3029 4692 3097 4731 ac
3134 4679 3451 4744 legitimam

1855 4754 1978 4805 dies
2012 4754 2243 4818 aperiat.
2298 4755 2412 4804 Nec
2444 4753 2847 4817 omittendum,
2870 4752 3050 4804 libros
3084 4751 3155 4804 de
3194 4751 3307 4802 nde
3342 4751 3452 4802 sub

1854 4826 2043 4877 Ruﬁni
2055 4825 2286 4877 nomine
2296 4825 2442 4876 duos
2456 4824 2662 4876 saltem
2676 4824 3031 4888 fuisse,quod
3044 4825 3384 4886 intelligimus
3393 4837 3456 4871 ex

1852 4899 2074 4948 Joanne
2097 4896 2367 4960 Diacono,
2386 4897 2485 4959 qui
2500 4896 2561 4946 in
2584 4897 2767 4948 Exodi
2787 4896 3044 4960 Exposit.
3068 4894 3281 4946 librum
3294 4892 3344 4947 2.
3372 4893 3455 4945 ci-

1854 4972 1941 5020 tat
1961 4967 2050 5018 his
2077 4968 2266 5019 verbis
2294 4983 2306 5017 :
2344 4968 2590 5019 Ruﬁnus
2612 4968 2673 5018 in
2692 4968 2789 5018 lib.
2816 4966 2868 5021 2.
2906 4966 2977 5019 de
3010 4966 3177 5019 Fide:
3213 4964 3455 5031 Populus

1854 5039 2017 5088 Israel
2042 5040 2101 5087 in
2125 5039 2380 5088 Columna
2402 5037 2562 5087 nubis
2577 5054 2677 5103 per
2699 5039 2859 5100 diem,
2874 5043 2920 5088 et
2942 5053 3038 5103 per
3057 5044 3262 5087 noctem
3288 5038 3347 5085 in
3372 5050 3455 5085 co-

1855 5109 2051 5159 lumna
2066 5110 2229 5173 ignis,
2244 5110 2377 5173 quia
2390 5109 2508 5158 dua:
2519 5110 2731 5159 itineris
2742 5110 3117 5174 pracedebant,
3127 5114 3180 5157 ut
3198 5106 3453 5171 baptismi

1854 5185 2095 5244 gratiam
2116 5196 2212 5245 per
2234 5181 2447 5242 nubem,
2466 5186 2512 5230 et
2535 5181 2682 5231 dona
2705 5182 2877 5232 sancti
2904 5180 3141 5243 Spiritus
3150 5192 3249 5242 per
3270 5178 3452 5241 ignem

1854 5253 2163 5316 ostenderet,
2179 5253 2316 5316 quia
2335 5254 2618 5317 Apostolus
2629 5253 2837 5304 Paulus
2856 5253 2917 5300 in
2930 5250 3066 5298 nube
3075 5254 3255 5312 patres
3271 5247 3451 5311 bapti-

1855 5329 1995 5373 zatos
2014 5325 2245 5388 scripsit,
2267 5331 2313 5373 et
2326 5325 2596 5389 Spiritum
2618 5331 2867 5375 sanctum
2891 5323 3072 5385 ignem
3094 5334 3216 5380 esse,
3229 5320 3454 5383 Aposto-

1856 5394 2036 5443 lorum
2065 5398 2199 5446 Acta
2223 5396 2518 5447 declarant.
