3866 6206
1786 490 1903 529 ΔΝΝ
1913 489 1949 529 Ο
1984 488 2202 530 DOMINI
2235 489 2399 529 CDXV
2410 515 2421 527 .

544 676 1226 901 PELA
1258 681 1874 903 GIUS
2072 677 3666 908 BRITANNUS.

1540 1088 2627 1135 ψ»

2632 1109 2706 1117 ﬁ.--

993 1331 1156 1435 DE
1264 1330 1570 1435 VITA
1682 1332 1843 1434 ET
1952 1330 2568 1436 SCRIPTIS
2636 1246 3215 1455 \PFELAGll

1800 1576 2422 1694 misscrtatio.

758 1822 1162 1889 AUCTORE
1206 1820 1693 1896 GARNERIO,
1740 1819 1997 1883 MARII
2041 1818 3010 1885 MERCATORISOPERUM
3055 1821 3446 1887 EDITORE

853 2106 1079 2189 (Hanc
1119 2102 1663 2171 dissertationem
1706 2103 1951 2166 videsis
1998 2101 2250 2168 Patrol.
2300 2107 2458 2168 tom.
2504 2072 2807 2180 XLVIII,
2854 2102 2977 2166 col.
3021 2104 3358 2184 266-297.)

1048 2478 1545 2585 OPERUM
1657 2478 2578 2601 EDITIONUMQUE
2676 2476 3152 2583 PELAGII

1683 2735 2514 2859 RECENSIO,

1200 2970 1811 3066 AUGTORE
1924 2968 2956 3067 SGHCENEMANNO

1358 3172 1687 3236 (Bibliotheca
1719 3176 1919 3221 Patrum
1952 3173 2242 3221 Latinorum
2276 3171 2818 3233 historico-litteraria).

1626 3314 2593 3353 ψ

1015 3490 1067 3556 §.
1111 3490 1161 3545 1.
1189 3491 1459 3544 SCRIPTA.

436 3603 478 3653 Ι.
515 3602 638 3660 Quae
673 3600 988 3649 etiamnunc
1019 3603 1307 3663 supersunt
1339 3599 1552 3660 integra
1580 3594 1791 3658 Pelagii
1812 3594 2029 3658 scripta.

462 3764 465 3767 ν
498 3706 976 3769 LExpositionum
998 3705 1060 3752 in
1078 3704 1352 3767 Epistolas
1363 3703 1527 3752 Pauli
1546 3700 1779 3751 LibriXI
1792 3702 2029 3765 V,scripti

433 3778 573 3829 dum
596 3779 795 3827 Romae
823 3775 1012 3825 adhuc
1035 3780 1363 3825 versaretur
1386 3773 1664 3836 Pelagius.
1697 3773 1806 3822 Diu
1821 3776 1879 3823 et
1900 3774 2031 3822 Jam

432 3848 564 3899 inde
586 3860 621 3898 a
644 3846 857 3898 swculo
883 3850 1049 3897 sexto
1066 3844 1399 3909 Hieronymi
1412 3857 1624 3895 nomen
1640 3843 2029 3895 tulerunt.Sed

436 3918 735 3983 Pelagiani,
756 3919 874 3968 imo
904 3918 1086 3982 ipsius
1100 3917 1306 3981 Pelagii
1324 3929 1455 3968 esse
1482 3916 1703 3967 dudum
1729 3915 2027 3979 cognitum

431 3995 535 4043 est.
567 3989 690 4040 Vid.
718 3990 889 4040 Voss.
924 3990 1067 4040 ωδε.
1097 3987 1335 4052 Pol-agi.
1361 4001 1397 4040 1.
1419 4000 1540 4052 cap.
1566 3987 1616 4041 4.
1644 3987 1950 4038 Enimvero
1966 3990 2030 4037 ut

430 4075 586 4113 nunc
624 4062 928 4123 habemus,
957 4062 1029 4110 ab
1072 4064 1305 4110 auctore
1332 4072 1436 4109 suo
1460 4059 1692 4122 profecti
1718 4070 1832 4108 non
1867 4061 2024 4127 sunt,

430 4133 531 4192 sed
563 4134 779 4196 passim
796 4136 853 4182 et
879 4130 1164 4194 praecipue
1189 4131 1247 4180 in
1263 4131 1511 4193 Epistula
1530 4130 1602 4180 ad
1626 4131 1914 4180 Romanos
1930 4140 2027 4191 per

428 4203 834 4256 Cassiodorum
877 4204 949 4253 ab
987 4203 1059 4253 iis
1102 4215 1230 4265 quae
1268 4208 1466 4252 contra
1494 4201 1664 4251 [idem
1687 4201 2024 4251 catholicam

428 4275 582 4327 dicta
606 4275 953 4335 Viderentur,
982 4274 1285 4337 i-epurgati.
1312 4273 1393 4324 0f.
1420 4275 1652 4324 Garner.
1684 4273 1757 4324 ad
1791 4273 2021 4323 Mercat.

426 4350 574 4412 App.
606 4348 680 4398 ad
705 4349 857 4397 Diss.
885 4344 935 4399 6.
964 4351 1105 4409 part.
1138 4357 1176 4396 1.

487 4418 537 4472 ‘2.
568 4419 812 4482 Epistola
859 4417 931 4466 ad
962 4414 1373 4477 Demetriadem,
1420 4414 1631 4477 scripta
1666 4412 1891 4464 circiter
1927 4424 2018 4465 an.

424 4489 545 4544 41°).
593 4490 925 4553 Hieronymi
969 4498 1181 4539 nomen
1214 4499 1444 4549 quoque
1483 4486 1627 4536 tulit.
1664 4486 1773 4536 Sed
1817 4485 2021 4547 Pelagii

425 4575 553 4613 esse
578 4562 941 4612 convincitur
963 4573 1037 4610 ex
1061 4559 1398 4623 fragmentis
1410 4556 2019 4621 quaeindelaudatAu-

423 4636 693 4698 gustinus
728 4632 824 4683 lib.
861 4631 932 4682 de
966 4634 1157 4683 Gratia
1180 4629 1407 4692 Christi,
1435 4642 1556 4693 cap.
1585 4627 1671 4690 22,
1698 4627 1784 4691 ‘27,
1817 4627 1903 4692 37,
1930 4628 2016 4690 38,

422 4705 507 4758 40.
532 4709 588 4756 et
609 4705 670 4755 in
693 4703 933 4768 epistola
954 4706 1024 4753 ad
1047 4703 1337 4753 Julian-am
1352 4700 1735 4752 Demetriadis
1755 4706 2014 4752 matrem.

426 4777 591 4827 Plura
621 4777 746 4827 vide
769 4776 922 4839 apud
960 4776 1126 4825 Voss.

485 4846 535 4900 3.
572 4846 796 4895 Libellus
825 4845 950 4909 ﬁdei
980 4846 1054 4895 ad
1085 4843 1456 4893 Innocentium
1489 4843 1722 4908 Papam,
1769 4842 2016 4907 scriptus

423 4931 512 4969 an.
552 4916 672 4970 417.
701 4919 815 4968 Nec
839 4918 930 4967 hic
953 4917 1185 4980 quidem
1214 4915 1465 4980 elfugere
1487 4915 1693 4978 potuit,
1717 4915 1855 4978 quin
1883 4917 2015 4969 Hie-

422 4988 648 5053 ronymi
672 4988 1012 5049 crederetur,
1038 4993 1096 5039 et
1120 4988 1355 5038 inscribi
1379 4986 1513 5037 olim
1538 4987 1865 5038 consuevit:
1884 4988 2015 5039 Hie-

421 5076 644 5126 ronymi
666 5058 980 5124 wplanalio
1004 5058 1244 5123 Symboli
1279 5059 1353 5108 ad
1374 5059 1697 5108 Damasum.

605 5172 674 5223 II.
698 5167 1002 5233 Deperdita,
1020 5181 1254 5230 quorum
1273 5166 1583 5230 fragmenta
1597 5171 1824 5217 exstant.

482 5274 532 5329 1.
569 5272 721 5323 Liber
740 5267 1005 5334 Εὖλογιῶν,
1022 5265 1176 5331 quod
1190 5266 1362 5317 vertit
1384 5266 1643 5329 Vossius,
1665 5266 2011 5315 honestorum

414 5360 725 5395 sermonum
745 5344 806 5392 de
830 5341 1033 5391 actuali
1056 5340 1470 5389 conversatione.
1496 5336 1860 5399 Eulagiorum
1882 5354 2011 5401 pro-

418 5416 619 5466 actuali
635 5414 1029 5464 conversatione
1044 5426 1111 5459 ex
1133 5410 1336 5458 divinis
1355 5407 1651 5471 Seripturis
1676 5408 1871 5456 librum
1911 5423 2013 5461 vo-

414 5493 505 5538 cat
535 5486 866 5538 Gennadius
900 5489 958 5535 et
976 5499 1078 5548 pro
1102 5481 1305 5530 actuali
1341 5479 1450 5527 vita
1485 5478 1701 5529 librum.
1723 5481 2011 5532 Honorius

416 5556 1053 5609 Massiliensis.0rosius
1074 5552 1521 5603 Testimoniorum
1539 5553 1820 5599 titulatione
1836 5555 2007 5613 signa-

417 5634 540 5679 tum
556 5628 733 5677 fuisse
752 5626 938 5677 tradit.
955 5629 1017 5676 In
1043 5626 1192 5677 eoad
1209 5623 1471 5689 Cypriani
1502 5621 1834 5686 exemplum
1854 5623 2010 5674 varia

416 5700 833 5748 sententiarum
849 5697 1097 5761 capitula
1107 5709 1138 5747 e
1150 5695 1455 5759 Scripturis
1467 5708 1594 5746 com
1601 5694 1880 5759 prehensa
1891 5696 2011 5743 fuis-

416 5780 497 5827 se,
522 5780 597 5816 ex
619 5768 964 5830 Hieronymo
986 5772 1045 5818 et
1068 5768 1360 5817 Gennadio
1378 5765 1674 5816 discimus.
1695 5766 1856 5818 Unde
1873 5780 2010 5828 saga-

415 5835 555 5886 citer
583 5846 784 5885 recens
807 5837 1047 5900 scriptor
1077 5836 1223 5887 Guil.
1260 5836 1522 5899 Wallius,
1549 5836 1611 5887 in
1634 5837 1887 5891 Historia
1903 5841 2010 5886 Pte-

2057 3488 2110 3561 Α
2133 3484 2481 3561 dobaptismi
2517 3486 2843 3561 Eclogarum
2869 3487 3081 3561 librum
3130 3486 3457 3561 legendum
3488 3488 3723 3551 comecit.

2134 3556 2488 3609 Testimonia
2514 3561 2572 3609 et
2594 3559 2914 3623 fragmenta
2929 3559 2980 3624 ej
2989 3572 3063 3611 us
3076 3560 3348 3624 prtebent
3359 3562 3727 3624 Hieronymus

2130 3627 2190 3679 in
2225 3628 2436 3690 DiaIOg.
2487 3629 2765 3681 adversus
2810 3630 3152 3693 Pelagianos
3188 3629 3291 3681 lib.
3318 3634 3361 3682 Ι.
3391 3632 3495 3683 ubi
3521 3631 3727 3683 titulum

2131 3697 2220 3758 14,
2265 3696 2353 3761 21,
2392 3698 2481 3762 31,
2515 3698 2599 3760 7‘2,
2644 3700 2728 3760 73,
2764 3699 2851 3763 81,
2877 3701 2966 3764 83,
2996 3701 3121 3763 100,
3150 3701 3280 3762 123,
3306 3702 3435 3764 131,
3476 3701 3725 3757 164.165.

2130 3770 2286 3833 citat,
2312 3776 2369 3821 et
2392 3772 2757 3831 Augustinus
2782 3778 2983 3824 contra
3006 3773 3154 3824 duas
3188 3774 3550 3839 Pelagianor.
3575 3769 3721 3833 epist.

2130 3843 2171 3893 I.
2221 3854 2304 3905 iv,
2338 3857 2455 3906 cap.
2488 3840 2540 3905 8,
2579 3849 2637 3895 et
2669 3844 2739 3895 de
2777 3845 2965 3895 Gestis
3030 3845 3268 3909 Pelagii,
3299 3862 3419 3910 cap.
3461 3846 3568 3906 1-6,
3612 3850 3724 3905 qua

2124 3912 2372 3975 junctim
2395 3913 2742 3967 exhibentur
2764 3916 2937 3967 ctiam
2964 3916 3122 3981 apud
3146 3916 3501 3969 Garnerium
3523 3916 3595 3967 ad
3607 3917 3727 3966 Mer-

2128 3988 2237 4035 cat.
2263 3985 2388 4035 loco
2412 3985 2663 4037 laudato.
3130 4038 3133 4041 ,

2189 4054 2239 4108 2.
2272 4056 2425 4105 Liber
2457 4057 2521 4105 de
2563 4057 2801 4121 Natura,
2841 4058 2935 4110 cui
2977 4060 3252 4123 opposuit
3286 4056 3722 4124 Augustinuslio

2126 4128 2296 4178 brum
2325 4128 2387 4176 de
2397 4127 2617 4177 Natura
2636 4134 2683 4178 et
2704 4130 2904 4193 gratia,
2918 4129 2978 4180 in
3003 4142 3119 4192 quo
3133 4129 3301 4193 plura
3312 4143 3390 4181 ex
3408 4132 3480 4181 iis
3501 4128 3720 4181 inseruit

2125 4198 2433 4251 Garnerius
2456 4199 2515 4250 in
2542 4200 2728 4252 Sicilia
2749 4199 3137 4264 compositum
3158 4207 3346 4264 putat,
3371 4202 3627 4253 incertus
3648 4204 3718 4249 ta-

2125 4282 2256 4320 men
2281 4275 2478 4321 utrum
2504 4272 2612 4335 ipsi
2634 4270 2861 4335 Pelagio
2889 4284 2965 4321 an
2989 4271 3264 4323 Caelestio
3278 4275 3617 4324 autAniano
3632 4270 3716 4322 tri-

2122 4341 2280 4393 buat.
2307 4342 2409 4392 Per
2427 4344 2709 4393 Jacobum
2725 4347 2783 4393 et
2808 4343 3150 4402 Timasium,
3163 4346 3425 4407 juvenes
3446 4344 3714 4407 Pelagium

2121 4413 2508 4478 adsectantes,
2532 4413 2590 4464 in
2619 4426 2828 4465 manus
2853 4414 3171 4478 Augustini
3192 4422 3565 4479 pervenerat,
3582 4420 3636 4466 et
3652 4414 3712 4464 ab

2121 4483 2401 4535 Africanis
2420 4486 2701 4549 episcopis
2718 4485 3068 4542 quibusdam
3086 4485 3162 4535 ad
3174 4488 3585 4540 Innocentium
3595 4486 3714 4537 mis-

2117 4568 2225 4677 fus
2271 4555 2395 4677 fuit.
2440 4558 2783 4621 Fragmenta
2827 4562 2966 4608 sunt
3006 4556 3162 4621 apud
3201 4560 3547 4611 Garnerium
3581 4558 3713 4609 dicto

2141 4639 2244 4677 oco
2269 4640 2300 4677 e
2348 4639 2434 4677 so.

2141 4639 2244 4677 oco
2269 4631 2328 4678 et
2348 4639 2434 4690 sq.

2180 4698 2231 4752 3.
2260 4697 2413 4747 Liber
2435 4713 2579 4747 unus
2602 4697 2695 4750 vel
2717 4700 2888 4751 etiam
2910 4699 3056 4753 alter
3077 4703 3155 4752 ad
3176 4702 3411 4751 viduam
3436 4700 3711 4751 consolato-

2116 4771 2236 4819 νίας
2256 4775 2415 4834 atque
2430 4770 2850 4835 exhortatorias,
2876 4776 3047 4836 cujus
3070 4775 3360 4826 memoria
3381 4779 3442 4826 et
3452 4773 3710 4838 fragmen-

2117 4847 2177 4893 ta
2207 4848 2518 4906 supersunt
2563 4842 2713 4907 apud
2754 4843 3091 4908 Hieronym.
3130 4845 3267 4897 dial.
3296 4844 3349 4898 3.
3385 4848 3628 4909 August.
3651 4842 3707 4892 de

2117 4917 2269 4967 Gest.
2297 4915 2521 4967 Palmst.
2549 4928 2597 4965 c.
2623 4913 2674 4977 6,
2700 4918 2757 4966 et
2779 4915 3073 4967 Mercator.
3119 4918 3184 4968 in
3219 4918 3574 4969 Commonit.
3603 4926 3707 4978 cap.

2113 4985 2163 5039 4.
2198 4984 2351 5037 unde
2374 4998 2440 5036 ea
2461 4984 2689 5049 collegit
2713 4987 3023 5038 Garnerius
3046 4987 3122 5039 ad
3146 4990 3383 5049 Mercat,
3409 4989 3551 5038 diss.
3584 4985 3630 5039 1.

2175 5057 2225 5111 4.
2265 5057 2510 5121 Epistola
2555 5058 2628 5105 ad
2667 5057 3066 5123 Augustinum,
3116 5072 3242 5111 seu.
3294 5066 3360 5111 ut
3407 5063 3581 5110 vocat
3611 5056 3706 5117 ille,

2111 5128 2363 5179 chartula
2385 5129 2729 5192 purgationis
2745 5128 2925 5179 missa
2935 5142 3035 5193 per
3046 5132 3258 5182 Carum
3275 5131 3589 5182 diaconum
3600 5134 3707 5192 post

2112 5200 2405 5264 Synodum
2440 5200 2911 5263 Diospolitanam.
2934 5203 3251 5267 Augustin.
3280 5204 3347 5252 de
3371 5202 3702 5263 Gcst.Pelag.,

2111 5286 2159 5324 c.
2178 5272 2247 5327 30
2268 5290 2282 5328 ς
2307 5273 2542 5322 Garner.
2568 5270 2674 5322 loc.
2711 5272 2805 5322 cit.

2171 5342 2220 5397 5.
2243 5342 2485 5407 Epistola
2509 5343 2583 5391 ad
2605 5344 2847 5391 amicum
2876 5344 3169 5406 quemdam
3194 5345 3573 5410 presbyterum
3594 5345 3699 5408 post

2111 5418 2398 5478 synodum
2423 5414 2893 5478 Diospolitauam.
2920 5417 3237 5480 Augustin.
3262 5417 3331 5465 de
3357 5419 3496 5467 Gest.
3524 5418 3696 5476 Pelag,

2110 5500 2157 5537 c.
2186 5486 2279 5547 30;
2310 5488 2539 5536 Garuer.
2569 5485 2674 5536 loc.
2710 5486 2804 5536 cit.

2174 5557 2228 5610 6.
2270 5556 2514 5619 Epistota
2555 5557 2628 5604 ad
2657 5556 3037 5604 Innocentium
3073 5558 3117 5618 Ι,
3163 5569 3243 5609 an
3280 5557 3412 5623 417,
3446 5571 3565 5610 una
3588 5567 3693 5608 cum

2112 5628 2379 5691 Symbolo
2409 5627 2541 5678 fidei
2565 5627 2761 5677 missa.
2788 5628 3104 5691 Augustin.
3129 5627 3195 5678 de
3213 5631 3418 5680 Gratia
3436 5629 3689 5685 Christi,c..

2109 5696 2193 5752 30.
2222 5710 2349 5760 sqq.
2374 5700 2604 5758 Garner,
2630 5697 2736 5748 loc.
2771 5697 2866 5747 cit.

2169 5767 2220 5821 7.
2254 5768 2329 5817 De
2353 5767 2514 5817 libero
2551 5765 2778 5817 arbitrio
2800 5766 2926 5816 libri
2953 5773 3216 5833 quatuor,
3246 5782 3406 5835 quos
3429 5771 3688 5837 oppugnat

2109 5838 2424 5904 Augustini
2464 5838 2608 5891 liber
2630 5839 2692 5889 dc
2717 5838 2909 5890 Gratia
2935 5840 3145 5891 Christi
3169 5847 3233 5895 et
3256 5842 3432 5908 plura
3456 5842 3617 5897 simul
3633 5852 3685 5892 ex
