3866 6206
143 263 299 320 1157

141 381 232 430 eis
259 383 543 434 servavit
567 396 689 448 cap.
732 386 784 451 4,
815 386 864 440 7.
892 385 979 450 10,
1006 386 1092 451 18,
1122 386 1209 449 28,
1236 386 1323 451 29,
1361 387 1447 443 39.
1483 392 1624 451 Quae
1660 392 1774 444 fra-

139 457 407 526 gmenta
443 467 515 526 ex
551 454 696 507 libro
732 458 934 522 primo,
972 459 1339 523 potissimum
1363 465 1558 513 autem
1584 464 1768 526 tertio,

135 522 317 586 justo
341 525 558 578 ordine
581 530 879 592 praposuit
904 522 1132 581 Garner.
1165 533 1269 582 loc.
1307 532 1400 584 cit.

666 663 761 712 III.
786 662 957 711 Plane
1003 662 1299 728 deperdita.

211 772 239 826 1
254 810 267 822 .
294 773 470 824 Libri
494 781 596 825 tres
617 776 681 825 de
709 777 986 842 Trinitate,
1003 791 1150 841 quos
1170 784 1304 831 ante
1324 780 1778 835 Commentarios

144 842 212 894 in
240 845 553 909 Epistolas
587 847 743 899 Pauli
769 849 1164 913 composuisse
1194 850 1439 903 videtur.

207 912 264 967 2.
296 916 565 980 Epistolas
589 923 725 978 tres,
750 932 869 971 una
890 920 963 970 ad
986 920 1311 984 Paulinum,
1334 923 1515 974 altera
1534 922 1608 973 ad
1635 923 1778 973 Con-

142 988 464 1051 stanlium,
502 1002 744 1052 quarum
778 992 1149 1055 Augustinus
1176 993 1438 1043 meminit
1472 994 1529 1044 in
1572 993 1670 1045 lib.
1705 995 1779 1047 de

142 1055 360 1108 Gratia
412 1059 642 1123 Christi,
683 1073 804 1124 cap.
844 1060 929 1123 34,
964 1061 1032 1115 35
1076 1068 1135 1114 et
1167 1061 1252 1117 36.
1281 1064 1470 1115 Tertia
1493 1064 1565 1113 ad
1586 1065 1779 1128 ipsum

143 1128 549 1198 Augustinum
588 1132 801 1196 scripta
834 1132 942 1184 fuit
967 1135 1162 1185 statim
1186 1139 1318 1198 post
1339 1134 1649 1187 adventum
1676 1138 1777 1189 Pe-

139 1196 284 1268 lagii
309 1199 378 1250 in
407 1200 798 1267 Palwstinam,
810 1216 882 1254 ne
904 1196 1219 1256 insalutato
1238 1204 1466 1268 hospite
1482 1206 1692 1258 abiisse
1707 1211 1778 1257 vi-

142 1266 421 1332 deretur,
440 1276 507 1323 ut
529 1277 683 1323 recte
700 1266 1010 1325 Garnerius
1035 1266 1396 1327 occasionem
1416 1276 1464 1339 ej
1477 1289 1544 1326 us
1560 1280 1774 1337 denotat,

141 1340 389 1392 Priores
417 1343 564 1394 duas
585 1344 756 1395 annis
793 1344 897 1399 405
927 1350 986 1397 et
1008 1346 1113 1401 406
1136 1347 1421 1411 assignari
1441 1353 1681 1411 oportet.

207 1413 561 1466 Novissime
599 1415 833 1467 demum
859 1416 1049 1468 eidem
1073 1418 1375 1468 adscribere
1395 1431 1579 1470 ausus
1601 1424 1689 1471 est
1712 1422 1771 1473 B.

140 1481 460 1536 Semlerus
498 1486 802 1550 Epistolam
825 1488 899 1537 ad
928 1488 1230 1539 Celantiam
1253 1498 1568 1539 matronam
1590 1492 1651 1540 de
1675 1508 1773 1541 ra-

141 1553 296 1602 lianc
312 1556 413 1618 pie
434 1556 665 1619 vivendi,
685 1558 1058 1611 similitudine
1069 1560 1341 1613 orationis
1356 1565 1414 1613 et
1428 1572 1619 1613 rerum
1633 1566 1776 1615 trac-

142 1625 404 1679 tationis
424 1627 718 1681 inductus.

717 1754 752 1818 §
778 1753 830 1808 2.
867 1756 1215 1809 EDITIONES.
1394 1826 1401 1838 ἢ

242 1871 289 1920 Ι.
329 1870 761 1936 Expositionum
797 1873 860 1921 in
898 1873 1170 1937 Epistolas
1195 1873 1364 1926 Pauli
1387 1874 1513 1925 libri
1535 1876 1677 1929 XIV.

206 1994 349 2044 Non
377 1996 620 2046 memini
645 1997 805 2060 prius
825 1996 1010 2048 editos
1032 2010 1068 2048 a
1094 1999 1368 2062 quopiam
1393 1999 1575 2052 hosce
1614 2013 1773 2052 com-

144 2066 500 2129 mentarios,
524 2078 698 2130 quam
722 2069 796 2118 ab
820 2069 1058 2120 Erasmo
1082 2069 1143 2120 in
1167 2070 1351 2134 prima
1365 2070 1615 2123 editione
1628 2072 1777 2136 Ope-

145 2148 279 2186 rum
312 2137 657 2201 Hieronymi
680 2150 770 2190 an.
799 2138 958 2204 1516,
984 2141 1137 2191 unde
1162 2145 1363 2204 postea
1390 2154 1617 2206 semper
1636 2145 1773 2196 Hie-

144 2210 522 2271 ronymianis
549 2210 819 2274 operibus
841 2211 1348 2277 adhaeseruntmec
1368 2214 1522 2277 alibi,
1546 2221 1770 2278 praeter.

146 2291 331 2342 quam
368 2279 429 2331 in
462 2282 629 2332 Joan.
655 2282 854 2333 Clerici
879 2285 1193 2348 appendice
1216 2285 1656 2349 Augustiniana,
1683 2300 1773 2338 re-

144 2351 278 2421 cusi
310 2356 473 2402 sunt.
510 2353 808 2414 Quomodo
844 2359 1040 2405 autem
1074 2354 1147 2406 de
1176 2354 1383 2407 iisdem
1425 2357 1772 2421 insigniores

144 2420 497 2486 Hieronymi
531 2424 779 2476 editores
803 2426 1114 2477 meruerint
1137 2439 1209 2476 ex
1233 2427 1343 2478 hoc
1366 2420 1768 2489 indicepatebit.

211 2492 383 2547 1516.
423 2494 654 2545 Basilcae
688 2496 839 2560 apud
874 2496 1119 2555 Froben.,
1141 2497 1315 2549 in-fol.
1349 2500 1769 2553 Commentaria

144 2562 205 2613 in
223 2564 521 2627 Epistolas
539 2566 728 2625 Pauli;
756 2571 990 2619 exstant
1011 2568 1075 2618 in
1100 2572 1251 2620 tomo
1273 2570 1367 2620 IX.
1398 2571 1539 2634 Opp.
1567 2572 1767 2623 Hiero-

146 2635 313 2697 nymi
347 2648 385 2687 a
408 2635 504 2687 fol.
536 2636 794 2692 131-190.
818 2653 850 2687 (ί
873 2641 1404 2691 Commentariosin
1426 2654 1630 2694 omnes
1646 2644 1765 2696 divi

147 2706 314 2757 Pauli
341 2707 640 2771 epistolas,
666 2710 859 2773 inquit
882 2712 1156 2762 Erasmus
1180 2725 1240 2762 1n
1263 2712 1605 2767 Pi‘aafatione
1630 2714 1766 2766 huic

146 2779 308 2829 tomo
332 2780 662 2845 prmmissa,
676 2782 1026 2845 Hieronymo
1038 2783 1371 2836 vindicabat
1386 2787 1539 2834 codex
1554 2789 1761 2847 quidam

146 2849 436 2902 obsoletaa
475 2852 799 2912 vetustatis,
841 2853 1097 2905 Gothicis
1125 2854 1549 2908 characteribus
1573 2869 1764 2909 exara-

148 2925 261 2985 tus,
290 2921 380 2972 sic
408 2934 546 2973 sane
570 2924 857 2986 perplexis
881 2929 940 2975 et
957 2925 1077 2989 jam
1090 2938 1210 2990 prae
1230 2931 1517 2978 vetustate
1529 2932 1760 2978 evanidis

145 2997 213 3044 ut
223 2996 415 3044 coacti
432 2993 709 3045 fuerimus
728 2995 788 3045 in
800 2994 1194 3048 elementarior
1201 3010 1294 3048 um
1307 2999 1565 3051 ordinem
1580 3005 1758 3051 rursus

1041 273 1334 328 OPERUM
1370 275 1457 327 ET
1487 276 1891 332 EDITIONUM
1935 281 2217 335 PELAGII
2250 239 2618 342 R-ECENSIO.

3342 302 3483 360 1158

1795 402 1849 472 Α
1876 394 1963 482 (ut
1979 394 2289 482 itandicrim)
2309 404 2575 482 tyrannis
2598 405 2721 482 fuit,
2742 419 2874 482 cum
2896 410 3485 482 mundusasimplici-

1885 470 2001 550 tate
2046 466 2255 547 Christi
2293 469 2641 550 desciscens,
2678 466 2842 531 bellis
2880 494 3109 544 operam
3135 466 3486 550 daretis—tiu

1880 536 2234 620 barbaricam
2249 546 2555 620 quamdam
2574 536 3210 619 feritatem,contempto
3222 536 3482 620 sapientia—3

1882 608 2095 693 studio,
2122 613 2337 693 81118111]
2365 617 2771 693 prolaberetur,
2785 628 2842 673 et
2856 608 2988 674 erat
3012 608 3238 691 tempus
3255 608 3476 693 quoni-

1881 678 1960 728 1111
1982 678 2232 754 placeret
2256 684 2409 745 quod
2430 678 2765 752 Hieronymi.
2785 706 2902 745 non
2926 701 3109 747 esset:
3131 678 3289 751 haud
3303 678 3472 754 secus

1880 750 2245 831 quamhodie
2274 754 2471 831 multis
2490 758 2627 831 nihil
2648 750 2935 825 probatur,
2961 767 3074 817 nisi
3096 770 3253 831 quod
3274 750 3472 822 sisit};

1878 824 1979 903 aut
2008 820 2285 903 Thomam
2312 820 2682 903 s_a_piat.'l‘um
2710 820 3094 890 nebulonibus
3113 820 3468 903 quibusdam

1879 901 2022 976 ansa
2050 893 2159 976 iuit
2183 896 2460 976 praestita,
2485 898 2927 963 simplicioribus
2952 893 3302 976 imponendi,
3332 893 3475 967 vel;

1881 962 2179 1046 ditabantq
2188 979 2255 1046 ue
2279 967 2500 1046 passim
2517 962 2627 1046 pro
2640 974 2989 1046 Hieronymo
3006 962 3225 1034 manias
3238 962 3473 1046 suasret

1881 1033 2245 1117 celeberrimi
2256 1040 2732 1117 sanctissimique
2749 1033 3110 1101 viri'titulum
3128 1033 3476 1117 augeatis;

1882 1104 2017 1178 libet
2038 1109 2364 1170 nugacibus
2378 1104 2770 1176 praefigebant.
2791 1118 3059 1171 Ceterum
3074 1126 3139 1172 ut
3153 1104 3475 1178 daturetiam

1882 1175 2031 1260 inter
2053 1180 2268 1229 multas
2293 1184 2484 1260 paleas
2501 1183 2734 1260 aliquod
2754 1188 3063 1251 granulum
3082 1175 3347 1260 reperire,
3361 1175 3475 1248 et};

1880 1251 2382 1328 tantumsumpsit
2403 1254 2739 1321 Hieronymi
2763 1261 3123 1328 scriptorum,
3147 1251 3297 1317 istos
3322 1251 3478 1321 com-

1879 1322 2189 1399 mentarios
2200 1323 2601 1399 nigrocalculo
2612 1322 2904 1395 notamus,
2922 1337 2981 1384 et
2995 1322 3264 1399 indignos
3280 1352 3475 1393 cense-

1876 1402 2009 1465 mus
2034 1393 2089 1442 in
2115 1393 2327 1456 quibus
2359 1396 2619 1459 legendis
2654 1393 2904 1454 studiosi
2928 1393 3304 1460 bonashoras
3330 1411 3478 1465 male

1877 1461 2172 1545 collocent.
2202 1467 2360 1545 bocti
2386 1469 2599 1545 quique
2634 1477 2774 1545 sunt
2796 1476 2963 1535 ,naris
2987 1484 3275 1532 emunctae
3311 1461 3477 1545 (certe

1879 1533 2114 1606 scimus)
2144 1536 2449 1588 nobiscum
2464 1539 2693 1605 facient,
2707 1533 3102 1606 imperitorum
3126 1533 3474 1603 etcrassoruin

1870 1602 2152 1676 judicium
2201 1607 2340 1658 nihil
2376 1602 2739 1663 moramur.»
2774 1602 3059 1668 Caeterum
3083 1620 3145 1671 in
3182 1622 3268 1673 ed.
3303 1602 3475 1676 Basil.

1878 1672 2016 1728 1537
2044 1676 2308 1729 invenies
2331 1679 2535 1732 eodem
2560 1686 2714 1735 tomo
2736 1697 2905 1751 pagg.
2932 1686 3197 1745 265-396.

1798 1761 1854 1835 B
1935 1770 2108 1851 1572._
2119 1775 2301 1851 Romae
2324 1779 2475 1851 apud
2496 1780 3082 1851 PaulumManulium,
3106 1789 3290 1842 in-fol.
3311 1793 3475 1845 Com-

1872 1844 2133 1929 mentarii
2175 1848 2546 1929 in'gpistolas
2585 1852 2907 1929 diviPauli;
2954 1857 3015 1908 in
3054 1844 3304 1913 editione
3328 1844 3471 1929 Opp.

1872 1915 2554 1996 HieronymiYictoriana
2580 1927 2619 1975 t.
2634 1926 2782 1989 VIII,
2808 1915 2940 1990 qum
2963 1942 3099 1981 cum
3119 1932 3246 1996 ipsa
3260 1934 3335 1985 ad
3350 1915 3471 1986 ma-

1867 1999 2008 2063 num
2023 2000 2143 2040 non
2162 1989 2255 2051 sit,
2275 1991 2349 2041 ad
2371 1994 2612 2057 paginas
2634 1989 3077 2063 Antuerpiensis
3101 1989 3161 2054 et
3198 2006 3473 2059 Parisinw

1867 2055 2103 2140 laudare
2150 2055 2391 2140 necesse
2437 2055 2657 2140 est._ln
2690 2055 3113 2140 _Antu}:rpiensi
3162 2055 3471 2140 (an.91679')

1869 2133 2028 2180 extat
2075 2134 2113 2181 t.
2162 2133 2308 2194 VIII,
2345 2146 2512 2199 pagg.
2551 2136 2788 2193 170-288
2814 2155 2827 2202 ;
2857 2141 2919 2192 in
2954 2143 3129 2195 Paris.
3156 2133 3313 2200 1643.
3340 2133 3467 2199 eod:

1868 2202 2045 2261 tomo,
2088 2214 2143 2265 p.
2186 2202 2440 2258 161-277.
2476 2207 2563 2257 En
2595 2221 2733 2260 vero
2778 2211 3012 2263 Mariani
3046 2214 3278 2267 Victorii
3303 2217 3374 2268 de
3398 2220 3469 2269 iis

1870 2275 2305 2347 sermunculum
2323 2277 2415 2347 (ex
2439 2277 2602 2329 Prwl‘.
2621 2278 2798 2344 hujus
2825 2283 3017 2347 tomi):
3046 2304 3068 2327 «ι
3112 2291 3467 2337 Commentarii

1951 2344 2225 2424 tredecim
2242 2346 2400 2397 Pauli
2423 2349 2664 2425 apostoli
2688 2340 2979 2414 Epistolas
2990 2356 3341 2421 Hieronymi,
3358 2361 3468 2425 ipsi

1867 2414 2043 2464 etiam
2068 2415 2305 2495 minime
2333 2423 2500 2469 sunt:
2526 2431 2661 2495 nam
2685 2434 2793 2473 nec
2826 2426 2955 2487 ejus
2970 2414 3466 2495 phrasin'habent,

1863 2495 1981 2561 nec
1994 2486 2375 2561 eruditionem
2393 2504 2407 2551 ;
2427 2492 2695 2552 quamvis
2708 2494 2769 2545 in
2783 2486 3018 2548 fronteo
3024 2499 3173 2560 peris
3190 2486 3463 2561 Epistolam

1863 2553 1936 2636 ad
1962 2556 2335 2636 Heliodorum
2360 2559 2696 2636 inscriptam
2721 2553 3071 2620 contineant.
3103 2553 3252 2632 Quin
3274 2576 3468 2636 potius

1861 2624 2116 2704 hominis
2139 2641 2269 2704 esse
2296 2630 2601 2695 Pelagiana
2614 2632 2742 2685 labe
2758 2624 3162 2692 commaculati
3180 2624 3469 2704 coxﬁpeni;

1861 2695 2074 2783 simum
2101 2706 2202 2780 est.
2214 2701 2305 2765 (ne
2329 2715 2397 2782 ea
2424 2707 2648 2755 tantum
2671 2719 2804 2783 quae
2826 2711 3148 2783 orthodoxa
3168 2695 3461 2783 non‘sunt,

1857 2768 1930 2819 ab
1953 2768 2239 2823 haareticis
2263 2773 2458 2836 potius
2477 2780 2614 2826 sunt
2643 2768 2906 2841 adjecta).
2934 2783 3168 2835 Notavit
3190 2785 3299 2837 hoc
3324 2768 3458 2841 ante

1856 2851 1963 2919 nos
1988 2843 2329 2919 Ambrosius
2356 2846 2699 2919 Catharlnus
2725 2849 2944 2903 Politus
2966 2854 3230 2919 Compsa:
3245 2859 3459 2912 archie-

1854 2916 2145 2986 piscopus,
2188 2916 2487 2969 catholicae
2517 2918 2810 2983 religionis
2833 2916 3127 2986 assertor;
3140 2930 3363 2982 notavit
3396 2935 3457 2984 et

1856 2984 2054 3035 Sixtus
2081 2986 2352 3038 Senensis
2381 2995 2585 3052 quarto
2618 2995 2676 3042 et
2698 3000 2860 3044 sexto
2885 2984 3256 3052 Bibliotheca
3274 3010 3458 3053 sanctae

147 3062 525 3129 descendere,
544 3069 601 3146 et
620 3065 775 3153 quod
791 3066 850 3116 in
872 3066 1027 3117 ludis
1049 3068 1223 3153 puelli
1246 3069 1480 3153 faciunt,
1502 3073 1758 3152 litterariis
1783 3142 1787 3153 Α

1865 3055 2178 3109 volumine:
2209 3063 2451 3142 uterque
2466 3074 2686 3114 errores
2706 3064 3025 3153 Pelagiana
3043 3072 3350 3136 haereseos,
3364 3076 3458 3135 qui

143 3135 397 3198 apicuhs
437 3136 796 3187 nosciwndis
836 3130 1067 3199 Operam
1109 3139 1279 3199 dare;
1313 3140 1415 3191 sed
1444 3130 1499 3192 ει
1534 3143 1574 3192 ﬁ
1607 3145 1757 3194 sicut
1781 3130 1830 3205 ρ
1859 3131 2012 3205 eo_in
2035 3141 2203 3205 opere
2225 3130 2623 3198 inveniuntur,
2637 3134 3068 3199 redarguentes.
3088 3142 3455 3202 Siquisaulem

144 3205 403 3269 proximi
427 3208 768 3271 superiores,
787 3207 1010 3272 indigni
1038 3214 1176 3260 sunt
1190 3211 1492 3273 judicandi
1516 3214 1613 3276 qui
1639 3218 1759 3263 Hie-

145 3288 401 3340 ronymo
429 3279 771 3330 tribuantur.
797 3280 1038 3340 Quando
1055 3281 1208 3331 enim
1236 3282 1316 3332 sic
1342 3282 1547 3346 ineptit
1571 3286 1760 3337 Hiero-

142 3361 386 3413 nymus,
401 3354 465 3401 ut
477 3351 568 3400 hic
584 3352 883 3414 interpres,
899 3352 1225 3415 quisquisis
1241 3354 1477 3404 demum
1488 3357 1608 3414 fuit;
1632 3359 1754 3417 quin

146 3420 228 3471 sic
244 3421 588 3486 balbutit,ut
598 3421 690 3472 hic
707 3421 1176 3486 frequentissime
1190 3426 1534 3476 solaacissat'!
1546 3429 1761 3476 Tamesti

148 3491 217 3550 is,
244 3493 349 3556 qui
374 3492 637 3544 Glossam
663 3496 746 3555 (ut
769 3496 996 3558 vocant)
1016 3496 1757 3560 ordinariamconsarcinavit,

148 3564 493 3628 Hieronymi
525 3565 692 3615 titulo
716 3565 998 3617 nonnulla
1021 3568 1160 3618 citat
1183 3580 1316 3630 quae
1339 3570 1682 3621 nominatim
1699 3572 1761 3622 in

148 3634 218 3685 iis
243 3636 687 3687 Commentariis
725 3641 1174 3700 comperiuntur.
1200 3643 1275 3689 At
1292 3640 1398 3691 hoc
1420 3643 1759 3705 neutiquam

149 3707 291 3757 satis
322 3708 653 3771 probaverit
680 3709 1015 3772 Hieronymi
1041 3709 1429 3761 StridonenSis
1454 3726 1583 3763 esse
1606 3715 1759 3776 quod

150 3777 373 3829 scilicet
415 3784 553 3830 sunt
579 3780 732 3829 illius
765 3782 999 3831 nomine
1024 3782 1215 3831 citata.
1243 3783 1437 3845 Neque
1467 3787 1621 3834 enim
1650 3785 1759 3837 hoc

148 3850 365 3910 agebat
387 3848 707 3913 glossarius
737 3851 846 3900 iste
870 3851 987 3901 sive
1012 3851 1285 3903 Rabanus
1311 3852 1439 3916 fuit,
1463 3856 1587 3906 sive
1612 3856 1761 3908 allus

148 3920 463 3984 quispiam,
492 3926 555 3973 ut
579 3921 747 3984 cujus
771 3926 968 3971 essent
991 3922 1320 3988 inquireret,
1356 3932 1453 3974 sed
1481 3938 1582 3989 pro
1614 3932 1760 3979 tem-

148 4002 281 4053 pore
323 3994 481 4054 quod
526 3991 599 4042 ad
636 4004 760 4043 rem
798 4004 964 4042 suam
1009 3994 1267 4055 faciebat,
1314 3995 1372 4044 id
1396 4000 1756 4061 excerpebat.

151 4062 313 4112 Dicet
351 4063 442 4112 hic
465 4063 673 4125 aliquis
700 4079 710 4110 :
735 4063 881 4123 Quid
914 4063 1092 4127 igitur
1114 4064 1205 4113 hic
1229 4077 1375 4128 opus
1398 4073 1520 4118 erat
1541 4070 1764 4127 adulte-

150 4133 273 4183 rina
312 4133 586 4196 legitimis
616 4147 745 4184 cum
782 4135 1210 4185 excuderentur
1232 4135 1589 4191 admiscere?
1612 4145 1761 4198 Huic

150 4204 651 4267 respondebimus,
684 4205 837 4268 quod
881 4206 1056 4256 etiam
1081 4206 1139 4255 in
1162 4205 1289 4257 aliis
1318 4210 1761 4271 praefationibus

149 4280 285 4326 ante
311 4276 585 4339 diximus,
610 4289 719 4327 nos
744 4276 1008 4327 videlicet
1021 4289 1138 4328 non
1155 4278 1341 4330 doctis
1364 4284 1554 4347 modo,
1575 4288 1675 4338 sed
1704 4295 1761 4341 et

149 4344 402 4398 indoctis
417 4348 670 4399 voluisse
684 4360 900 4398 morem
924 4361 1136 4423 gerere.
1155 4350 1211 4400 Si
1227 4344 1681 4423 Commentarios
1702 4363 1757 4409 in

155 4418 408 4469 Marcum
452 4419 870 4494 amisissemus,
908 4426 1007 4470 aut
1031 4422 1091 4494 in
1116 4423 1354 4474 Paulum
1376 4420 1497 4477 non
1521 4441 1753 4494 appres-

154 4488 456 4552 sissemus,
472 4502 616 4554 quas
633 4492 827 4542 statim
839 4491 1091 4555 imperiti
1112 4495 1427 4559 tragoedias
1438 4488 1751 4556 excitassent.

157 4560 226 4632 lit
244 4560 464 4612 habent
479 4561 578 4624 qui
603 4566 743 4612 sunt
763 4563 916 4625 apud
937 4564 1256 4616 Hesiodum
1268 4567 1339 4617 de
1356 4571 1538 4632 primo
1553 4587 1758 4629 secun.

154 4628 299 4707 dove
322 4632 627 4707 hominum
651 4646 878 4707 genere,
892 4635 1046 4697 quod
1069 4641 1172 4686 aut
1194 4636 1275 4687 illi
1299 4628 1397 4702 per
1413 4643 1635 4707 seipsos
1652 4658 1753 4705 aut

155 4700 191 4788 ii
216 4704 545 4788 praemonui
566 4716 699 4754 cum
708 4704 924 4786 judicio
950 4709 1168 4788 legant;
1184 4712 1241 4788 et
1260 4700 1376 4761 non
1397 4700 1559 4767 deest
1576 4700 1753 4788 stup—i:

158 4773 244 4824 dis
271 4776 385 4855 illis
412 4776 559 4855 tertii
586 4777 829 4855 generis,
855 4781 1005 4841 apud
1033 4779 1303 4855 eumdem
1338 4790 1563 4846 poetam
1594 4773 1751 4855 quod

155 4848 599 4927 amplectantur,
610 4861 682 4927 ne
708 4848 925 4927 scilicet
940 4863 1056 4902 non
1074 4852 1453 4927 sitparcemiae
1475 4848 1656 4927 locus,
1677 4868 1748 4917 si-

156 4917 322 4995 miles
347 4919 564 4971 habent
586 4919 745 5001 labra
768 4922 1039 5001 lactucas.
1067 4926 1408 5001 Quanquam
1432 4929 1493 4981 in
1518 4933 1588 4985 iis
1612 4917 1753 5001 ipsis

156 4986 216 5062 in
237 4990 495 5041 Marcum
515 4996 573 5042 et
588 4992 825 5043 Paulum
841 4986 1279 5049 Commentariis
1304 5002 1572 5062 quaedam
1589 4986 1754 5062 inve:

161 5059 277 5111 nire
310 5061 460 5138 licet,
490 5075 622 5125 quae
656 5063 839 5138 doctis
862 5067 1036 5138 etiam
1067 5069 1287 5130 placere
1312 5059 1558 5138 possint,
1584 5059 1755 5132 nimi-

158 5142 285 5203 rum
307 5146 382 5185 ex
395 5135 728 5197 Hieronymi
747 5148 900 5199 penu
912 5137 1255 5203 deprumpta
1273 5156 1307 5192 a
1330 5135 1591 5200 studioso
1608 5154 1754 5202 vide-

160 5199 289 5282 licet
328 5204 540 5271 aliquo,
574 5207 831 5282 quicum
868 5199 1247 5272 percurrisset
1270 5199 1752 5282 Hieronymianas

156 5271 598 5341 lucubrationes,
616 5280 675 5328 in
691 5278 781 5329 his
802 5282 983 5330 multa
995 5282 1324 5346 sublegerit,
1340 5292 1405 5337 ut
1420 5271 1626 5343 deinde
1643 5271 1754 5345 suis

158 5346 514 5427 admisceret,
530 5363 645 5413 quo
663 5352 853 5427 verius
868 5352 968 5427 huj
978 5367 1048 5404 us
1064 5354 1175 5405 fuci
1200 5359 1399 5411 merito
1416 5366 1754 5427 Hieronymus

160 5417 335 5500 videri
357 5427 569 5500 posset.
585 5424 754 5500 Quod
765 5426 1038 5500 studium
1050 5428 1195 5500 ‘olim
1221 5429 1324 5480 fuit
1349 5417 1666 5500 monachis,
1682 5417 1751 5491 iis

160 5492 405 5570 maxime
419 5494 515 5570 qui
539 5493 608 5570 de
622 5494 836 5570 familia
853 5503 991 5570 sunt
1007 5496 1123 5570 divi
1148 5500 1455 5563 Benedicti,
1470 5519 1603 5557 nam
1616 5492 1750 5570 apud

160 5559 283 5626 hos,
313 5568 379 5615 ut
401 5564 706 5629 religionis,
731 5566 814 5617 sic
833 5568 1005 5619 etiam
1020 5568 1341 5623 litterarum
1360 5559 1577 5628 multos
1590 5559 1752 5630 annos

222 5731 288 5807 (ᾳ)
320 5734 435 5807 Nec
460 5737 654 5807 tamen
675 5735 736 5787 in
760 5736 1109 5789 sententiam
1131 5740 1751 5807 Ambroslipmceptoris

165 5802 600 5869 sui,quiPelagii
618 5805 803 5870 ipsius
826 5818 957 5859 esse
978 5808 1153 5861 hosce
1175 5802 1618 5867 commentarios
1630 5822 1751 5873 sta-

1863 3199 2009 3275 scire
2032 3199 2562 3275 hocconcupiscat
2607 3206 2697 3269 (a),
2728 3207 2948 3270 liquido
2985 3223 3059 3261 ex
3096 3199 3455 3275 expositione

1860 3271 2048 3334 quinti
2071 3273 2144 3322 ad
2164 3274 2455 3350 somnus
2479 3278 2683 3340 capitis
2709 3279 2982 3346 inveniet,
3002 3282 3099 3333 ubi
3122 3271 3327 3336 Adami
3337 3299 3461 3350 pec-

1860 3348 2053 3417 catum
2079 3356 2137 3417 in
2161 3345 2482 3417 humanum
2506 3360 2710 3411 genus,
2726 3362 2841 3402 non
2858 3356 3266 3417 propagatione
3283 3345 3460 3408 ettra-

1860 3412 2024 3470 duce,
2041 3414 2143 3465 sed
2154 3416 2416 3481 exemplo
2443 3422 2667 3469 tantum
2688 3425 2745 3471 et
2758 3412 3075 3475 imitatione
3091 3428 3461 3479 dilfundiasse-

1859 3484 1962 3547 rit;
1987 3498 2054 3558 ac
2078 3486 2277 3537 siillud
2293 3501 2408 3538 non
2432 3492 2793 3556 contrahant,
2814 3494 2925 3544 nisi
2951 3498 3051 3558 qui
3077 3501 3247 3548 aetate
3262 3500 3460 3553 adulta

1859 3558 1915 3637 et
1940 3555 2013 3637 ad
2035 3561 2472 3637 peccatumjam
2495 3566 2643 3625 apta,
2658 3555 2844 3637 Adam
2870 3555 3457 3622 sceleribusimitentur

1858 3626 2019 3707 Quod
2041 3627 2233 3691 ipsum
2255 3631 2313 3680 in
2328 3626 3056 3707 interpretationeseplimi
3080 3642 3457 3707 capitisliqui-

1859 3698 1988 3748 dius
2010 3705 2261 3762 apparet.
2288 3704 2571 3768 Enarrans
2592 3706 2744 3756 enim
2768 3698 2913 3758 illud
2931 3709 3046 3758 sine
3070 3698 3456 3775 lengcccafum

1859 3775 1972 3817 erat
1989 3776 2286 3835 mortuum,
2312 3776 2393 3823 ita
2418 3775 2643 3826 scribit:
2667 3793 2689 3822 «
2716 3779 2858 3828 Item
2877 3784 2923 3828 si
2938 3792 3069 3830 cum
3093 3779 3316 3835 lexnon
3332 3794 3461 3837 esset

1862 3847 2160 3903 peccatum
2176 3848 2470 3895 mortuum
2495 3851 2604 3922 est,
2635 3848 2936 3901 insaniunt
2959 3853 3055 3913 qui
3073 3852 3144 3904 de
3161 3858 3342 3907 Adam
3362 3872 3460 3922 per

1861 3913 2159 3962 traducem
2193 3920 2463 3990 asserunt
2486 3917 2560 3968 ad
2584 3931 2689 3969 nos
2714 3922 2907 3971 venire
2927 3929 3296 3985 peccatum.»
3319 3913 3458 3990 Quae

1861 3984 2051 4044 Opinio
2077 3995 2251 4045 quam
2274 3986 2452 4049 impia
2467 3994 2522 4037 et
2534 3990 2807 4041 haeretica
2822 3992 2917 4051 sit,
2930 3984 3081 4041 nemo
3093 3984 3455 4048 catholicorum

1857 4052 2100 4131 ignorat.
2128 4056 2246 4131 lego
2272 4057 2410 4131 quid
2447 4057 2519 4109 de
2544 4071 2733 4131 operis
2761 4068 2995 4114 auctore
3020 4069 3293 4131 statuam,
3319 4072 3459 4123 certi

1859 4123 2042 4175 habeo
2086 4125 2246 4198 nihil,
2293 4129 2407 4178 nisi
2446 4130 2599 4192 quod
2630 4133 2964 4198 Hieromyni
3008 4134 3149 4188 illud
3186 4123 3304 4191 non
3327 4154 3457 4194 esse

1858 4197 2387 4260 compertissimum
2402 4204 2509 4251 est.
2525 4203 2627 4253 Edi
2652 4208 2845 4256 tamw
2869 4197 3204 4260 Curavimus
3225 4224 3291 4262 eo
3306 4217 3456 4264 modo

1858 4280 1973 4346 quo
1994 4274 2138 4346 ante
2152 4271 2303 4346 typis
2328 4273 2666 4346 mandatum
2691 4276 3214 4345 circumferebatur,
3243 4298 3312 4335 ne
3328 4290 3456 4346 quid

1860 4340 2031 4402 priori
2051 4340 2300 4393 editione
2321 4344 2568 4408 deesset,
2578 4346 2737 4398 nulla
2761 4349 2994 4411 quidem
3007 4340 3228 4413 syllaba
3242 4366 3277 4405 a
3288 4340 3455 4409 nobis

1856 4416 2112 4469 auctum,
2138 4414 2485 4467 diminutum
2503 4424 2604 4469 aut
2626 4422 2996 4472 immutatum
3023 4437 3034 4471 :
3061 4424 3343 4479 lectorum
3365 4441 3457 4481 ar-

1778 4492 1835 4566 D
1856 4484 2026 4566 bitrio
2050 4485 2189 4547 quid
2212 4485 2284 4537 de
2306 4487 2402 4538 illo
2418 4489 2748 4543 existimare
2772 4492 2951 4544 velint
2960 4495 3195 4558 penitus
3211 4498 3456 4554 derelin-

1857 4559 2114 4617 quentes.
2137 4572 2168 4604 »

1917 4650 2072 4707 1673.
2108 4654 2358 4734 Parisiis,
2376 4656 2561 4711 in-fol.
2578 4662 2769 4725 Hujus
2793 4662 2901 4716 loci
2918 4670 2977 4717 et
2997 4667 3134 4718 anni
3158 4668 3315 4721 nulla
3326 4671 3450 4734 qui-

1849 4723 2195 4804 demexstat
2223 4723 2782 4804 Commentariorum
2799 4723 3453 4804 horumimpressioised

1850 4795 2004 4858 quod
2016 4795 2183 4861 longe
2199 4799 2378 4862 pluris
2396 4801 2546 4854 valet
2560 4804 2620 4855 in
2642 4806 2958 4859 editionum
2970 4795 3168 4863 eorum
3179 4795 3454 4865 annalibus

1848 4867 2087 4950 Ioannis
2112 4870 2362 4950 Carnerii
2386 4886 2459 4950 ex
2485 4887 2601 4925 soc.
2625 4877 2783 4950 J‘esu,
2811 4879 3124 4932 Dissertatio
3140 4883 3203 4932 de
3228 4884 3457 4950 Scriptis

1853 4938 2081 5013 Pelagii,
2106 4952 2238 5003 qua:
2261 4943 2437 4994 efﬁcit
2459 4953 2621 5009 caput
2640 4945 2672 4999 2
2694 4950 2736 4996 Α
2741 4938 3024 5013 ρρεηάίοἱε
3037 4956 3111 5003 ad
3122 4938 3455 5007 disserlaiio-

1850 5024 1973 5091 nem
1998 5010 2332 5091 6de‘scriptis
2353 5014 2420 5062 ab
2443 5016 2679 5091 hosticus
2691 5010 2819 5080 ﬁdei
2829 5037 2932 5085 pro
2957 5025 3143 5074 haeresi
3154 5027 3454 5091 Pelagiana

1851 5082 2053 5160 vive-nte
2081 5085 2119 5132 A
2136 5086 2405 5149 uguslino,
2428 5092 2498 5160 et
2509 5088 2755 5160 habetur
2777 5082 2907 5144 cum
2922 5096 3201 5160 ()peribus
3226 5082 3303 5149 ΜῘ
3318 5101 3452 5151 Mer-

1852 5155 2061 5205 catoris
2089 5162 2230 5220 part.
2258 5169 2299 5219 1,
2324 5171 2375 5221 p.
2413 5156 2516 5212 367
2542 5173 2628 5224 sq.
2657 5164 2721 5213 In
2744 5175 2811 5214 ea
2839 5155 3108 5218 vero—non
3138 5170 3328 5220 solum
3358 5183 3447 5223 ar-

1850 5230 2145 5290 gumentis
2170 5229 2595 5284 invincibilibus
2612 5234 3046 5299 demonstravit,
3065 5253 3193 5289 esse
3212 5243 3345 5289 hanc
3371 5246 3452 5292 in-

1853 5300 2311 5378 terpretationem
2337 5313 2465 5378 eam
2485 5304 2667 5369 ipsam
2682 5320 2812 5370 quae
2832 5311 3176 5372 Augustino,
3196 5313 3445 5378 Hierony-

1852 5382 1949 5446 mo
1981 5375 2049 5446 et
2085 5374 2377 5446 .Vlercatori
2406 5376 2555 5428 lecta
2585 5383 2643 5429 et
2677 5392 2712 5430 a
2734 5381 3073 5433 Cassiodoro
3101 5374 3451 5446 interpolata

1851 5439 2038 5514 fuerit,
2066 5442 2165 5492 sed
2190 5444 2361 5494 etiam
2387 5451 2451 5496 ut
2474 5453 2988 5514 pateretquantum
3013 5439 3347 5507 mutationis
3373 5458 3448 5510 fe-

1850 5510 2044 5590 cisset.
2064 5514 2456 5590 Cassiodorus,
2482 5510 2802 5585 παραλλήὶῖως
2826 5534 2893 5574 ea
2916 5536 3045 5587 quaa
3088 5525 3146 5574 in
3190 5525 3449 5590 vulgatis

1851 5581 2142 5633 codicibus
2170 5583 2474 5650 habentur,
2495 5581 2831 5645 Cassiodoro
2854 5581 3219 5647 emendatore
3242 5581 3446 5661 etquae

1851 5750 2486 5834 aderat,‘co‘nceder_ense
2497 5756 2783 5834 signiﬁcat
2805 5762 3021 5816 Sixtus.
3036 5764 3114 5814 Cf.
3138 5766 3181 5816 Ι.
3207 5776 3291 5831 1v,
3310 5780 3442 5834 pag.

1849 5819 1973 5886 309,
2003 5821 2094 5874 ed.
2126 5818 2320 5872 Colon.
2347 5821 2506 5891 1626,
2528 5818 2689 5881 iii-4a
