3866 6206
437 250 579 306 1159

435 433 1039 563 Ορῗῠρδεὶῃὲναηοοΐανιὶ
1081 505 1126 549 et
1163 500 1375 565 Lipsiae.
1420 499 1603 552 in—fol.
1629 502 2034 555 Commentarii

432 574 494 623 iu
517 571 801 635 Epistolas
827 572 941 622 divi
976 571 1131 623 Pauli
1158 586 1171 635 ;
1196 572 1255 622 in
1297 575 1453 623 tomo
1477 572 1557 622 IX
1589 573 1729 638 Opp.
1765 575 2038 638 Hierony-

433 644 530 705 mi,
556 655 724 707 pagg.
752 641 1002 696 213-321.

493 712 649 767 1699.
690 712 941 772 Parisiis,
973 712 1161 764 in-fol.
1206 714 1609 766 Commentarii
1647 714 1709 766 in
1746 714 2034 779 Epistolas

430 784 549 837 divi
594 783 783 845 Pauli;
810 787 869 833 in
906 787 1061 834 tomo
1087 784 1130 834 V
1159 784 1302 849 Opp.
1327 785 1661 849 Hieromyni
1684 786 1773 837 ed.
1814 787 2037 837 Martia-

432 861 565 925 neei,
589 874 760 925 pagg.
783 859 1077 915 925-1106.

492 932 648 986 1700.
677 933 988 996 Antuerpiz
1024 932 1175 995 apud
1210 933 1352 984 Petr.
1378 933 1617 984 Mortier.
1653 932 1840 985 in-fol.
1872 935 2033 986 Pela-

431 1003 511 1067 gii
534 1003 794 1054 Britanni
818 1004 1223 1054 Commentarii
1256 1004 1317 1054 in
1340 1002 1626 1067 Epistolas
1659 1005 1843 1056 sancti
1870 1005 2031 1056 Pauli

429 1074 703 1139 apostoli;
748 1075 807 1125 in
848 1075 1155 1140 Appendice
1186 1075 1554 1137 Augustiana,
1583 1088 1686 1127 seu
1720 1078 1897 1127 Tomo
1928 1078 2031 1128 XII

429 1146 516 1197 ed.
531 1146 970 1210 Autnerpiensis
986 1148 1236 1209 Operum
1251 1146 1565 1210 Augustini
1587 1160 1750 1210 pagg.
1769 1147 2025 1201 317-458.

432 1220 723 1279 Quantum
747 1218 1055 1269 Garnerius
1073 1217 1291 1281 judicia
1316 1219 1386 1268 de
1409 1218 1519 1269 hoc
1544 1231 1713 1282 opere
1724 1232 2031 1282 promove-

430 1291 523 1353 rit,
540 1291 661 1353 jam
685 1302 759 1341 ex
784 1288 951 1341 titulo
972 1301 1101 1340 sese
1126 1288 1330 1353 prodit.
1364 1289 1474 1340 Sed
1495 1294 1553 1340 et
1567 1289 1759 1353 ipsum
1782 1293 2027 1339 Clericum

430 1360 727 1413 audivisse
776 1360 1023 1424 juvabit.
1074 1361 1091 1394 ί
1146 1360 1596 1411 Commentarios
1641 1364 1697 1410 in
1744 1361 2029 1424 Epistolas

431 1432 607 1497 Pauli,
634 1433 838 1495 inquit,
869 1431 1075 1495 Pelagii
1099 1444 1229 1482 esse
1251 1430 1473 1481 dudum
1508 1430 1645 1483 viris
1678 1430 1863 1482 doctis
1888 1434 2027 1482 sub-

429 1502 667 1567 oluerat,
693 1515 930 1567 remque
953 1504 1320 1554 manifestam
1346 1502 1479 1553 fecit
1501 1502 1828 1553 Garnerius.
1869 1502 2027 1554 Idem

428 1574 599 1627 etiam
624 1575 879 1638 ,liquebit
911 1589 979 1623 ea:
1015 1573 1213 1624 notulis
1238 1574 1408 1622 variis
1424 1573 1549 1621 locis
1565 1589 1600 1621 a
1621 1573 1773 1622 nobis
1784 1573 2024 1637 subjectis

426 1646 488 1697 in
511 1648 722 1710 quibus
750 1646 1055 1710 Pelagiana
1082 1646 1484 1709 dogmatatam
1501 1645 1719 1707 liquido
1738 1650 2027 1696 notamus.

430 1723 491 1770 ut
513 1731 606 1769 res
630 1718 805 1770 dubia
830 1718 1050 1769 nemini
1073 1730 1200 1769 esse
1224 1717 1427 1781 possit,
1455 1716 1569 1766 nisi
1591 1717 1798 1767 barum
1835 1729 2028 1768 rerum

426 1789 591 1855 plane
613 1791 897 1855 imperito.
924 1789 1089 1841 Plura
1108 1790 1284 1840 etiam
1308 1792 1619 1839 occurrunt
1640 1787 1851 1838 indicia
1874 1789 2032 1839 Pela-

426 1862 694 1926 gianismi
721 1863 810 1921 iis,
834 1863 933 1926 qui
950 1861 1127 1912 hosce
1142 1859 1598 1912 Commentarios
1609 1858 2034 1923 diligentiusle-

426 1939 587 1997 gent.
614 1933 734 1984 Nisi
760 1937 1050 1984 constaret
1072 1945 1172 1995 per
1187 1933 1405 1995 aliquot
1420 1935 1624 1982 aetates
1649 1943 1766 1981 non
1784 1932 1924 1982 satis
1944 1930 2033 1981 in-

427 2004 713 2055 tellectam
736 2003 1116 2072 fuissesancti
1132 2002 1445 2066 Augustini
1457 2002 1702 2065 ejusque
1720 2003 2033 2053 adversario-

426 2088 554 2127 rum
577 2071 1026 2136 doctrinam,ita
1050 2080 1114 2125 ut
1135 2074 1306 2125 multi
1329 2085 1391 2124 se
1415 2071 1876 2137 Augustinianos
1902 2084 2030 2124 esse

425 2146 727 2198 crederent
750 2147 850 2210 qui
873 2145 1084 2211 Pelagii
1109 2145 1457 2196 sententiam
1481 2144 1898 2207 sequebantur;
1924 2143 2033 2193 mi-
2094 2202 2097 2209 ε

424 2230 554 2269 rum
577 2222 732 2269 esset
756 2231 855 2269 eos
877 2219 977 2280 qui
1000 2217 1217 2281 saepius
1234 2215 1645 2279 interpolarent
1666 2214 1840 2265 hosce
1866 2216 2032 2265 Com-

426 2290 755 2351 mentarios,
784 2288 908 2339 loca
931 2287 1046 2351 illa,
1072 2289 1284 2351 quibus
1309 2287 1520 2350 Pelagii
1551 2286 1813 2337 doctrina
1844 2285 2031 2335 mani-

425 2360 572 2411 festa
593 2359 858 2420 habetur,
872 2371 990 2409 non
1006 2360 1382 2421 expunxisse.
1404 2360 1515 2408 Sed
1533 2356 1701 2407 multi
1716 2356 1859 2407 adeo
1878 2360 2029 2405 rudes

421 2429 747 2492 fuerunt,ut
764 2431 1032 2479 sanctum
1043 2429 1439 2491 Augustinum
1452 2427 1686 2489 quidem
1705 2430 2026 2489 l’elagianum

420 2501 693 2564 facerent,
720 2504 778 2551 et
801 2499 1091 2563 Pelagium
1115 2499 1372 2551 vicissim
1395 2498 1907 2561 Augustinianum,
1931 2512 2026 2550 ea-

423 2584 535 2636 que
556 2572 841 2635 imperitia
851 2570 1067 2622 factum
1080 2575 1170 2621 est
1183 2574 1246 2621 ut
1259 2569 1711 2634 Pelagianismus
1729 2572 2025 2618 manifestus

423 2648 809 2695 correctorum
832 2653 1045 2694 manus
1067 2642 1163 2693 hic
1179 2642 1461 2705 elrugerit.
1476 2641 1775 2692 Edidimus
1789 2644 1883 2690 hoc
1897 2657 2024 2702 opus

422 2727 495 2766 ex
517 2714 894 2766 Frobenianis
908 2714 1130 2765 Erasmi
1155 2712 1523 2776 editionibus,
1537 2712 1825 2763 duntaxat
1839 2712 2019 2764 mani-

423 2786 589 2848 festa,
637 2798 770 2850 quae
806 2790 1222 2849 remanserant,
1264 2783 1625 2836 sustulimus.
1665 2784 2021 2848 Optabamus

423 2859 591 2909 nobis
615 2871 743 2911 esse
760 2859 983 2922 copiam
997 2869 1103 2908 ms.
1118 2858 1207 2921 cuj
1218 2857 1441 2920 uspiam
1451 2856 1687 2918 codicis,
1704 2856 1758 2907 lii
1769 2859 1820 2904 in
1835 2871 1935 2916 quo
1948 2871 2020 2904 es-

427 2935 555 2982 sent
578 2930 639 2980 hi
661 2929 1097 2992 Commentarii;
1131 2928 1452 2993 praesertim
1464 2928 1599 2990 quia
1623 2930 1817 2978 textus
1840 2928 1936 2991 qui
1962 2930 2018 2978 in

422 3002 494 3053 iis
516 3001 841 3053 illustratur
855 3014 973 3052 non
986 3007 1074 3051 est
1089 3000 1330 3063 antiqua
1340 2999 1436 3050 illa
1460 2999 1649 3051 versio
1678 3000 1874 3050 Latina
1886 3012 2017 3062 quae

1676 249 2026 303 PELAGIUS
2053 250 2489 304 BRITANNUS.

434 359 697 436 Pelagius
731 359 1055 425 scripserat,
1097 359 1342 412 relatore
1392 358 1567 411 Mario
1598 363 1656 411 et
1682 362 2032 426 Augustino,
2063 366 2115 436 A

3628 250 3760 306 1160

2138 374 2274 414 men
2296 375 2558 414 seorsum
2574 361 2729 414 edita
2750 366 2841 414 est
2863 366 2921 414 et
2940 362 3233 427 singulari
3247 361 3507 414 consilio
3522 361 3761 415 illustra-

2136 437 2213 485 ta.
2254 433 2361 486 Sed
2396 439 2461 487 ut
2490 434 2758 485 omnibus
2796 434 2935 485 ordo
2966 447 3115 486 suus
3151 438 3414 497 constet,
3439 438 3759 498 temporum

2137 505 2299 556 serici
2316 505 2474 557 ethic
2492 506 2742 570 potiores
2758 505 3179 569 descriptiones
3202 507 3539 569 astringere
3554 505 3753 569 placet.

2200 576 2354 630 1467.
2393 578 2609 642 [Romen
2654 576 2808 639 apud
2851 576 3039 629 Udalr.
3073 577 3357 641 Gallum},
3398 576 3593 627 in-fol.
3634 580 3758 641 Epi-

2138 646 2285 698 stola
2307 647 2381 698 ad
2404 646 2823 699 Demetriadem
2851 649 2959 698 sub
2988 648 3231 699 nomine
3264 649 3616 709 Hieronymi
3645 649 3757 699 ins-

2136 716 2317 780 cripta
2332 716 2403 769 de
2419 717 2761 779 Virginitate
2772 722 2829 769 et
2848 717 2965 769 vita
2984 718 3267 781 perfecta;
3293 719 3457 769 inter
3476 719 3754 782 Epistolas

2135 788 2468 852 Hieronymi
2484 788 2667 839 editas
2690 789 2807 837 sine
2829 788 2939 838 loco
2960 794 3008 838 et
3031 805 3205 848 anno,
3229 796 3403 854 parte
3425 800 3519 849 111,
3548 790 3757 843 tract.5.

2134 859 2233 922 qui
2262 859 2597 910 inscribitur
2618 860 2681 908 de
2704 859 2859 909 Statu
2875 860 3221 909 continentiae
3242 860 3555 925 virginalis
3571 866 3627 911 et
3648 863 3755 925 pri-

2134 942 2230 982 mo
2257 930 2318 978 de
2345 930 2655 993 Virginibus
2679 931 2784 979 Deo
2796 931 3008 990 dicatis,
3035 933 3133 996 Ep.
3161 931 3251 986 60.

2197 1002 2475 1052 Praecedit
2497 1001 2677 1064 ipsius
2700 1002 3037 1065 Hieronymi
3074 1002 3148 1053 ad
3174 1003 3457 1054 eamdem
3484 1002 3757 1067 virginem

2134 1070 2396 1136 epistola,
2445 1084 2579 1135 quin
2609 1072 2795 1136 prima
2820 1073 3049 1135 dicitur,
3072 1075 3476 1137 proximeque
3504 1075 3757 1137 sequitur

2133 1144 2375 1207 epistola
2409 1144 2483 1192 ad
2517 1144 2806 1193 Julianam
2831 1145 3190 1193 Demetriadis
3222 1151 3494 1197 matrem.
3528 1145 3754 1196 Praeﬂxa

2132 1218 2327 1265 autem
2353 1217 2491 1265 sunt
2524 1214 2641 1265 duo
2662 1220 3025 1277 argumenta,
3050 1229 3238 1267 unum
3264 1217 3421 1267 satis
3452 1215 3754 1279 prolixum,

2132 1287 2285 1349 quod
2304 1287 2482 1338 totius
2501 1286 2853 1338 tractationis
2869 1286 2985 1339 vim
2997 1292 3057 1338 et
3071 1290 3383 1339 materiam
3399 1293 3545 1352 apte
3560 1291 3616 1339 et
3626 1300 3754 1339 enu-

2131 1357 2315 1409 cleate
2340 1358 2530 1417 tradit,
2554 1356 2795 1410 alterum
2820 1358 3055 1409 brevius
3070 1358 3141 1409 de
3165 1363 3436 1419 auctore,
3449 1361 3593 1419 quod
3616 1365 3751 1407 totum

2131 1428 2247 1479 huc
2292 1429 2671 1481 transcribere
2710 1433 2891 1480 vacat.
2934 1428 3081 1478 Nota
3118 1429 3268 1493 quod
3294 1445 3332 1478 α
3356 1429 3645 1493 plerisque
3677 1430 3753 1478 hec

2126 1500 2351 1562 epistola
2375 1500 2577 1549 dicitur
2611 1515 2725 1548 non
2748 1515 2851 1548 esse
2876 1499 3205 1564 Hieronymi
3230 1517 3248 1560 ;
3273 1501 3374 1549 sed
3390 1500 3646 1550 alicuius
3667 1502 3748 1549 Pe-

2128 1569 2432 1635 lagianiste,
2470 1586 2527 1620 eo
2561 1569 2707 1635 quod
2750 1571 2917 1619 nimis
2963 1570 3168 1620 bonum
3212 1578 3423 1620 nature
3463 1578 3514 1620 el
3540 1572 3751 1620 liberum

2128 1641 2396 1704 praedicet
2434 1641 2746 1692 arbitrium.
2780 1642 2926 1691 Beda
2947 1641 3207 1706 presbiter
3229 1657 3357 1691 eam
3377 1642 3520 1691 dicit
3541 1658 3647 1691 esse
3668 1643 3749 1691 lu-

2060 1712 2273 1801 Blianj
2316 1713 2431 1761 eius
2466 1713 2703 1801 haeresis
2736 1714 3008 1801 sectatoris
3042 1714 3114 1801 in,
3144 1712 3281 1763 libro
3324 1714 3392 1801 dic
3435 1714 3746 1801 gratia.

2131 1789 2322 1833 contra
2341 1784 2570 1833 eundem
2593 1783 2894 1833 lulianum.
2919 1783 3033 1834 Nos
3054 1783 3317 1848 pleraque
3345 1786 3528 1833 huius
3555 1785 3750 1848 epistole

2130 1855 2195 1904 ab
2208 1856 2513 1918 Augustino
2536 1856 2795 1907 nouimus
2810 1870 2915 1904 esse
2936 1857 3266 1919 reprehensa
3284 1860 3572 1921 tanquam
3590 1857 3747 1919 grati:

2129 1927 2228 1975 Dei
2253 1926 2629 1976 aduersantia.
2684 1926 2834 1975 Unde
2870 1927 3184 1989 suspicatur
3214 1926 3378 1975 illam
3402 1942 3439 1975 a
3462 1926 3743 1991 pelagiano

2129 1999 2505 2062 perscriptum,
2530 1998 2666 2046 sicut
2694 1998 2805 2060 ipse
2822 1996 3005 2046 scribit
3025 1998 3087 2045 in
3111 1997 3338 2061 epistola
3364 1999 3444 2047 ad
3472 1999 3740 2048 lulianum

2129 2068 2248 2132 (sic)
2288 2069 2643 2118 Demetriadis
2687 2074 2958 2129 matrem;
3006 2083 3178 2133 quam
3210 2068 3273 2118 ob
3309 2070 3415 2118 hoc
3456 2070 3569 2133 ipsi
3588 2070 3740 2118 libello

2128 2140 2491 2191 subdidimus.
2521 2141 2766 2190 Continet
2785 2146 2901 2189 tum
2926 2141 3105 2189 multa
3128 2140 3416 2190 salutaria
3433 2142 3676 2190 monita:
3701 2148 3739 2189 et

2130 2210 2489 2261 communiter
2516 2211 2613 2261 sub
2648 2212 2871 2261 nomine
2899 2212 3228 2275 Hieronymi
3253 2212 3315 2260 in
3342 2212 3738 2276 exemplaribus

2129 2282 2356 2332 habetur
2398 2283 2622 2344 inserta,
2659 2283 2881 2348 ideoque
2916 2288 2961 2332 et
3006 2298 3105 2332 nos
3143 2283 3303 2331 illam
3341 2283 3738 2347 inscripsimus.

2128 2355 2415 2406 Caterum
2437 2366 2556 2405 non
2577 2355 2706 2407 haec
2731 2355 2858 2418 ipsa
2878 2354 3055 2406 editio
3082 2355 3253 2406 nobis
3269 2360 3501 2418 praesto
3513 2360 3619 2414 est,
3645 2354 3734 2405 sed

2127 2437 2259 2488 quas
2297 2437 2373 2476 ex
2408 2424 2503 2476 illa
2533 2431 2687 2487 certo
2722 2426 2936 2477 certius
2974 2438 3254 2490 expressa
3276 2430 3372 2476 est
3401 2426 3733 2477 Basileensis

2123 2509 2213 2548 an.
2248 2495 2406 2557 1489,
2435 2497 2535 2548 ubi
2570 2501 2711 2560 part.
2749 2502 2807 2549 et
2830 2499 2991 2549 tract.
3019 2498 3061 2548 Ι.
3088 2498 3125 2548 l.
3150 2500 3354 2548 exstat
3378 2497 3483 2548 fol.
3517 2509 3731 2550 0111,1111.

2123 2567 2393 2619 Similiter
2419 2568 2480 2619 in
2520 2568 2767 2621 editione
2798 2569 3266 2632 Norimbergensi
3287 2581 3389 2619 an.
3420 2567 3581 2629 1795,
3606 2581 3733 2632 prae-

2120 2638 2238 2691 ﬁxo
2282 2640 2390 2690 hoc
2434 2640 2685 2691 breviori
2714 2646 3057 2704 argumento
3081 2644 3247 2691 extat
3278 2642 3449 2704 parte
3472 2651 3565 2701 111,
3603 2646 3641 2690 t.
3664 2641 3722 2702 ν,

2122 2723 2209 2774 ep.
2247 2708 2370 2773 188,
2406 2709 2499 2761 fol.
2543 2720 2797 2773 CCLXVI;
2834 2711 2974 2761 item
2999 2710 3060 2761 in
3099 2710 3425 2761 Basileensi
3448 2723 3545 2761 an.
3581 2709 3723 2773 1497,

2120 2786 2279 2845 parte
2304 2793 2391 2841 111,
2422 2783 2488 2831 tr.
2516 2779 2569 2845 5,
2596 2782 2694 2845 qui
2715 2781 2929 2846 pariter
2948 2781 3019 2832 de
3054 2782 3426 2833 continentia
3451 2781 3721 2846 virginali,

2117 2857 2250 2915 etc.,
2274 2852 2628 2911 inscribitur,
2653 2854 2819 2917 epist.
2848 2852 2934 2915 18,
2962 2853 3270 2917 praemisso
3292 2859 3720 2916 utroqueargu—

2118 2928 2348 2987 mento;
2376 2935 2480 2974 nec
2512 2936 2629 2975 non
2649 2922 2851 2974 eodem
2875 2922 3181 2985 planeloco
3203 2928 3265 2975 et
3287 2937 3542 2975 numero
3561 2925 3621 2974 in
3640 2923 3713 2975 ed.

2117 2993 2495 3058 Lugdunensi
2517 3006 2609 3044 an.
2635 2991 2792 3056 1513,
2817 2992 3004 3044 in-fol.
3033 2992 3138 3048 198
3177 2994 3225 3045 b.
3260 3007 3396 3058 sqq.
3427 2995 3549 3058 (qui
3582 2994 3716 3046 folio-

426 3080 678 3137 tempore
704 3074 913 3137 Pelagii
938 3073 1252 3135 obtinebat,
1276 3071 1381 3122 sed
1400 3072 1473 3121 ab
1484 3072 1830 3135 Hieronymo
1845 3086 2018 3119 emen-
2114 3077 2243 3116 rum
2266 3077 2544 3137 numerus
2566 3064 2627 3115 in
2648 3076 2717 3116 ea
2748 3076 2863 3137 non
2886 3064 3212 3137 impressus
3235 3067 3535 3127 cernitur).

421 3135 570 3196 data.
606 3146 732 3197 Non
760 3135 999 3209 poterat,
1014 3143 1385 3206 sineantiquo
1411 3142 1747 3203 codice,hoc
1763 3145 2013 3203 ﬂagitium
2036 3140 2084 3215 ρ
2175 3138 2272 3215 De.
2308 3135 2546 3215 reliquis
2591 3135 2860 3215 Romanis
2896 3135 3249 3215 editionibus
3271 3138 3415 3200 quid
3443 3137 3711 3215 afﬁrmem

416 3217 839 3281 exscriptorum
849 3217 1231 3267 recentiorum
1255 3215 1478 3278 corrigi.
1492 3216 1818 3277 Caeteroqui
1837 3230 2010 3274 quam-

422 3289 505 3343 vis
528 3289 702 3340 hosce
728 3289 1181 3339 Commentarios
1215 3285 1449 3337 laudare
1472 3285 1746 3349 nolimus,
1769 3297 2010 3349 prmser-

420 3361 521 3413 tim
542 3360 591 3411 si
615 3372 748 3411 cum
764 3359 1149 3411 recentiorum
1163 3358 1456 3410 laboribus
1470 3357 1855 3419 conferantur,
1874 3362 2012 3407 atta-

416 3445 553 3484 men
581 3444 697 3483 non
722 3431 1179 3482 contemnendos
1203 3442 1353 3491 esse,
1380 3441 1480 3493 pro
1506 3440 1613 3479 sua
1634 3428 1934 3487 brevitate,
1962 3427 2010 3478 si

420 3503 845 3557 contendantur
868 3515 1002 3554 cum
1030 3502 1156 3553 aliis
1180 3500 1465 3565 ejusmodi
1479 3506 1738 3552 veterum
1765 3500 2011 3564 scriptis,

413 3576 837 3636 existimamus,
860 3586 1038 3636 quare
1064 3572 1237 3624 etiam
1264 3573 1520 3636 integros
1544 3584 1663 3631 eos,
1686 3575 1742 3623 et
1764 3571 2008 3634 qualese

414 3658 589 3697 manu
630 3643 888 3695 auctoris
921 3643 1274 3707 prodierunt,
1299 3644 1372 3694 ad
1397 3656 1506 3695 nos
1531 3656 1717 3706 usque
1738 3655 1857 3695 non
1881 3657 2008 3708 per-

416 3716 645 3768 venisse
664 3714 945 3764 dolemus.
980 3728 1012 3760 »

472 3785 629 3839 1742.
672 3784 902 3842 Veronae,
940 3781 1115 3834 in-fol.
1171 3784 1576 3835 Commentarii
1622 3784 1684 3835 in
1720 3784 2004 3848 Epistolas

410 3857 595 3909 sancti
606 3854 782 3919 Pauli,
796 3856 856 3905 in
878 3860 1034 3906 torno
1062 3855 1157 3905 XI.
1174 3854 1424 3919 Operu‘m
1441 3856 1779 3919 Hieronymi
1806 3860 2000 3905 Domin.

410 3928 692 3992 Vallarsii,
716 3940 883 3992 pagg.
909 3925 1192 3981 835-1069.
1220 3933 1277 3978 et
1298 3927 1431 3978 edit.
1465 3929 1701 3979 Venetas
1729 3926 1887 3993 1772,
1913 3928 2004 3981 in-

408 4000 483 4065 4',
512 4004 548 4052 t.
570 4002 667 4064 X1,
692 4005 837 4064 part.
881 4012 968 4064 111,
1012 4012 1179 4065 pagg.
1218 3998 1466 4053 134—435.
1518 4000 1644 4052 Etsi
1678 4002 1885 4065 Pelagii
1910 4016 2006 4055 no-

406 4084 541 4124 men
561 4084 678 4123 non
700 4072 1009 4136 praeﬁxum
1019 4077 1127 4135 est,
1152 4084 1271 4123 non
1292 4075 1508 4137 negant
1533 4076 1728 4124 tamen
1751 4074 2003 4126 editores

407 4143 616 4207 Pelagii
627 4155 775 4195 esse.
796 4144 945 4206 Quin
957 4156 1075 4195 non
1093 4156 1320 4207 semper
1332 4156 1532 4196 verum
1546 4151 1842 4197 auctorem
1860 4148 2003 4207 igno-

406 4222 596 4268 ratum
630 4216 810 4267 fuisse
840 4227 965 4267 raro
1005 4219 1064 4267 et
1093 4214 1386 4266 luculento
1411 4216 1739 4268 testimonio
1761 4218 2000 4269 Joannis

405 4287 640 4339 Diaconi
664 4300 768 4338 seu
779 4286 1074 4350 Prssbyteri
1094 4287 1486 4346 Mansionarii,
1501 4289 1852 4339 Veronensis
1883 4292 2002 4338 scri-

408 4360 584 4425 ptoris
606 4357 807 4412 saeculi
821 4371 947 4422 x111,
963 4358 1384 4422 demonstrant,
1406 4359 1504 4423 qui
1520 4360 1578 4410 in
1596 4360 1850 4412 Historia
1864 4374 2001 4412 non-

406 4434 547 4484 dum
566 4432 721 4483 edita
740 4432 802 4482 in
824 4431 952 4483 haec
971 4433 1143 4483 verba
1165 4444 1367 4484 eorum
1385 4432 1675 4483 meminit:
1700 4450 1729 4481 ‹‹
1742 4434 1871 4483 Vidi
1892 4446 1999 4497 ego

403 4506 527 4569 ipse
549 4506 803 4555 Joannes
828 4504 1311 4555 Commentarium
1323 4503 1531 4569 Pelagii
1549 4505 1828 4569 praedicti,
1846 4521 1999 4567 super

2109 3219 2228 3258 non
2257 3206 2461 3268 habeo,
2499 3219 2630 3258 cum
2653 3219 2759 3258 nec
2782 3205 2943 3270 ipsos,
2969 3220 3076 3257 nec
3099 3208 3229 3268 alia,
3255 3220 3438 3271 quam
3463 3208 3715 3272 probabi-

2107 3277 2236 3328 liter
2250 3277 2402 3328 exiis
2415 3289 2751 3340 expressam
2762 3276 3029 3340 dicerem,
3046 3282 3382 3341 suppetant.
3397 3281 3468 3330 In
3481 3280 3712 3330 editione

2109 3348 2287 3399 altera
2330 3348 2527 3411 absque
2568 3349 2707 3397 anni
2745 3353 2789 3396 et
2835 3347 2933 3396 loci
2980 3348 3189 3396 indicio
3241 3361 3519 3413 procusa,
3558 3362 3713 3413 quam

2109 3421 2266 3471 tomo
2290 3421 2313 3469 Ι
2339 3419 2479 3471 Bibl.
2508 3432 2563 3483 p.
2589 3418 2691 3473 487
2723 3418 3162 3483 descripsimus,
3180 3419 3318 3471 haec
3342 3420 3590 3484 epistola
3611 3433 3715 3471 non

2108 3492 2374 3551 occurrit,
2393 3490 2495 3542 sed
2511 3489 2633 3542 sola
2657 3490 2839 3559 ipsius
2852 3491 3188 3554 Hieronymi
3201 3492 3272 3541 ad
3292 3492 3707 3543 Demetriadem

2108 3575 2271 3613 num.
2296 3561 2381 3616 96.
2408 3566 2663 3626 prostat;
2696 3561 2847 3625 quod
2872 3561 3069 3612 nescio
3093 3567 3295 3613 utrum
3322 3563 3622 3615 codicibus
3644 3574 3712 3613 an

2109 3636 2439 3685 curatorum
2462 3633 2705 3684 delectui
2740 3633 2813 3684 sit
2839 3632 3240 3685 tribuendum.

2170 3702 2328 3758 1470.
2376 3705 2665 3768 Moguntiae
2713 3718 2810 3767 per
2873 3704 3012 3752 Petr.
3061 3703 3377 3768 Schoi/fer.,
3421 3704 3520 3757 fol.
3563 3717 3706 3755 max.

2107 3775 2492 3838 Hieronymus
2512 3774 2584 3826 ad
2608 3774 3027 3826 Demetriadem
3054 3775 3350 3837 quomodo
3378 3775 3585 3827 deceat
3618 3776 3714 3827 vir-

2104 3846 2301 3909 ginem
2326 3845 2684 3903 conversari;
2719 3845 2779 3895 in
2813 3844 3085 3907 Epistolis
3108 3850 3167 3896 et
3190 3846 3563 3898 'I‘ractatibus
3585 3848 3711 3899 Hie-

2104 3917 2348 3981 ronymi,
2373 3916 2616 3981 epistola
2642 3914 2761 3978 196,
2789 3928 2892 3967 seu
2914 3914 3004 3980 26,
3029 3916 3087 3967 in
3107 3916 3496 3970 distinctione
3526 3917 3611 3972 12.

2167 3986 2324 4042 1516.
2361 3987 2578 4037 Βαείιεεε
2618 3987 2783 4051 apud.
2809 3986 3154 4051 Frobenium,
3182 3988 3367 4039 in—fol.
3394 3989 3489 4041 Ad
3519 3992 3711 4041 Deme-

2103 4058 2348 4109 triadem
2375 4057 2656 4122 virginem
2681 4057 2750 4109 de
2780 4058 3123 4120 Virginitate
3157 4058 3401 4123 epislola
3428 4080 3442 4118 ;
3485 4061 3547 4112 in
3577 4061 3703 4125 Opp.

2104 4130 2437 4194 Hieronymi
2485 4129 2831 4181 Erasmiana)
2861 4129 2949 4179 ed.
2994 4135 3153 4181 tomo
3198 4132 3271 4191 Il,
3306 4130 3403 4182 fol.
3433 4132 3468 4185 4
3492 4130 3635 4186 b-1‘2.
3662 4133 3702 4182 ὁ.

2102 4202 2325 4253 Erasmi
2368 4213 2612 4253 censura
2653 4201 2777 4253 hinc
2813 4205 2940 4252 est:
2969 4200 3211 4250 Erudila
3243 4217 3480 4266 prorsus
3502 4206 3562 4253 'et
3598 4202 3707 4252 aeto-

2101 4288 2270 4336 quens
2298 4272 2416 4336 (sic)
2443 4271 2682 4336 epistola,
2711 4272 2799 4320 sed
2819 4286 3008 4336 quam,
3045 4277 3103 4320 ut
3138 4273 3289 4321 nihil
3311 4274 3475 4323 aliud
3508 4276 3704 4324 accedat

2100 4343 2179 4393 vel
2198 4342 2369 4407 stylus
2388 4342 2578 4407 palam
2601 4347 2799 4406 arguat
2825 4357 2937 4392 non
2962 4357 3068 4392 esse
3078 4343 3438 4409 Hieronymi.
3458 4346 3703 4395 Praeterea

2098 4420 2515 4464 consentaneum
2536 4428 2649 4463 non
2660 4422 2753 4477 est,
2770 4414 3176 4478 Hieronymum
3190 4416 3265 4464 ad
3279 4417 3533 4466 eamdem
3550 4418 3705 4480 virgi-

2098 4502 2220 4535 nem
2244 4487 2435 4535 iisdem
2458 4486 2521 4535 de
2542 4484 2696 4535 rebus
2719 4485 2797 4534 bis
2829 4486 3124 4549 scripsisse.
3173 4486 3347 4536 Divus
3370 4490 3703 4552 Augustinus

405 4554 688 4641 Epistolas
730 4554 907 4640 Pauli,
930 4577 989 4627 in
1013 4554 1283 4639 quoiicet
1307 4554 1491 4627 mut;
1517 4554 1662 4628 bene
1683 4554 1997 4641 etelegan-
2020 4554 2077 4628 D
2102 4558 2363 4641 nonnihil
2384 4557 2653 4641 εαερίριξνί
2670 4557 2883 4641 ,υίξίιξιυν
2902 4556 2968 4605 ab
2992 4558 3238 4641 ἡωνείξοο
3267 4559 3578 4641 Ρειιξῼίξιηίζ
3595 4574 3704 4610 con-

404 4653 492 4699 ter
517 4651 787 4711 exponat,
807 4651 997 4699 tamen
1015 4647 1559 4699 subtiliterinfundit
1578 4661 1869 4700 venenum
1881 4650 2002 4701 hie-

404 4719 549 4771 resis
594 4731 737 4771 sum.
770 4734 801 4767 ›>
847 4720 1028 4770 Iidem
1060 4722 1373 4772 observant
1406 4721 1801 4784 praefationem
1838 4720 1998 4772 illam

402 4790 535 4842 ficto
555 4791 787 4843 nomine
809 4792 1145 4856 Hieronymi
1166 4791 1239 4842 ad
1270 4791 1640 4843 Heliodorum
1663 4792 1942 4845 directam
1964 4805 1999 4846 a

406 4862 734 4915 melioribus
766 4868 922 4915 notas
946 4876 1088 4915 mss.
1118 4863 1412 4916 codicibus
1436 4865 1663 4918 abesse.

620 4999 690 5048 Il.
719 4996 963 5060 Epistola
980 4997 1054 5047 ad
1076 4997 1468 5047 Demetriadem
1492 4998 1776 5063 virginem.

466 5128 532 5177 In
555 5136 698 5175 mss.
719 5122 1014 5176 codicibus
1037 5136 1339 5187 nunquam
1355 5124 1468 5175 nisi
1490 5124 1641 5175 inter
1664 5125 1998 5191 Hieronymi

403 5196 673 5263 epistolas
716 5201 774 5248 et
818 5201 1097 5247 tractatus
1132 5195 1383 5246 minores
1419 5198 1716 5259 reperitur.
1742 5199 1883 5249 Inde
1907 5204 1998 5251 est

400 5269 555 5334 quod
605 5268 868 5331 ejusdem
916 5265 1223 5318 vetustatis
1273 5267 1572 5327 editiones,
1616 5268 1732 5318 imo
1758 5270 1997 5322 totidem

399 5352 572 5405 prope
592 5343 859 5390 numeret
881 5349 949 5388 ac
959 5335 1112 5387 illius
1137 5348 1309 5401 opera
1332 5336 1697 5400 opusculave.
1717 5340 1995 5394 Nimirum

396 5414 454 5463 in
475 5411 918 5475 antiquioribus,
933 5409 993 5460 id
1009 5414 1097 5461 est
1112 5408 1487 5474 epistolarum
1513 5412 1894 5461 collectionibus
1916 5416 1997 5462 lo-

398 5496 533 5535 cum
556 5484 704 5534 inter
722 5484 848 5547 ipsa
865 5483 1313 5546 Hieronymiana
1333 5486 1592 5545 occupat,
1618 5482 1749 5534 licet
1772 5489 1996 5537 mature

400 5555 542 5605 satis
554 5558 851 5618 cognitum
866 5553 1161 5606 t'ueritnon
1178 5556 1614 5619 Hieronymum,
1632 5555 1734 5606 sed
1750 5556 1996 5621 Pelagia-

398 5639 541 5678 num
565 5627 873 5689 quemdam
893 5630 995 5678 aut
1016 5628 1207 5691 ipsum
1225 5629 1514 5692 Pelagium
1547 5628 1674 5691 ejus
1699 5632 1993 5680 auctorem

395 5708 530 5747 esse
551 5712 561 5744 :
589 5696 722 5747 inde
749 5698 822 5750 ab
849 5698 1182 5750 Erasmiana
1200 5704 1394 5751 autem
1412 5701 1719 5764 separatim
1731 5712 1865 5752 cum
1877 5702 1995 5750 aliis

401 5771 748 5836 Hieronymo
773 5777 1085 5842 suppositis
1105 5773 1356 5828 exscribi
1370 5773 1692 5826 consuevit.
1711 5774 1904 5837 Nuper
1916 5776 1993 5824 ta-

2100 4632 2378 4694 scriptam,
2402 4629 2547 4693 quod
2570 4628 2740 4677 irsint
2761 4628 2824 4676 in
2848 4643 2911 4676 ea
2934 4628 3213 4678 nonnulla
3242 4645 3364 4693 qua:
3384 4632 3702 4694 Pelagiano-

2098 4716 2224 4749 rum
2250 4701 2504 4763 dogmata
2519 4699 2799 4763 resipiant,
2814 4700 3117 4763 praesertim
3143 4715 3269 4748 cum
3293 4701 3342 4749 is
3367 4700 3627 4765 Pelagius
3650 4702 3699 4748 in

2098 4772 2317 4836 epistola
2364 4771 2608 4835 quadam
2646 4775 2856 4818 testetur
2887 4784 2993 4819 sese
3037 4770 3112 4819 ad
3142 4771 3553 4821 Demetriadem
3584 4772 3703 4821 scri—

2094 4844 2285 4908 psisse:
2314 4842 2458 4891 Beda
2467 4846 2625 4906 putat
2645 4855 2747 4890 esse
2763 4840 2985 4889 Juliani
3002 4841 3257 4891 haeretici.
3282 4842 3551 4891 Caeterum
3568 4857 3702 4892 error

2096 4914 2502 4978 subscriptionis
2528 4914 2657 4961 hinc
2671 4918 2831 4961 natus
2842 4917 2932 4972 est,
2949 4927 2980 4975 q
2990 4912 3097 4961 uod
3111 4913 3159 4961 H
3166 4913 3316 4962 ieron
3326 4928 3493 4977 ymus
3508 4928 3701 4979 quoque

2095 4985 2367 5050 scripserit
2391 4985 2465 5033 ad
2491 4985 2631 5033 hanc
2656 4983 2923 5047 virginem
2947 4990 3275 5048 argumento
3299 4999 3415 5034 non
3440 4985 3697 5035 dissimili.

2159 5056 2315 5110 1579.
2362 5055 2674 5120 Ληιυονρίεε
2738 5055 2889 5117 apud
2953 5055 3154 5105 Christ.
3219 5054 3475 5107 Plantin.
3525 5054 3697 5108 in-fol.

2098 5128 2351 5193 Epistola
2386 5126 2460 5178 ad
2498 5126 2922 5191 Demetriadem
2966 5126 3286 5191 virginem;
3328 5128 3391 5179 in
3434 5127 3698 5193 Operibus

2099 5200 2433 5263 Hieronymi
2479 5198 2569 5250 ed.
2619 5198 2779 5249 Marii
2822 5198 3099 5249 Victorini
3145 5198 3206 5249 h.
3246 5211 3302 5250 a.
3345 5204 3406 5250 et
3432 5201 3471 5251 l.
3498 5200 3697 5251 iterata

2098 5276 2253 5323 tomo
2298 5272 2393 5321 IX.
2444 5282 2608 5334 pagg.
2643 5267 2791 5323 1-12.
2836 5269 2897 5321 in
2934 5269 3248 5321 Parisiensi
3285 5268 3453 5335 1643,
3502 5271 3694 5323 ibidem

2095 5356 2261 5407 pagg.
2306 5341 2452 5395 1-10.

2158 5411 2318 5467 1684.
2373 5410 2719 5473 Franeofurti
2769 5414 2815 5459 et
2868 5411 3079 5476 Lipsiae,
3117 5410 3299 5464 in-fol.
3360 5413 3605 5477 Eadem;
3644 5411 3694 5463 in

2096 5484 2236 5548 Opp.
2263 5481 2597 5546 Hieronymi
2628 5487 2783 5532 tomo
2806 5483 2903 5541 IV,
2930 5494 3101 5546 pagg.
3130 5480 3323 5537 12-21.

2157 5554 2313 5609 1406.
2349 5553 2600 5613 Parisiis,
2635 5551 2820 5603 in-fol.
2857 5553 3100 5616 Eadem;
3129 5556 3284 5605 inter
3309 5554 3503 5619 Opera
3525 5556 3693 5607 Hiero-

2091 5626 2255 5691 nymi
2292 5626 2362 5677 ed
2399 5623 2713 5676 Martianeei
2747 5626 2902 5676 tomo
2942 5625 3012 5683 V,
3038 5637 3212 5688 pagg.
3244 5624 3443 5681 11-30.
3468 5626 3685 5679 Praetixa

2090 5702 2181 5751 est
2204 5696 2426 5749 Erasmi
2450 5707 2715 5748 censura.
2732 5695 2847 5759 Ipsi
2862 5695 3167 5759 notant,in
3181 5697 3547 5760 quibusdam
3564 5707 3680 5749 mss

2090 5769 2383 5823 codicibus
2406 5766 2690 5831 C(slestio,
2705 5766 2766 5819 in
2782 5765 2910 5819 aliis
2934 5766 3169 5821 Juliano
3193 5780 3333 5823 eam
3359 5771 3552 5823 tribui.
