3866 6206
92 320 227 377 1161

952 320 1242 372 OPERUM
1278 321 1367 371 ET
1401 321 1797 374 EDITIONUM
1832 323 2114 374 PELAGII
2148 324 2508 377 RECENSIO.

3263 326 3402 383 1162

160 434 321 515 1742.
380 436 611 515 (ei-oriae,
661 437 861 515 in-fo_l_.-
896 435 1117 515 Pelagii
1164 434 1238 515 a_d
1259 435 1700 515 _Demetriadem
1722 443 1784 515 Α
1805 436 1927 487 sius
1924 435 3025 515 EarohMagninecnonAlcuiniinlibris
3037 451 3221 505 septem
3234 447 3407 495 adver-

89 505 364 572 epistola;
410 506 473 557 in
518 507 770 571 Operum
793 505 1122 570 Hieronymi
1144 505 1234 557 ed.
1259 505 1523 557 Vallarsii
1544 510 1699 557 tomo

91 581 191 642 XI,
216 581 361 642 part.
401 588 465 638 Π,
489 590 659 642 pagg.
688 576 839 632 1-26.

153 650 445 701 Observat
468 649 670 712 editor,
695 650 866 702 Beda
891 647 1296 713 suspicionem,
1340 646 1438 711 qui
1472 647 1701 700 Juliano

89 732 222 773 eam
250 719 704 781 tribuit,fundari
728 720 1022 772 codicibus
1046 718 1339 769 nonnullis
1350 730 1558 769 mss..e
1583 719 1704 782 qui-

91 792 207 843 bus
252 802 439 842 unum
484 791 860 843 vetustiorem
880 790 1249 841 Bibliotheca
1273 792 1326 841 S.
1354 788 1600 840 Victoris
1624 789 1704 840 ei-

90 863 230 914 dem
273 873 402 914 eam
424 867 781 914 asserentem
808 862 1020 915 laudat.
1038 865 1104 913 In
1126 862 1463 926 repetitione
1486 864 1705 914 Veneta

92 934 260 992 1771,
283 933 448 996 ἱο-4ο,
475 934 765 986 invenitur
787 933 990 986 eodem
1016 938 1168 985 torno
1193 933 1509 997 eademque
1526 938 1703 998 parte,

158 1077 323 1133 1775.
369 1076 525 1127 Hala
568 1076 994 1142 Magdeburgica
1035 1076 1295 1140 impensis
1343 1076 1467 1127 Car.
1518 1076 1704 1127 Herm.

91 1148 435 1211 Hemmcrde,
483 1146 649 1202 in—8'.
688 1147 898 1212 Pelagii
923 1147 1109 1199 sancti
1129 1151 1189 1199 et
1211 1146 1421 1198 eruditi
1442 1146 1709 1198 monachi

92 1219 344 1286 epistola
365 1219 440 1271 ad
454 1219 879 1271 Demetriadem
891 1231 1025 1270 cum
1037 1218 1163 1270 aliis
1178 1218 1421 1269 aliorum
1433 1216 1705 1282 epistolis.

94 1292 245 1342 Dan.
287 1290 521 1355 Whitby.
538 1291 592 1341 S.
617 1291 682 1341 T.
715 1292 771 1341 P.
800 1291 1105 1341 Tractatus
1127 1290 1197 1340 de
1219 1288 1598 1353 imputatione
1624 1288 1711 1340 di-

93 1362 232 1414 vina
268 1362 489 1427 peccati
527 1359 752 1425 Adami,
777 1361 1024 1425 posteris
1047 1361 1176 1424 ejus
1200 1360 1482 1411 universis
1506 1361 1567 1410 in
1591 1371 1710 1410 rea-

98 1439 249 1485 tum.
289 1434 601 1485 Recensuit
650 1437 709 1484 et
751 1436 922 1484 notas
945 1431 1168 1483 addidit
1192 1433 1259 1482 D.
1283 1432 1449 1485 Joan.
1484 1432 1710 1482 Salomo

103 1503 342 1557 Semler.

164 1578 233 1626 in
283 1574 394 1625 hoc
427 1572 739 1632 volumine,
777 1573 987 1634 prater
1018 1581 1086 1622 ea
1107 1581 1242 1633 qua
1266 1569 1471 1623 titulus
1494 1570 1710 1635 laudat,

98 1644 676 1710 comprehenduntur
698 1643 741 1691 A
752 1642 996 1705 ugustim'
1019 1647 1065 1691 el
1079 1642 1271 1705 Alypii
1285 1643 1507 1706 epistola
1521 1645 1595 1691 ad
1608 1643 1712 1692 Ju-

101 1718 322 1767 lianam
364 1714 721 1766 Demetriadis
747 1718 998 1772 matrem,
1041 1712 1366 1777 Hieronymi
1397 1713 1614 1777 epistola
1640 1712 1712 1762 ad

101 1787 502 1838 Demetriadem
527 1787 590 1835 de
604 1784 873 1834 servanda
888 1783 1491 1848 virginitate,b‘xcerpta
1507 1799 1573 1834 ea:
1585 1786 1714 1834 Leo-

100 1860 196 1909 nis
219 1860 292 1910 Μ.
320 1858 762 1909 Sacramentario
787 1856 849 1904 de
864 1856 1257 1904 consecratione
1279 1856 1580 1919 virginum,
1598 1857 1714 1921 epi-

104 1931 245 1981 stola
280 1931 354 1979 ad
380 1928 681 1981 Celantiam
706 1931 1023 1975 matronam
1051 1926 1112 1975 de
1137 1928 1350 1976 ratione
1371 1928 1460 1991 pie
1483 1928 1717 1986 vivendi,

106 2013 309 2066 quam,
332 2005 399 2052 ut
421 2011 596 2064 supra
612 2000 735 2062 jam
750 1996 1097 2058 notavimus,
1114 1997 1337 2062 Pelagio
1358 1998 1580 2062 primus
1607 1999 1724 2055 vin,

107 2074 303 2125 dicare
327 2071 509 2123 editor
526 2072 754 2124 statuit;
782 2068 1030 2131 denique
1045 2069 1314 2132 Excet‘pla
1336 2083 1403 2118 ea:
1423 2071 1721 2134 Augustini

112 2145 250 2194 libro
275 2143 339 2191 de
363 2143 559 2192 Gratia
583 2140 786 2190 Christi
814 2144 1003 2188 contra
1014 2140 1294 2202 Pelagium
1319 2145 1365 2188 et
1397 2140 1718 2204 Cwleslium,

110 2226 247 2280 qua
269 2213 344 2266 ad
367 2212 577 2278 Pelagii
599 2209 899 2276 epistolam
912 2210 984 2259 ad
999 2211 1387 2259 Demetriadem
1407 2215 1657 2271 pertinent
1671 2214 1720 2261 τ’.

108 2288 335 2338 Horum
380 2288 577 2335 autem
620 2280 1031 2347 opusculorum
1072 2281 1496 2333 consociatione
1526 2287 1584 2334 et
1622 2294 1723 2347 per

110 2360 284 2409 notas
308 2367 427 2406 non
450 2365 625 2419 parca
644 2365 824 2404 manu
848 2363 1115 2416 aspersas
1131 2351 1595 2417 illustratione,id
1607 2354 1724 2417 egit

120 2428 302 2480 editor
324 2429 483 2477 omni
507 2438 623 2490 qua
643 2424 869 2477 valebat
890 2424 1066 2474 animi
1090 2425 1479 2486 contentione,
1506 2430 1571 2476 ut
1586 2425 1724 2477 invi-

117 2500 292 2562 diam,
311 2510 427 2562 qua
437 2497 803 2561 Augustinus
819 2494 1110 2559 Pelagium
1125 2494 1458 2556 involverat,
1477 2496 1538 2546 in
1553 2500 1721 2556 ipsum

117 2577 412 2624 auctorem
436 2568 759 2621 redundare
781 2567 1006 2618 faceret.
1030 2568 1099 2617 Et
1129 2578 1272 2618 sane
1287 2579 1424 2617 cum
1437 2569 1724 2617 nonmini-

120 2655 283 2695 mum
296 2654 368 2694 ex
381 2639 699 2705 disciplina
711 2650 834 2689 sua
847 2637 1038 2688 studio
1056 2638 1276 2687 fructum
1295 2641 1430 2686 hunc
1441 2642 1723 2699 percepisse

122 2727 184 2766 se
194 2713 554 2765 existimaret
569 2708 878 2768 Semlerus,
897 2707 1052 2771 quod
1079 2719 1371 2759 summam
1382 2708 1724 2760 Christiana

123 2784 401 2836 doctrina
433 2796 552 2835 non
582 2786 701 2833 tam
730 2781 791 2831 in
829 2784 1144 2843 systemate
1166 2779 1359 2843 aliquo
1383 2785 1439 2831 et
1461 2780 1723 2834 formulis

124 2856 423 2907 doctorum
446 2851 858 2914 custodiendis,
872 2863 1046 2914 quam
1056 2850 1248 2901 animo
1264 2864 1326 2901 in
1340 2863 1540 2903 verum
1553 2857 1724 2901 numi-

123 2928 215 2978 nis
236 2925 639 2990 cultumjuxta
652 2921 943 2974 luculenta
964 2921 1174 2972 Christi
1195 2926 1484 2987 pracepta
1503 2936 1725 2987 compo-

124 3000 316 3051 nendo
341 2995 619 3049 contineri
643 2993 957 3056 didicisset,
981 2993 1039 3043 id
1062 2998 1216 3055 quod
1236 2992 1395 3044 nulla
1427 3006 1545 3044 non
1566 3006 1725 3046 occa-

126 3071 287 3122 sione
309 3069 369 3119 in
395 3067 622 3131 scriptis
648 3066 771 3117 suis
785 3065 990 3128 repetit
1001 3068 1060 3115 et
1073 3062 1349 3127 inculcat;
1368 3077 1485 3115 non
1500 3069 1722 3129 poterat

126 3155 240 3193 non
260 3153 396 3191 cum
419 3142 683 3191 universe
706 3136 991 3189 Africanis
1002 3136 1284 3200 Patribus,
1304 3141 1429 3187 tum
1439 3140 1721 3197 Augustino

1804 520 1908 558 sus
1924 507 2171 579 Felicem
2186 508 2597 579 Urgellitanum
2613 512 2950 579 episcopum
2967 519 3023 566 et
3034 517 3178 564 libris
3188 523 3404 577 quatuor

1803 582 2003 630 contra
2028 577 2367 642 Elipandum
2378 595 2395 637 ;
2410 593 2575 644 porro
2591 577 2881 647 Agobardi
2904 588 3258 645 Lugdunensis
3274 590 3407 647 ejus-

1803 650 1937 701 dem
1951 648 2156 701 Felicis
2167 648 2492 720 adversarii,
2506 657 2563 703 et
2581 654 2872 706 Hincmari
2889 656 3181 720 Agobardi
3196 661 3409 719 aqualis

1805 719 2050 772 silentio.
2065 719 2228 781 Quod
2239 719 2467 771 codices
2484 727 2679 774 autem
2689 726 2915 789 attinet,
2933 719 3241 790 etquidem
3257 730 3406 777 illum

1805 790 2110 863 Sirmondi,
2121 791 2494 863 recentiorem
2507 804 2740 845 manum
2754 808 2890 848 eum
2905 810 3144 862 arguere
3158 799 3281 863 jam
3297 804 3410 847 ante

1805 862 2080 913 diximus.
2107 861 2285 913 Addit
2306 874 2438 913 vero
2451 861 2743 915 librarium
2758 869 2931 918 etiam
2948 861 3007 920 et
3020 861 3234 921 codicis
3251 882 3408 921 com-

1804 933 2114 998 positorem
2162 933 2464 1005 scriptura
2512 947 2638 986 sua
2679 938 2922 1001 vestigia
2944 938 3005 989 in
3025 940 3205 991 Caroli
3230 953 3407 1005 regno

1807 1006 2091 1069 impressa
2112 1003 2435 1068 relinquere
2459 1005 2735 1069 potuisse,
2777 1009 3005 1060 etiamsi
3028 1011 3210 1062 Caroli
3247 1003 3409 1075 regni

1808 1074 2050 1139 aqualis
2100 1087 2220 1126 non
2266 1075 2469 1133 fuerit;
2497 1080 2598 1128 aut
2622 1077 2882 1141 potuisse
2909 1081 3040 1143 post
3062 1074 3335 1134 Carolum’
3349 1082 3408 1133 in

1810 1145 2069 1197 codicem
2111 1157 2284 1196 suum
2333 1152 2713 1197 monumenta
2756 1147 2923 1212 plura
2943 1149 3114 1201 simul
3135 1153 3407 1215 conferre,
3500 1154 3520 1171 ‘

1811 1228 2058 1280 quorum
2070 1227 2253 1267 unum
2275 1215 2349 1267 ad
2366 1215 2547 1267 Caroli
2564 1218 2717 1281 regis
2729 1222 2958 1283 tempus
2969 1220 3259 1284 attineret;
3280 1224 3409 1271 unde

1811 1292 2009 1339 tamen
2018 1299 2136 1337 non
2146 1287 2311 1350 sequi
2321 1286 2845 1349 concludit,catera
2855 1295 3230 1342 monumenta
3239 1294 3409 1341 eodem

1814 1362 2068 1423 tempore
2089 1358 2212 1422 jam
2236 1362 2362 1409 tum
2374 1358 2625 1423 primum
2640 1371 2771 1410 esse
2787 1360 3128 1425 conscripta.
3148 1363 3271 1413 Imo
3285 1365 3413 1410 hanc

1810 1430 2229 1495 professionem
2254 1428 2388 1480 fidei
2413 1429 2821 1493 postCarolum
2836 1430 2996 1482 libris
3014 1431 3085 1483 de
3103 1435 3415 1493 imaginibus

1813 1500 2006 1551 inferri
2028 1499 2292 1564 potuisse
2315 1499 2387 1549 ab
2416 1510 2484 1549 eo
2502 1499 2600 1562 qui
2621 1499 2799 1551 libros
2820 1500 3188 1561 describeret,
3205 1507 3263 1554 et
3287 1515 3414 1554 mu-

1814 1570 2138 1622 nimentum
2160 1574 2217 1621 et
2235 1569 2573 1634 prasidium
2588 1571 2696 1622 hoc
2711 1571 2825 1621 illis
2845 1571 3051 1624 deesse
3074 1585 3227 1637 agre
3247 1576 3412 1622 ferret.

1814 1644 1900 1694 Ita
1922 1641 2175 1693 stabilita
2200 1652 2307 1692 sua
2330 1641 2621 1692 sententia
2644 1642 2907 1694 concedit
2932 1647 3141 1707 tamen,
3174 1657 3292 1696 non
3316 1644 3415 1696 diu

1810 1717 1943 1778 post
1958 1712 2139 1763 Caroli
2158 1711 2351 1775 Magni
2367 1716 2602 1763 atatem
2618 1711 2760 1763 illud
2776 1713 3111 1778 contigisse.
3122 1718 3244 1762 Nam
3255 1718 3417 1767 Remi-

1741 1810 1795 1883 B
1818 1782 1912 1847 gii,
1956 1783 2054 1846 qui
2097 1782 2286 1832 medio
2332 1780 2546 1833 saculo
2593 1794 2748 1832 nono
2797 1782 2959 1845 vixit,
3005 1782 3416 1847 Lugdunensis

1820 1852 2067 1883 nniannni
2117 1852 2506 1883 toaﬁmnninm
2534 1852 2740 1883 τινι-κρατή
2777 1853 2873 1883 nni
2902 1854 2956 1883 in
2984 1852 3197 1883 “Pu-nd.
3232 1853 3416 1883 T...'I.....

1820 1852 2092 1919 episcopi,
2117 1852 2511 1904 testimonium
2533 1852 2763 1917 profert,
2777 1853 2878 1917 qui
2899 1854 2961 1904 in
2983 1852 3197 1905 librode
3232 1853 3418 1903 Tribus

1822 1924 2097 1989 Epistolis,
2141 1935 2263 1987 cap.
2312 1920 2399 1986 39,
2428 1922 2517 1974 vel
2555 1935 2627 1974 ex
2676 1924 2888 1987 codice,
2913 1923 3002 1977 vel
3037 1924 3160 1989 ipse
3195 1925 3417 1990 primus

1822 1992 2155 2058 Hieronymi
2168 1993 2501 2045 hancﬁdem
2522 2006 2592 2058 ap
2601 1994 2879 2057 pellat.Ab
2894 1994 3005 2047 hoc
3029 1996 3276 2060 proximi
3300 2006 3418 2046 sunt

1822 2069 1881 2118 in
1905 2065 2105 2118 eadem
2122 2064 2408 2117 sententia
2433 2064 2647 2117 saculo
2664 2065 3005 2118 duodecimo
3026 2067 3334 2118 Gratianus
3360 2074 3416 2119 et

1824 2137 2093 2201 Magister
2115 2136 2560 2199 Sententiarum,
2577 2140 2708 2199 post
2734 2136 3003 2201 Thomas,
3018 2139 3417 2189 Bonaventura

1822 2213 1880 2259 et
1905 2204 2460 2269 scholasticireliqui.
2476 2206 2638 2268 Quod
2662 2208 3058 2271 Augustinum
3081 2210 3287 2260 attinet
3309 2221 3416 2260 nec

1822 2279 1980 2329 hunc
2002 2288 2252 2329 errorem
2263 2275 2443 2328 Caroli
2461 2277 2650 2340 Magni
2666 2282 2835 2329 atate
2851 2278 3031 2329 fuisse
3046 2283 3311 2330 exortum
3324 2291 3419 2330 ea-

1823 2350 1953 2400 dem
1978 2348 2197 2399 ratione
2219 2346 2598 2407 demonstrat,
2627 2350 2724 2399 sed
2747 2349 2997 2413 primum
3013 2362 3144 2400 esse
3164 2349 3420 2401 ostendit

1824 2418 2192 2471 Guillelmum
2213 2418 2591 2469 Parisiensem
2603 2423 2895 2470 auctorem
2914 2418 3111 2472 saculi
3126 2422 3311 2469 decimi
3329 2427 3421 2470 ter-

1824 2491 1903 2551 tii,
1930 2490 2029 2554 qui
2049 2490 2111 2539 in
2131 2489 2259 2539 libri
2284 2488 2357 2539 de
2383 2489 2638 2540 Peccatis
2669 2494 2728 2541 et
2746 2489 2900 2541 vitiis
2921 2489 3104 2554 capite
3118 2489 3185 2544 10
3202 2493 3425 2539 testimo-

1821 2561 1985 2612 nium
2008 2561 2118 2611 sub
2141 2559 2455 2623 Augustini
2467 2560 2698 2610 nomine
2721 2572 2794 2611 ex
2809 2559 2912 2611 illa
2927 2560 3423 2625 ﬂdeiprofessione

1823 2635 2097 2693 arcessat,
2117 2631 2241 2682 sive
2257 2634 2322 2681 ut
2332 2642 2435 2694 pro
2454 2630 2801 2693 Hieronymo
2817 2631 3213 2695 Augustinum
3226 2648 3316 2693 per
3324 2636 3424 2682 ali-

1823 2714 1999 2766 quam
2008 2700 2442 2764 incogitantiam
2455 2701 2754 2764 acceperit,
2768 2713 2902 2752 cum
2913 2706 3051 2753 tunc
3060 2714 3265 2754 omnes
3277 2706 3420 2754 illam

1824 2772 1956 2824 fidei
1977 2772 2389 2836 professionem
2413 2784 2488 2823 ex
2514 2772 2627 2823 fide
2650 2772 2906 2837 Magistri
2924 2777 2982 2825 et
2995 2773 3249 2824 Gratiani
3286 2774 3421 2827 Hie-

1823 2856 2064 2907 ronymo
2110 2842 2330 2905 darent,
2380 2842 2497 2894 sive
2534 2855 2608 2894 ex
2643 2842 2840 2894 codice
2861 2842 3053 2906 aliquo
3088 2856 3422 2896 sermonum

1822 2916 1970 2978 ejus,
1994 2913 2055 2964 in
2080 2926 2252 2977 quem
2268 2912 2427 2964 illata
2443 2913 2567 2977 jam
2588 2916 2712 2964 erat
2734 2914 2861 2964 hac
2874 2913 3001 2976 ﬁdei
3011 2914 3272 2978 professio
3288 2928 3422 2967 cum

1824 2984 2107 3036 sermonis
2141 2983 2397 3036 exordio.
2431 2984 2797 3035 Guillelmum
2819 2988 3040 3049 postea,
3064 2985 3255 3049 inquit
3273 2987 3423 3039 Lau-

1823 3056 2011 3117 noius,
2038 3058 2390 3120 exceperunt
2411 3054 2526 3118 alii,
2553 3053 2651 3117 qui
2673 3053 2799 3105 aliis
2810 3056 2985 3106 rebus
3008 3068 3143 3107 cum
3167 3066 3419 3120 vacarent,

1819 3126 1880 3176 in
1902 3126 2208 3177 mandatos
2238 3125 2390 3188 typis
2413 3124 2725 3188 Augustini
2742 3138 3040 3178 sermones
3058 3137 3173 3177 non
3184 3126 3422 3190 inquisi-

122 3213 413 3280 pracipue
434 3222 564 3263 esse
585 3207 884 3271 infensior,
906 3218 1153 3270 quorum
1174 3196 1496 3271 sedulitate,
1513 3196 1725 3287 machi-
1745 3218 1794 3294 ρ
1819 3202 2044 3294 Emam,
2076 3196 2391 3294 seg’g‘iffg
2705 3196 3111 3294 εἳωρῖῐξιάίξω
3135 3199 3326 3294 διιξίξὶο
3340 3199 3427 3294 if!-

123 3279 215 3338 nis
240 3290 297 3337 et
320 3282 545 3347 scriptis
568 3280 627 3332 id
647 3280 914 3332 effectum
937 3290 1067 3329 esse
1098 3283 1331 3329 noverat
1352 3279 1723 3343 potissimum

123 3364 189 3409 ut
216 3368 253 3409 ει
284 3367 415 3407 vero
460 3352 781 3416 disciplina
831 3349 1171 3402 Christiana
1214 3361 1388 3401 sensu
1425 3358 1495 3401 ad
1520 3351 1721 3402 inanes

120 3429 211 3483 vel
220 3426 452 3481 frivolas
468 3426 644 3478 etiam
656 3422 1115 3488 quastiunculas
1135 3422 1313 3473 animi
1335 3425 1719 3500 abducerentur.

402 3571 498 3623 III.
530 3566 760 3619 Libellus
791 3565 921 3629 ﬁdei
949 3564 1022 3615 ad
1042 3563 1439 3615 Innocentium.

183 3695 411 3761 Duplex
433 3697 626 3747 exstat
648 3692 827 3757 hujus
848 3689 1050 3754 Libelli,
1073 3689 1258 3753 lectio,
1275 3701 1411 3755 una,
1428 3701 1560 3754 qua
1574 3690 1724 3743 inter

121 3767 576 3831 Hieronymiana
600 3765 786 3828 Opera
808 3762 1108 3826 reperitur,
1131 3762 1357 3825 integra
1378 3774 1446 3814 ac
1455 3774 1604 3826 vera,
1621 3763 1723 3814 sed

121 3844 394 3897 lemmate
409 3852 423 3889 :
438 3834 745 3900 Emplicalio
758 3834 903 3897 ﬁdei,
930 3834 1002 3881 ad
1013 3833 1320 3881 Damasum
1333 3834 1608 3898 inscripta
1625 3834 1723 3897 ;a.l-

122 3921 251 3967 tera
291 3922 421 3963 vero
456 3905 880 3971 Augustinianis
904 3903 1252 3953 Sermonibus
1276 3904 1338 3952 de
1361 3909 1590 3968 tempore
1613 3906 1724 3955 im-

120 3986 323 4045 mista,
335 3991 508 4045 quam
519 3975 970 4042 prafatiuncula,
987 3975 1156 4038 quasi
1167 3976 1522 4045 Augustini,an
1530 3979 1725 4038 tecedit,

123 4044 484 4119 interpolata,
517 4053 574 4101 et
615 4047 707 4119 ad,
725 4046 1021 4119 sermonis
1030 4044 1320 4119 popularis
1352 4045 1726 4119 habitumde-

123 4114 299 4181 flexa:
326 4123 481 4175 Prior
502 4119 673 4172 etiam
695 4118 756 4170 in
779 4117 959 4168 Caroli
978 4116 1167 4179 Magni
1188 4114 1347 4165 libris
1373 4115 1443 4166 de
1458 4116 1726 4180 Imagini-

124 4202 224 4249 bus
250 4196 360 4249 sub
384 4190 717 4254 Hieronymi
739 4191 972 4241 nomine
996 4193 1052 4239 et
1074 4188 1135 4237 in
1158 4186 1382 4237 Baronii
1406 4187 1723 4240 annalibus

122 4272 201 4323 ad
226 4282 321 4321 an.
347 4264 447 4320 417
488 4260 948 4326 deprehenditur,
982 4271 1055 4310 ex
1088 4257 1362 4309 Vaticano
1386 4258 1602 4318 codice,
1625 4261 1724 4322 qui

122 4342 317 4395 varias
342 4334 552 4389 Zozimi
586 4344 750 4397 papa
772 4330 1044 4395 epistolas
1063 4329 1413 4391 continebat,
1437 4329 1725 4395 descripta

124 4419 185 4466 et
211 4423 320 4462 suo
343 4404 562 4460 auctori
590 4403 892 4454 vindicata.
918 4404 1000 4451 Ac
1024 4413 1097 4452 ex
1113 4399 1463 4464 eo,quidem,
1489 4403 1644 4464 quod
1660 4404 1723 4454 in

124 4481 314 4537 Caroli
336 4480 447 4532 isto
463 4475 757 4528 volumine
768 4473 1091 4534 adducitur,
1109 4469 1296 4535 colligi
1314 4483 1486 4536 posse
1500 4472 1724 4528 videtur

118 4560 250 4622 jam
275 4556 408 4604 ante
420 4550 535 4622 ista
557 4552 813 4622 tempora
825 4543 975 4594 hanc
990 4542 1316 4622 opinionem
1331 4542 1509 4622 fuisse
1528 4551 1725 4605 pervul-

123 4614 345 4694 gatam,
368 4621 462 4673 cui
483 4618 705 4694 accedit
718 4616 893 4694 etiam
914 4615 1227 4665 auctoritas
1250 4614 1463 4694 codicis
1485 4628 1599 4668 ms.
1622 4632 1724 4672 cu-

120 4685 365 4765 jusdam
389 4690 587 4745 Carolo
603 4687 940 4765 umquam
960 4698 1112 4765 rese
1137 4685 1387 4765 1.160de
1409 4689 1725 4765 ίεειρθτειιοτθι

127 4756 348 4832 scripti,
367 4776 540 4830 quem
558 4774 594 4813 a
607 4759 820 4832 Jacobo
837 4757 1137 4808 Sirmondo
1153 4756 1578 4832 inspiciendum
1589 4778 1729 4813 ecce-

123 4827 295 4907 perat
318 4827 628 4907 Launoius,
641 4830 739 4894 qui
756 4834 950 4907 tamen
963 4840 1081 4879 non
1101 4827 1341 4907 ad
1357 4834 1602 4907 atatem,
1613 4849 1727 4885 eum

124 4900 436 4978 pertinere,
454 4904 558 4978 sed
569 4916 605 4978 a
618 4900 931 4978 recentiore
945 4912 1125 4978 manu
1142 4900 1420 4978 scriptum
1436 4904 1730 4978 existima-

126 4971 251 5035 bat.
278 4983 345 5032 In
367 4976 711 5030 Coisliniano
735 4973 908 5024 etiam
931 4972 1111 5024 veteri
1133 4984 1243 5022 ms.
1258 4971 1400 5024 libro
1425 4974 1507 5026 sic
1522 4979 1730 5028 inscribi

126 5058 272 5107 nota
292 5048 637 5103 Vallarsius:
681 5043 1000 5108 Symbolum
1026 5043 1154 5104 ﬁdei
1178 5058 1214 5092 α
1229 5042 1375 5095 beato
1396 5046 1729 5113 Hieronymo

126 5123 488 5187 compositum
509 5123 556 5168 et
580 5121 759 5167 sancto
779 5128 936 5179 papae
958 5114 1194 5187 Dapmaso
1211 5115 1277 5163 ab
1288 5116 1469 5166 eodem
1482 5119 1727 5173 missum.

128 5185 434 5249 Enitnvero
446 5189 789 5243 contrariam
802 5185 1148 5237 sententiam
1163 5189 1357 5238 tuetur
1368 5190 1659 5243 Launoius
1676 5195 1732 5241 in

127 5264 406 5332 peculiari
432 5274 604 5327 super
625 5262 733 5311 hoc
761 5255 1459 5332 symbolodissertatione,
1484 5274 1621 5313 mox
1645 5262 1731 5315 di-

131 5330 349 5390 sertius
377 5334 685 5397 laudanda,
709 5330 1066 5396 argumentis
1087 5343 1205 5381 non
1229 5345 1368 5383 sane
1396 5332 1637 5400 levibus,
1653 5336 1731 5386 si-

130 5408 314 5461 lentio
357 5418 563 5470 nempe
586 5402 807 5456 concilii
834 5401 1362 5454 Francofordiensis
1407 5415 1499 5455 an.
1547 5404 1648 5459 797
1673 5407 1733 5457 in

130 5489 318 5532 causa
339 5476 597 5542 Elipandi
620 5474 875 5527 Toletani
894 5472 1146 5536 episcopi
1168 5477 1225 5524 et
1239 5486 1341 5537 pro
1365 5474 1660 5529 catholica
1676 5478 1736 5528 fl-

132 5551 230 5604 dei
255 5549 558 5601 traditione
581 5551 778 5599 contra
802 5544 1105 5597 hareticos
1117 5544 1430 5597 asserenda
1444 5546 1575 5610 acti,
1589 5549 1737 5613 etip-

200 5722 229 5755 ¹
254 5721 339 5772 De
383 5717 623 5784 longiori
666 5714 1070 5784 dissertatione
1118 5711 1213 5784 vel
1234 5713 1426 5777 potius
1461 5718 1739 5784 panegyrl

135 5805 319 5863 quam
339 5783 610 5843 hare’tico
632 5800 871 5863 prorsus
887 5783 1106 5836 calamo
1118 5783 1181 5834 in
1199 5783 1350 5834 hanc
1367 5783 1600 5863 Semleri
1616 5786 1739 5840 edi-

135 5852 359 5924 tionem
380 5852 679 5915 contexuit
692 5858 1208 5916 Schanemannus,
1230 5856 1537 5918 sequentes
1552 5852 1737 5911 lineas

420 5962 679 6020 PATROL.
720 5955 885 6011 XXI.

1822 3268 2047 3320 dicibus
2070 3266 2327 3318 contenti
2337 3265 2396 3316 id
2418 3267 2781 3330 arripuerunt
2802 3266 2958 3330 quod
2973 3278 3167 3320 causa
3177 3273 3235 3320 et
3252 3276 3425 3319 tracta-

1822 3338 1977 3390 tibus
2021 3336 2414 3402 opitularetur.
2459 3339 2545 3388 Ac
2601 3337 2695 3388 hic
2738 3334 2909 3389 liceat
2940 3339 3115 3390 etiam
3158 3339 3423 3403 ejusdem

1820 3409 2060 3463 Launoii
2104 3409 2333 3460 brevem
2358 3407 2827 3473 disputationem,
2854 3421 2973 3473 qua
2991 3410 3084 3462 via
3105 3422 3172 3462 ac
3199 3411 3421 3465 ratione

1821 3481 2037 3532 factum
2062 3479 2155 3542 sit,
2181 3483 2246 3531 ut
2274 3479 2387 3531 ista
2400 3479 2534 3530 fidei
2553 3479 2834 3544 professio
2856 3480 3103 3545 utrique,
3120 3484 3424 3545 Hieronymo

1821 3556 1879 3603 et
1905 3551 2252 3615 Augustino,
2280 3551 2545 3614 subjecta
2557 3551 2745 3614 fuerit,
2762 3550 3034 3604 inserere.
3050 3553 3282 3605 Fatetur
3292 3555 3424 3618 qui-

1822 3623 1955 3675 dem
1970 3623 2117 3674 scitu
2134 3620 2532 3673 difficillimum
2544 3633 2675 3673 esse
2691 3626 2749 3677 et
2760 3622 3224 3688 uniuscujusque
3234 3628 3429 3686 conjec-

1823 3698 1969 3745 turis
2002 3693 2257 3758 permitti
2279 3692 2503 3744 debere.
2531 3709 2555 3739 (ι
2581 3694 2687 3744 Ha
2724 3697 2940 3757 autem,
2968 3693 3182 3757 inquit,
3206 3694 3267 3746 in
3289 3696 3428 3749 Hie-

1823 3776 2063 3828 ronymo
2087 3774 2262 3827 quam
2294 3764 2356 3814 in
2377 3763 2705 3827 Augustino
2728 3764 3113 3828 expeditiores
3140 3765 3424 3820 videntur.

1824 3835 1973 3887 Medi
1999 3839 2317 3899 suppetunt
2338 3847 2578 3885 numero
2592 3838 2728 3887 tres.
2744 3835 3017 3896 Primum,
3033 3836 3082 3887 si
3094 3841 3321 3901 reperta
3334 3846 3424 3892 est

1824 3903 2110 3967 ἀδέσποτος,
2137 3910 2276 3956 tunc
2291 3905 2557 3956 librarius
2581 3905 2918 3957 eruditionis
2935 3906 3291 3973 nonnullius,
3309 3924 3424 3959 cum

1822 3979 1884 4028 in
1907 3990 1976 4029 ea
1995 3976 2279 4028 Joviniani
2302 3988 2543 4040 errores,
2556 3989 2704 4040 quos
2716 3977 3101 4041 Hieronymus
3128 3982 3426 4029 confutave-

1822 4053 1929 4113 rat,
1954 4048 2235 4110 damnari,
2258 4051 2385 4098 tum
2410 4047 2779 4112 scriptionem
2801 4047 3067 4100 idoneam
3090 4060 3241 4113 esse,
3265 4062 3423 4103 eam-

1823 4132 1936 4183 que
1960 4118 2293 4182 Hieronymi
2324 4118 2553 4181 placitis
2576 4118 2902 4170 consentire
2923 4120 3289 4184 perspiceret,
3314 4122 3423 4174 hoc

1823 4203 1969 4255 opus
1993 4189 2072 4241 illi
2094 4190 2343 4241 tribuere
2364 4202 2483 4240 non
2507 4189 2811 4242 dubitavit.
2829 4189 3067 4255 Deinde,
3082 4192 3130 4242 si
3145 4193 3423 4256 professio

1823 4274 1957 4313 cum
1984 4261 2190 4325 Pelagii
2216 4258 2384 4311 titulo
2407 4266 2465 4312 et
2488 4260 2869 4325 inscrlptione
2891 4260 3124 4314 inventa
3145 4268 3252 4325 est,
3278 4269 3418 4317 tune

1820 4333 2087 4384 librarius
2108 4332 2335 4397 pietatis
2345 4333 2682 4384 nonnullius
2696 4331 3046 4397 doluit,eam,
3063 4346 3195 4398 qua
3210 4336 3319 4388 sibi
3340 4340 3423 4386 vi-

1822 4406 2064 4457 debatur
2086 4407 2320 4468 optima,
2354 4402 2565 4468 Pelagii
2588 4416 2801 4456 nomen
2836 4417 2955 4469 pra
2999 4418 3061 4458 se
3084 4406 3248 4473 ferre,
3272 4408 3424 4462 odio-

1827 4488 1959 4527 sum
1982 4488 2195 4526 nomen
2224 4474 2462 4526 sustulit
2481 4479 2541 4526 et
2561 4474 2877 4539 gloriosum
2901 4475 3057 4528 aliud
3069 4483 3353 4528 memoratis
3363 4483 3424 4529 de

1827 4546 2021 4599 causis
2091 4546 2411 4598 substituit.
2473 4548 2623 4598 Tum
2688 4546 2956 4612 denique,

3029 4551 3076 4599 si
3140 4550 3425 4605 confessio

1743 4593 1801 4667 D
1827 4593 2465 4684 ;;‘.:.1,,.,.;iiiia"ast
2484 4593 2823 4680 Έῖᾱίοίῗίᾙ
2832 4593 2973 4683 “ait
3009 4593 3426 4687 ἐεὲιθὶ-Ξῖὸῖἑὶιεῖ

1825 4689 2161 4752 Hieronymi
2195 4689 2400 4751 forent,
2446 4693 2586 4740 tunc
2624 4701 2699 4740 ex
2720 4688 2819 4741 illa
2839 4689 3053 4742 codicis
3085 4690 3240 4744 illius
3265 4706 3425 4747 com-

1825 4761 2088 4826 pactione
2124 4759 2459 4824 Hieronymi
2480 4772 2693 4812 nomen
2717 4760 2936 4826 accepit
2956 4762 3110 4827 apud
3131 4763 3425 4819 incautam

1826 4832 2238 4899 posteritatem.
2256 4834 2418 4893 Quod
2434 4836 2492 4883 et
2513 4831 2641 4883 aliis
2665 4832 2929 4884 Patribus
2950 4846 3205 4887 nonraro
3224 4840 3427 4889 accidit.

1827 4905 1917 4956 Ad
1938 4903 2334 4968 Augustinum
2356 4903 2510 4967 quod
2532 4903 2794 4967 pertinet,
2818 4916 2911 4955 res
2941 4904 3112 4969 paulo
3136 4906 3425 4961 difﬁcilius

1829 4980 2003 5040 atque
2034 4975 2353 5040 imperitius
2390 4979 2681 5026 transacta
2702 4979 2794 5026 est
2818 4992 2829 5023 :
2857 4974 3148 5029 difficilius
3172 4980 3427 5042 quidem,

1830 5049 1965 5112 quia
1987 5047 2239 5111 oportuit
2261 5044 2603 5110 professioni
2613 5044 2751 5096 fidei
2774 5047 3106 5100 concionale
3124 5050 3424 5101 exordium

1828 5118 2070 5184 praflgi,
2107 5122 2174 5169 ut
2204 5119 2303 5181 qui
2326 5115 2457 5168 fidei
2480 5114 2708 5167 libellus
2731 5117 2919 5181 reipsa
2942 5130 3130 5170 sermo
3151 5132 3269 5171 non
3283 5124 3427 5183 erat,

1832 5202 2022 5242 sermo
2045 5188 2332 5241 videretur
2357 5205 2367 5236 :
2394 5186 2716 5251 imperitius
2740 5200 2896 5251 vero,
2914 5189 3052 5251 quia
3079 5190 3284 5241 beatus
3305 5192 3427 5242 Au-

1830 5261 2102 5327 gustinus
2125 5258 2380 5311 libellum
2402 5257 2533 5310 fidei
2546 5263 2863 5323 generatim
2881 5263 3048 5322 etper
3061 5260 3422 5313 aversionem

1832 5334 2044 5398 rejecit.
2093 5334 2163 5383 Et
2196 5343 2336 5383 sane
2386 5343 2518 5394 qua
2566 5333 2629 5381 in
2682 5343 2749 5381 eo
2795 5329 2866 5379 de
2896 5328 3073 5381 libero
3096 5331 3330 5383 arbitrio
3353 5332 3427 5382 ad

1833 5402 2168 5456 utrumlibet
2179 5401 2414 5455 nexibili
2436 5407 2492 5454 et
2514 5399 2905 5453 commutabili
2927 5399 3216 5461 dicuntur,
3239 5405 3431 5464 poste-

1832 5475 2076 5526 rioribus
2120 5475 2272 5527 beati
2295 5474 2610 5537 Augustini
2644 5471 3015 5535 dogmatibus
3040 5484 3159 5523 non
3188 5474 3424 5522 omnino

1834 5545 2204 5598 concordant.
2233 5562 2258 5593 ι)
2283 5546 2421 5597 Hac
2444 5543 2755 5596 Launoius.
2770 5544 3173 5607 Superestjam
3188 5547 3253 5595 ut
3277 5555 3426 5606 quos

1836 5713 2158 5766 exscribere
2199 5711 2396 5763 visum
2425 5716 2534 5774 est,
2580 5711 2792 5776 quibus
2826 5709 3098 5775 perlectis
3131 5711 3326 5764 statim
3361 5711 3431 5765 de

1837 5783 2185 5869 Semleriana
2220 5783 2554 5869 recen‘sione
2578 5783 2923 5834 sententiam
2947 5783 3326 5869 ferrepoterit
3350 5783 3433 5835 vir

1837 5855 2173 5908 catholicus.
2362 5855 2527 5905 EDIT.

3070 5942 3137 5998 37
