3866 6206
464 293 602 347 1163

459 405 532 457 ab
554 404 787 455 inventa
812 401 1189 473 typographia
1211 401 1459 452 editores
1484 401 1576 451 hic
1600 399 1822 450 libellus
1847 404 2054 451 nactus
2086 407 2130 473 Α

461 475 645 537 fuerit,
674 473 921 526 breviter
944 471 1045 523 sed
1070 484 1228 524 more
1250 474 1449 523 nostro
1478 482 1903 523 recenseamus.

1113 561 1262 612 Sac.
1303 573 1400 613 xv.

523 640 680 697 1467.
727 641 904 690 Romae
948 638 1099 703 apud
1148 638 1332 691 Udalr.
1375 638 1609 701 Gallum,
1658 638 1833 690 in-fol.
1867 639 2051 702 Expo-

459 714 591 767 sitio
621 711 755 765 ﬂdei
780 711 930 763 beati
952 710 1286 775 Hieronymi
1304 712 1619 775 presbyteri
1640 710 1711 761 ad
1737 710 2051 761 Damasum

460 797 665 850 papam
683 797 697 845 ;
724 784 785 834 in
813 795 927 846 qua
948 782 1201 834 haereses
1224 782 1501 847 plurimas
1513 782 1583 832 de
1599 781 1877 833 Trinitate
1893 783 1950 832 et
1964 780 2051 831 in-

460 856 791 908 carnatione
834 854 933 905 ubi
976 854 1148 916 impie
1202 855 1512 905 sentientes
1561 852 1817 915 damnat,
1850 857 2052 916 petens

461 940 627 978 suam
652 926 823 977 (idem
847 937 881 977 a
914 927 1161 976 Damaso
1186 924 1542 989 comprobari
1569 944 1579 972 :
1606 925 1754 975 inter
1770 924 2050 987 Epistolas

462 1012 566 1049 seu
590 996 877 1061 Opuscula
899 996 1455 1061 Hieronymi,absque
1479 996 1577 1044 loci
1601 1000 1645 1044 el
1665 996 1802 1044 anni
1830 994 2052 1055 indicio,

462 1069 561 1121 sed
579 1067 939 1132 probabiliter
953 1070 1025 1119 ab
1042 1081 1107 1118 eo
1125 1081 1297 1131 quem
1318 1068 1683 1119 laudavimus
1700 1066 2052 1130 typographo

460 1138 824 1203 eodemquel.
845 1143 903 1191 et
924 1152 975 1190 a.
1000 1140 1299 1204 impressa,
1327 1143 1485 1202 parte
1505 1150 1543 1198 Ι,
1567 1143 1725 1189 tract.
1746 1137 1795 1200 1,
1814 1137 2055 1201 epistola

458 1209 513 1265 2.
531 1211 618 1262 Ad
642 1223 879 1262 manum
903 1211 1071 1263 nobis
1096 1216 1184 1261 est
1209 1210 1432 1261 iteratio
1456 1208 1798 1260 Basileensis
1818 1221 1867 1259 a.
1896 1208 2055 1270 1489,

458 1282 557 1333 ubi
582 1286 775 1334 exstat
797 1281 890 1333 fol.
909 1295 1036 1333 VIII.
1064 1282 1385 1333 Editionem
1417 1281 1565 1332 hanc
1584 1280 2053 1343 soquiturNorim-

458 1353 756 1417 bergensis
776 1352 1001 1408 a.1495;
1030 1353 1130 1403 sed
1146 1353 1205 1403 in
1222 1351 1594 1403 Basileensia.
1614 1350 1771 1412 1497,
1789 1358 1835 1398 et
1848 1353 2053 1411 Ludgu-

457 1425 624 1476 nensi
643 1422 798 1483 1513,
813 1424 974 1475 deest
1002 1423 1127 1475 hanc
1142 1422 1738 1487 Expositio.Romana3
1753 1422 2055 1484 Schweyn-

455 1495 627 1547 hemii
654 1500 713 1546 et
742 1496 1023 1546 l‘annartii
1048 1495 1329 1546 editiones
1354 1507 1471 1544 non
1484 1496 1817 1557 suppetunt.

519 1566 677 1620 1470.
704 1567 995 1629 Moguntia:
1021 1566 1171 1629 apud
1195 1566 1333 1615 Pelr.
1358 1565 1835 1628 Schoi/ferJu-IOI.
1853 1564 2050 1614 Hiero-

454 1650 670 1701 nymus
708 1639 949 1688 Damaso
979 1649 1273 1701 exponens
1298 1636 1471 1688 [idem
1508 1649 1673 1687 suam
1720 1636 1810 1687 vel
1847 1648 2049 1699 appro-

457 1708 704 1759 bandam
731 1709 820 1760 vel
851 1707 1244 1771 corrigendam
1264 1722 1277 1769 ;
1299 1708 1449 1758 inter
1469 1707 1803 1769 Hieronymi
1826 1707 2048 1770 Episto-

454 1780 539 1831 las
562 1780 620 1831 h.
646 1779 755 1841 ed.,
788 1779 1041 1830 distinct.
1059 1777 1111 1841 ‘2,
1136 1780 1297 1842 epist.
1326 1782 1373 1830 4.

518 1850 649 1900 Sine
688 1866 837 1899 anno
888 1855 932 1899 et
978 1851 1106 1913 loco,
1133 1849 1309 1901 in-fol.
1336 1849 1672 1913 Explanatio
1708 1848 1837 1900 ﬁdei
1863 1848 2049 1899 sancti

452 1922 785 1986 Hieronymi
807 1921 879 1974 ad
903 1923 1217 1973 Damasum
1238 1935 1252 1985 ;
1265 1921 1414 1972 inter
1427 1920 1711 1984 Epistolos
1726 1924 1783 1971 et
1797 1924 2048 1969 Traclatus

454 1994 801 2057 Hieronymi,
847 1993 1109 2044 editionis
1153 1993 1550 2053 innominatue,
1594 1992 1696 2043 sed
1723 2003 1856 2055 quas
1890 1990 2048 2043 aetati

451 2065 797 2129 praecedenti
826 2077 1039 2128 suppar
1060 2064 1306 2115 videtur.
1337 2066 1514 2128 Epist.
1544 2061 1631 2116 15.

511 2135 669 2189 1494.
717 2135 933 2189 Basilus
977 2135 1127 2199 apud
1157 2136 1242 2184 Jo.
1284 2135 1603 2197 Amerbach,
1628 2132 1799 2185 in-l‘ol.
1826 2135 2048 2197 Augus-

453 2207 555 2258 tini
573 2220 760 2258 sermo
783 2207 852 2259 de
883 2211 1084 2258 sancta
1107 2207 1414 2266 Trinitatc;
1458 2207 1607 2257 inter
1645 2206 1948 2256 Sermones
1978 2203 2048 2254 de

450 2279 726 2341 Tempore
752 2278 806 2328 h.
838 2290 889 2328 a.
921 2283 978 2329 et
1000 2278 1126 2328 loco
1150 2278 1402 2340 primum
1426 2289 1559 2327 cum
1592 2276 1764 2328 variis
1791 2276 1915 2326 aliis
1940 2274 2050 2326 col-

448 2348 795 2399 lectionibus
821 2348 1107 2411 vulgatos,
1121 2361 1307 2399 sermo
1326 2347 1445 2401 191.
1466 2349 1529 2397 In
1541 2347 1743 2398 eadem
1755 2348 2047 2395 collectione

447 2419 660 2470 inserta
680 2420 923 2482 integra:
948 2418 1198 2482 Operum
1239 2418 1475 2469 editioni
1498 2418 1850 2469 Erasmiana)
1883 2415 2042 2479 1542,

450 2495 605 2542 tomo
630 2491 701 2555 X,
724 2502 892 2553 pagg.
917 2488 1235 2550 1018-1020,
1261 2490 1321 2539 in
1345 2489 1435 2541 ed.
1473 2491 1683 2541 Lovan.
1709 2501 1835 2540 exc.
1869 2488 2044 2539 Paris.

450 2560 609 2624 1586,
645 2566 684 2612 t.
708 2562 779 2624 Χ,
805 2574 858 2624 p.
895 2558 1128 2614 547-48:
1152 2560 1213 2612 in
1236 2560 1325 2612 ed.
1349 2560 1945 2623 Benedictinarejecta
1957 2563 2049 2611 est

448 2633 509 2684 in
523 2631 914 2696 Appendicem
939 2631 1078 2682 tomi
1114 2631 1183 2694 V,
1219 2643 1380 2683 num.
1405 2630 1529 2685 236.
1556 2632 1618 2680 de
1638 2630 1744 2694 ﬁde
1764 2630 2050 2679 catholico-

446 2719 594 2768 rum,
620 2704 695 2754 IV
724 2704 897 2767 juxta
914 2705 1189 2767 Antuerp.
1214 2702 1679 2767 descriptionem,
1706 2716 1759 2767 p.
1785 2700 2044 2755 274-276.

1093 2795 1245 2844 Sac.
1276 2805 1397 2844 xvr.

514 2870 670 2926 1516.
694 2871 913 2921 Basilus
935 2871 1087 2936 apud
1110 2870 1818 2935 Froben.,in-fol.Symboli
1843 2871 2042 2935 expla-

448 2944 606 2996 natio
629 2943 703 2996 ad
726 2944 1039 2995 Damasum
1055 2958 1067 3005 ;
1082 2943 1141 2993 in
1156 2942 1245 2994 ed.
1270 2943 1520 3007 Operum
1538 2942 1868 3007 Hieronymi
1885 2943 2044 2993 Eras-

450 3015 659 3079 miana,
684 3020 837 3067 tomo
862 3014 1039 3075 11,101.
1058 3014 1126 3067 56
1152 3015 1207 3065 b.
1235 3016 1504 3066 Erasmus
1526 3014 1750 3066 nullum
1768 3027 1841 3066 ex
1855 3013 2043 3065 omni-

449 3089 559 3139 bus
602 3086 857 3150 omnino,
891 3098 1025 3150 qum
1060 3086 1209 3137 inter
1231 3086 1561 3149 Hieronymi
1585 3085 1854 3150 epistolas
1878 3098 2039 3147 repe-

451 3158 695 3222 riuntur,
742 3156 1017 3221 symbolis
1061 3156 1231 3209 istius
1279 3170 1408 3209 esse
1442 3162 1655 3219 censet,
1703 3156 1805 3208 sed
1837 3155 1908 3208 de
1930 3156 2042 3208 hoc

452 3230 595 3281 nihil
618 3228 866 3293 amplius
893 3228 1114 3280 statuit.

515 3300 673 3355 1549.
724 3300 1009 3363 (Parisiis),
1056 3298 1232 3353 in-12.
1261 3299 1555 3351 Confessio
1593 3298 1723 3350 ﬁdei
1750 3298 2048 3349 catholicas

454 3372 648 3435 (quam
690 3383 724 3422 a
768 3371 983 3422 sanctis
1017 3370 1277 3422 Patribus
1318 3370 1648 3436 accepimus
1686 3373 1743 3420 et
1766 3368 1857 3433 pio
1882 3369 2050 3419 corde

452 3442 756 3503 credimus)
785 3442 934 3493 beati
960 3442 1291 3507 Hieronymi
1310 3442 1500 3494 verbis
1512 3453 1789 3506 expressa
1805 3453 1818 3502 ;
1833 3439 1891 3490 in
1905 3454 2051 3500 Opere

453 3514 635 3566 Caroli
658 3512 845 3576 Magni
863 3513 933 3564 de
952 3514 1326 3576 Imaginibus,
1354 3512 1496 3565 libro
1521 3525 1607 3575 In,
1634 3524 1755 3576 cap.
1784 3511 1831 3564 1.
1863 3512 2052 3561 Prima

454 3586 631 3649 hujus
655 3584 842 3648 operis
866 3583 1040 3635 editio
1064 3584 1213 3635 facta
1229 3589 1318 3635 est
1342 3585 1398 3635 h.
1416 3596 1488 3644 a.,
1505 3584 1631 3635 loco
1653 3596 1788 3634 vero
1809 3580 2054 3633 occulta-

450 3662 528 3719 to,
552 3667 587 3705 a
612 3657 701 3705 Jo.
731 3652 873 3702 Tilio
919 3653 1193 3704 Meldensi
1222 3655 1490 3718 episcopo
1511 3693 1525 3718 ,
1560 3654 1830 3704 simulato
1852 3652 2053 3703 itidem

453 3725 689 3778 nomine
712 3723 975 3787 Eliphili;
995 3724 1057 3773 in
1078 3736 1193 3787 qua
1211 3724 1337 3775 hanc
1362 3724 1646 3775 confessio
1669 3728 1861 3776 exstat
1882 3736 2049 3787 pagg.

451 3794 667 3850 291-97.
712 3794 919 3845 Curata
960 3798 1069 3855 est,
1120 3794 1327 3845 deinde
1367 3807 1488 3845 non
1530 3806 1647 3845 una
1682 3794 1987 3858 descriptio
2019 3807 2055 3844 a

456 3867 656 3920 Melch.
683 3862 957 3917 Goldasto
981 3869 1038 3916 et
1066 3864 1741 3917 Phil.Pareo.Novissima
1764 3870 1852 3917 est
1868 3865 2050 3916 Christ.

457 3944 605 4003 Aug.
640 3936 966 3989 Heumanni
989 3936 1367 3995 Hannoveraa.
1394 3936 1552 4000 1731,
1575 3938 1733 4001 ιιι-δ’,
1757 3936 1857 3989 ubi
1879 3937 1974 3988 hic
1995 3936 2056 3987 li-

458 4010 642 4064 bellus
671 4011 865 4061 exstat
907 4020 1073 4072 pagg.
1118 4006 1339 4063 259-64.
1388 4008 1517 4071 Sed,
1551 4008 1705 4073 quod
1732 4009 1952 4072 mirere,
1979 4023 2053 4061 ne

456 4083 698 4137 verbum
730 4078 962 4144 quidem
983 4080 1057 4131 ad
1080 4079 1349 4132 eumdem
1372 4082 1599 4133 monuit
1624 4082 1822 4132 editor.

518 4153 644 4209 15...
664 4154 882 4216 Romae,
912 4151 1098 4203 in-fol.
1126 4151 1464 4216 Explanatio
1490 4153 1736 4217 symboli
1760 4152 1835 4205 ad
1858 4153 2060 4204 Dama-

459 4238 609 4286 sum,
662 4224 724 4275 in
769 4224 1050 4288 Operibus
1094 4223 1427 4288 Hieronymi
1465 4225 1554 4276 ed.
1606 4224 1765 4275 Marii
1802 4223 2056 4287 Victorii,

460 4304 617 4351 tomo
664 4297 762 4359 XI,
805 4296 960 4359 episl.
1012 4294 1097 4350 17.
1144 4295 1205 4347 in
1254 4296 1533 4362 exemplis
1565 4296 1980 4349 Parisiensibus
2002 4308 2055 4347 a.

466 4368 620 4433 1643,
644 4379 773 4432 pag.
805 4366 891 4422 60.

1704 288 2049 339 PELAGIUS
2081 288 2508 340 BRlTANNUS.

3626 294 3741 348 1164

2160 401 2422 451 Annalib.
2449 401 2523 452 ad
2565 412 2659 452 an.
2685 400 2808 463 417,
2834 401 3046 452 Zosimi
3072 414 3242 467 papa
3267 401 3295 455 1
3323 415 3339 465 ;
3365 402 3431 452 in
3460 402 3593 454 edit.
3614 404 3742 454 Man-

2153 473 2550 599 1s(i)a(.)nz110(1l.uca3
2598 471 2773 535 1741),
2823 475 2978 525 tomo
3022 474 3145 536 VII,
3168 485 3341 525 num.
3365 472 3559 533 31-36.
3592 486 3741 539 pagg.

2771 643 2922 693 δέκα.
2973 653 3127 694 xvn.

2213 729 2370 785 1663.
2439 730 2770 781 Parisiis.....
2822 728 2959 784 ill-8'
3015 730 3103 782 J0.
3169 730 3422 780 Launoii
3489 733 3744 786 Constan-

2151 802 2368 865 tiensis,
2378 800 2715 852 Parisiensis
2728 799 3054 864 theologi,di
3064 801 3340 854 ssertatio
3354 802 3428 854 de
3441 811 3742 853 veroauelore

2151 872 2529 926 Professionis
2576 870 2727 933 fidei,
2753 882 2887 933 quin
2918 872 3163 936 Pelagio,
3190 872 3554 937 Hieronymo
3570 879 3621 925 et
3643 878 3740 926 Au-

2150 946 2382 1011 gustino
2408 943 2578 995 tribui
2602 942 2765 994 solet.
2785 944 2849 993 In
2881 942 2971 994 ed.
2997 943 3252 1008 Operum
3274 945 3411 1008 ejus
3440 946 3741 999 Coloniensi

2156 1016 2312 1071 1731.
2342 1019 2535 1066 exstat
2561 1019 2715 1065 tomo
2734 1015 2803 1077 II,
2827 1019 2987 1077 parte
3008 1026 3071 1077 Π,
3098 1027 3270 1080 pagg.
3298 1014 3556 1070 305-324.

2216 1086 2368 1141 1673.
2406 1084 2654 1146 Parisiis,
2691 1084 2841 1148 apud
2874 1083 2987 1135 Seb.
3013 1086 3183 1136 Marc.
3225 1087 3543 1152 Cramoisy,
3568 1087 3737 1139 in—l'ol.

2153 1157 2449 1211 Confessio
2473 1169 2576 1208 seu
2599 1154 2827 1208 libellus
2851 1155 2983 1208 fidei
3006 1168 3041 1207 a
3063 1157 3294 1221 Pelagio
3321 1171 3397 1210 ex
3413 1158 3643 1211 Oriente
3657 1161 3741 1210 Ro-

2152 1242 2308 1281 mam
2332 1228 2551 1280 missus
2579 1228 2653 1279 ad
2678 1227 2873 1279 sedem
2893 1228 3308 1293 apostolicam;
3334 1228 3396 1279 in
3417 1231 3507 1282 Jo.
3529 1232 3736 1280 Gamerii

2151 1299 2655 1352 dissertationibus
2681 1298 2752 1349 ad
2778 1298 2912 1349 Mar.
2943 1300 3278 1351 Mercatoris
3303 1312 3500 1365 opera,
3530 1300 3737 1353 dissert.

2152 1371 2204 1433 5,
2229 1384 2361 1436 quae
2384 1375 2473 1422 est
2494 1371 2556 1420 de
2579 1369 2815 1433 Libellis,
2840 1370 2966 1433 ﬁdei
2989 1371 3147 1420 editis
3170 1387 3207 1420 a
3227 1371 3569 1437 Pelagianis,
3588 1384 3736 1437 pagg.

2214 1513 2521 1566 Garnerius
2555 1525 2697 1565 usus
2721 1517 2811 1565 est
2838 1512 2899 1563 in
2921 1511 3032 1564 hoc
3054 1512 3247 1564 libello
3281 1513 3738 1579 repraesentanda

2151 1585 2480 1651 apographo
2496 1584 2707 1635 codicis
2719 1583 2943 1647 antiqui
2956 1585 3014 1635 P.
3029 1584 3395 1649 Sirmondi,ej
3404 1586 3607 1637 usdem
3623 1588 3736 1634 haud

2072 1672 2123 1744 B
2150 1655 3739 1744 d9???‘19???9:1?PBd95“"?99‘29‘1‘5‘1‘3‘39999Faﬁli‘f

2145 1730 2331 1781 noius.
2358 1730 2483 1792 Ipse
2506 1732 2719 1790 autem,
2740 1729 2802 1778 ut
2816 1727 3125 1779 Garnerius
3149 1728 3426 1792 aiﬂrmat,
3442 1740 3548 1780 sua
3578 1740 3735 1779 manu

2148 1800 2500 1863 descriptum
2511 1798 2776 1850 editurus
2802 1802 2941 1861 erat,
2966 1798 3227 1850 nisieum
3246 1799 3636 1863 praevertisset
3648 1799 3734 1850 Ba-

2149 1871 2363 1921 ronius.
2421 1871 2824 1921 Correctiorem
2858 1872 3054 1920 tamen
3100 1868 3401 1932 aliquanto
3441 1868 3736 1921 Baroniana

2147 1941 2390 1993 lectione
2403 1940 2550 1991 hanc
2564 1952 2730 1990 suam
2743 1939 3136 1991 recensionem
3147 1952 3283 1992 esse
3294 1942 3375 2001 pol
3384 1942 3563 1989 licetur
3573 1941 3731 1987 editor.

2146 2014 2283 2063 Tres
2308 2016 2504 2063 autem
2530 2010 2682 2061 illius
2704 2016 2896 2075 partes
2913 2010 3063 2075 fecit,
3087 2022 3339 2075 quarum
3352 2014 3568 2071 primam
3590 2010 3733 2059 Theo-

2148 2084 2373 2145 Iogicam
2396 2120 2408 2141 ,
2458 2082 2697 2133 alteram
2753 2082 3178 2145 (Economica-m,
3228 2082 3459 2134 tertiam
3498 2082 3731 2131 Ethicam

2147 2154 2311 2215 dixit,
2339 2156 2727 2216 praetereaque
2749 2154 3005 2206 numeris
3020 2154 3346 2206 sectionum
3358 2152 3450 2207 26.
3464 2152 3730 2204 distinxit.

2147 2225 2452 2276 Contendit
2483 2224 2750 2277 eumdem
2778 2224 2987 2277 deinde
3014 2237 3188 2290 pagg.
3214 2223 3457 2280 309-311
3485 2237 3611 2276 cum
3628 2226 3732 2276 Cm-

2148 2296 2298 2346 lestii
2345 2294 2627 2359 symbolo,
2676 2295 2832 2359 quod
2868 2296 3160 2361 integrum
3183 2295 3325 2347 item
3348 2296 3462 2347 sibi
3480 2297 3631 2347 visus
3649 2301 3730 2348 est

2149 2367 2338 2418 edere.
2364 2368 2539 2418 Notas
2555 2366 2728 2417 etiam
2742 2366 3046 2425 addidit,in
3061 2368 3280 2431 quibus
3293 2380 3496 2419 verum
3508 2379 3727 2418 sensum

2148 2438 2610 2561 utnigscgijusque
2634 2442 2752 2489 tam
2782 2443 3045 2504 apertum
3069 2450 3250 2503 quam
3280 2441 3495 2491 tectum
3521 2439 3723 2503 aperire

2149 2524 2175 2560 s
2200 2523 2245 2561 .u
2293 2522 2349 2561 ui
2383 2547 2393 2559 .

2149 2510 2393 2561 studuit.

2768 2609 2920 2661 SBC.
2951 2620 3124 2661 χχιιι.

2210 2704 2367 2759 1705.
2395 2705 2621 2755 London
2641 2705 2862 2770 printed
2884 2705 2949 2771 by
2985 2707 3023 2756 1.
3051 2707 3330 2771 Downing
3353 2708 3445 2770 for
3461 2707 3522 2757 R.
3552 2706 3728 2771 Symp-

2142 2792 2257 2840 son,
2284 2782 2418 2841 etc.,
2441 2778 2605 2831 in-8o.
2633 2778 2949 2843 Pelagius‘s
2973 2779 3155 2830 Creed
3181 2783 3315 2830 sent
3335 2778 3477 2829 With
3497 2790 3534 2829 a
3560 2779 3731 2829 Letter

2144 2848 2476 2912 (fragmenta
2497 2848 2819 2911 litterarum)
2841 2854 2897 2901 to
2921 2851 3072 2915 Pope
3098 2852 3379 2901 Innocent
3402 2850 3507 2901 but
3530 2848 3729 2911 ﬁnding

2144 2919 2263 2971 him
2300 2919 2465 2984 dead,
2527 2919 2843 2971 translated
2886 2920 3001 2971 and
3025 2920 3349 2972 illustrated
3374 2921 3451 2983 by
3492 2920 3570 2970 W.
3604 2919 3729 2968 Wall

2145 2990 2319 3054 (vicar
2340 2990 2401 3041 in
2425 2990 2747 3042 Shoreham
2774 2991 2836 3042 in
2853 2992 3057 3055 Kent);
3086 2991 3146 3042 in
3167 2992 3299 3053 ejus
3324 2992 3543 3055 History
3567 2989 3626 3051 of
3642 2990 3726 3039 In-

2142 3062 2548 3125 fant—Baplism.
2582 3067 2725 3126 part.
2773 3074 2811 3113 I.
2858 3074 2981 3127 cap.
3019 3062 3107 3125 19,
3152 3062 3188 3125 ς
3212 3060 3283 3115 29
3305 3068 3362 3115 et
3393 3061 3481 3117 30.
3506 3074 3595 3127 pp.
3616 3059 3725 3115 249.

2146 3131 2267 3187 ⁴263.
2297 3134 2494 3186 Notior
2516 3134 2827 3198 praeclarus
2853 3133 2947 3184 hic
2971 3134 3116 3185 liber
3137 3133 3399 3186 redditus
3425 3138 3513 3186 est
3533 3134 3592 3184 in
3611 3136 3726 3184 Ger-

2148 3205 2356 3268 mania,
2380 3217 2451 3256 ex
2478 3218 2593 3269 quo
2614 3206 2781 3257 Joan.
2807 3204 3029 3257 Ludov.
3055 3204 3428 3257 Schlosserus
3448 3218 3581 3258 eum
3599 3204 3731 3256 idio-

2148 3281 2301 3328 mate
2324 3276 2502 3328 latino
2537 3276 2776 3329 donavit
2796 3281 2856 3329 et
2889 3276 3100 3328 excudi
3126 3276 3265 3328 fecit
3285 3276 3517 3329 duobus
3552 3276 3730 3328 itidem

2147 3348 2538 3401 voluminibus
2565 3348 2728 3401 in-4°.
2756 3350 2975 3400 Bremaa
3006 3346 3167 3411 1748,
3192 3349 3257 3399 in
3287 3360 3536 3411 quorum
3569 3348 3733 3413 primo

2148 3433 2315 3485 pagg.
2344 3418 2575 3474 372-391
2605 3421 2727 3484 ipse
2753 3421 2947 3471 textus
2968 3419 3146 3483 hujus
3186 3419 3457 3484 symboli,
3481 3420 3736 3484 adjuncta

2149 3493 2408 3543 versione
2432 3490 2689 3555 Anglica.
2713 3491 2867 3542 notis
2893 3497 3093 3543 autem
3120 3490 3314 3542 Wallii
3356 3491 3558 3543 Latine
3573 3490 3736 3542 textui

2149 3564 2345 3615 statim
2358 3562 2655 3626 subjectis,
2675 3566 2733 3614 et
2748 3562 3099 3627 appositisin
3115 3563 3233 3614 imo
3250 3563 3510 3628 margine
3530 3563 3738 3616 8011105-

2152 3635 2262 3686 seri
2292 3634 2915 3697 animadversionibus,
2940 3635 3269 3687 exhibetur.

2217 3705 2373 3760 1706.
2421 3706 2655 3756 Parisiis
2699 3706 2852 3771 apud
2891 3706 3094 3755 Ludov.
3118 3706 3422 3757 Roulland.
3447 3705 3621 3758 in-fol.
3645 3706 3737 3756 Ex-

2152 3778 2407 3844 planatio
2436 3779 2687 3844 Symboli
2709 3778 2782 3830 ad
2808 3780 3123 3831 Damasum
3141 3797 3154 3837 ;
3170 3780 3235 3831 in
3260 3781 3420 3831 tomo
3439 3779 3490 3829 V
3507 3778 3737 3843 Operum

2152 3852 2508 3914 Hieronymi,
2542 3852 2632 3903 ed.
2682 3850 3016 3914 Martianaai,
3054 3864 3110 3915 p.
3147 3849 3255 3905 122
3286 3863 3374 3915 sq.
3416 3851 3547 3903 Non
3567 3860 3737 3915 opere

2154 3922 2406 3986 pretium
2452 3923 2621 3975 duxit
2644 3922 3016 3975 Martianmus
3048 3923 3327 3974 lectorem
3346 3921 3654 3974 admonere
3680 3919 3737 3971 de

2153 4000 2386 4048 auctore
2398 3993 2575 4059 hujus
2592 3994 2852 4058 symboli,
2865 3995 2982 4045 imo
2998 3994 3226 4045 Erasmi
3240 4006 3570 4058 censuram,
3585 4003 3737 4057 quam

2152 4068 2288 4120 huic
2316 4070 2374 4119 et
2395 4066 2630 4130 reliquis
2647 4066 2928 4130 symbolis
2951 4078 3087 4129 qum
3109 4066 3172 4117 in
3194 4066 3548 4131 Hieronymo
3561 4076 3736 4117 occur-

2156 4142 2293 4191 runt
2318 4137 2691 4202 praemiserat,
2718 4139 2971 4201 repetere
2996 4138 3140 4189 satis
3160 4138 3390 4190 habuit.

2220 4208 2377 4265 1742.
2415 4208 2630 4259 Veronae
2672 4208 2851 4261 in-fol.
2877 4208 3219 4273 Explanatio
3250 4208 3513 4275 Symboli
3554 4208 3737 4262 adDa-

2157 4293 2417 4344 masum;
2439 4280 2502 4331 in
2523 4279 2611 4331 ed.
2647 4281 2899 4345 Operum
2923 4280 3307 4344 Vallarsiana,
3330 4284 3492 4334 tomo
3508 4283 3595 4344 XI,
3617 4282 3738 4345 part

2157 4368 2219 4420 ιι,
2245 4366 2413 4419 pagg.
2439 4350 2687 4414 146-150,
2711 4352 2771 4404 in
2811 4352 2901 4404 ed.
2931 4353 3156 4405 Veneta
3173 4353 3381 4418 (1771),
3416 4353 3576 4417 ibid.,
3598 4364 3740 4419 pagg.

525 4425 682 4496 1592'.
718 4425 945 4501 'Romaa,
994 4437 1171 4490 in-fol.
1201 4438 1451 4490 Libellus
1475 4438 1608 4490 ﬁdei
1634 4438 1841 4504 Pelagii
1866 4438 1938 4490 ad
1963 4440 2057 4489 In-
2082 4477 2138 4504 η
2160 4428 2409 4486 202-205.
2437 4426 2745 4480 Praemissa
2772 4430 2864 4479 est
2883 4425 3208 4479 admonitio
3223 4428 3393 4491 justa
3410 4431 3473 4480 et
3498 4427 3627 4481 huic
3638 4426 3740 4478 loco

463 4477 795 4569 nocentium
810 4478 945 4562 cum,
958 4509 1200 4575 epistola
1218 4510 1613 4568 transmissus,
1628 4509 1687 4561 in
1698 4477 1839 4562 εἷς.
1854 4511 2057 4559 Baronli
2082 4477 2140 4551 D
2160 4508 2312 4568 apta.

465 4698 796 4715 ﬁ

1231 4846 1539 5014 EX
1563 4844 2705 5012 POSITION
2718 4844 3005 5011 ES

845 5178 1017 5319 IN
1116 5172 2067 5353 EPISTOLAS

2155 5169 2751 5321 SANCTI
2842 5171 3396 5381 PAULI.

472 5445 783 5528 (Excusze
844 5444 999 5506 sunt
1066 5441 1175 5506 ha)
1237 5434 1741 5595 Expositionest
1771 5435 1837 5498 in
1893 5435 2285 5599 A£§§ndicei
2343 5435 2451 5597 ard4
2453 5437 2693 5617 5s;1ncti
2754 5435 3143 5519 Hieronymi
3209 5437 3474 5521 Opera,
3536 5435 3745 5505 Patrol.

1742 5549 1883 5596 .om.
2112 5584 2126 5611 ,
2182 5550 2311 5597 co.
2384 5556 2406 5596 )

1742 5549 1883 5596 ,om.
1941 5549 2126 5611 λλλ,
2182 5549 2311 5597 COI.
2364 5549 2406 5596 u
