3866 6206
136 376 3450 418 _________________________________

593 512 1207 612 LIBELLUS
1274 518 1621 613 FIDEI
1692 516 2837 628 AD'INNOGENTIUM
2912 534 2983 627 Ι.

702 660 976 747 (Editus
1026 668 1134 731 est
1181 667 1291 733 hic
1340 668 1631 736 Libellus
1685 672 1933 740 Patro].
1994 680 2127 741 tom
2178 677 2447 758 XLVIII,
2503 682 2633 746 co].
2687 683 2882 770 488.)

125 839 3439 879 ____________________________________________

957 966 1501 1043 EPISTOLA
1586 972 1734 1042 AD
1809 971 2643 1048 DEMETBIADEM.

112 1116 362 1202 (Hanc
412 1120 779 1202 Epistolam
828 1125 1082 1192 videsis
1132 1124 1307 1192 inter
1354 1127 1573 1209 Opera
1621 1134 1860 1196 sancto
1912 1131 2317 1214 Hieronymo
2366 1135 2716 1209 attributa,
2761 1136 3010 1202 Patro].
3054 1143 3213 1205 tom.
3256 1140 3443 1243 XXX,

1675 1244 1922 1331 initio.)

1465 1531 1579 1595 ορ
1587 1530 1698 1596 US
1739 1533 2110 1598 DUBIUM.
2732 1608 2741 1619 ,

775 1695 1316 1774 EPISTOLA
1394 1648 1540 1770 An
1614 1699 2247 1775 CELANTIAM
2321 1703 2785 1777 VIDUAM.

235 1848 465 1937 (Hanc
517 1856 732 1923 habes
782 1858 958 1922 inter
1005 1858 1344 1940 Epistolas
1395 1862 1612 1926 sancti
1666 1861 2075 1944 Hieronymi,
2130 1863 2382 1929 Patro].
2437 1868 2597 1930 tom.
2661 1865 2851 1945 XXI],
2907 1871 3038 1934 co].
3095 1868 3323 1957 1204.)

730 2121 994 2169 οιιειιι
1037 2122 1375 2187 QUORUM
1416 2125 1920 2173 εκιαωτι
1960 2127 2257 2175 rma!

1302 2125 1375 2171 κ
1416 2125 1920 2173 FRAGMENTA
1960 2127 2300 2175 τωυκ
2341 2129 2829 2178 amnem.

414 2266 1523 2389 EUGOLOGIE
1662 2271 1924 2391 εκ
2053 2274 3122 2401 SCRIPTUM.

1012 2452 1268 2541 (Adisis
1321 2457 1573 2522 Patro].
1629 2461 1793 2523 tom.
1849 2459 2117 2538 XLVIII,
2163 2463 2297 2525 co].
2349 2460 2541 2547 593.)

1143 2618 1524 2711 LIBER
1597 2619 1766 2712 DE
1836 2620 2411 2717 NATURA.

1192 2786 1201 2795 λ
1438 2765 1678 2853 (Ιὺεἰι’.,
1733 2772 1867 2837 co].
1918 2766 2113 2856 598.)

1058 2905 1484 3000 LIBER
1578 2907 1769 3001 AD
1862 2907 2465 3005 VIDUAM.

1445 3054 1688 3142 σθω..
1744 3057 1877 3123 co].
1920 3054 2115 3143 597.)

1092 3202 1639 3278 EPISTOLA
1706 3201 1855 3273 AD
1927 3200 2405 3277 AMICUM.

1422 3335 1665 3424 (15221.,
1721 3337 1851 3403 co].
1904 3333 2101 3422 609.)

875 3430 1423 3559 EPISTOLA
1497 3483 1645 3556 AD
1721 3480 2464 3558 INNOCENTIUM
2534 3486 2606 3572 ι,

1411 3614 1654 3703 (Ibid,
1711 3618 1839 3683 col.
1894 3613 2090 3702 610.)

620 3765 1199 3859 EPISTULA,
1279 3784 1394 3827 seu
1467 3762 2058 3835 CHARTULA
2121 3762 2886 3869 PURGATIONIS,

1193 3900 1297 3946 AD
1340 3897 1718 3944 IANO'I'UM
1770 3896 2317 3943 AUGUSTINUM.
2364 3926 2371 3932 -

75 4012 352 4103 (Ibz’d.,
393 4012 526 4077 co].
559 4011 715 4089 608,
755 4028 1018 4077 necnon
1048 4007 1224 4076 inter
1252 4010 1474 4091 Opera
1502 4008 1719 4073 sancti
1746 4006 2126 4091 Augustini,
2162 4007 2419 4073 Patro].
2453 4013 2614 4076 tom.
2650 4010 2858 4091 XLIV,
2895 4014 3028 4080 co].
3063 4015 3196 4080 352
3224 4016 3409 4104 sqq.)

392 4158 876 4277 LIBRI
1007 4157 1250 4275 DE
1370 4153 2039 4274 LIBERO
2180 4155 3116 4284 ABBITBIO.

506 4339 702 4430 (Quae
754 4345 1123 4425 supersunt
1169 4342 1398 4423 legere
1448 4342 1554 4405 est
1602 4338 1845 4405 Patro].
1904 4343 2066 4404 tom.
2121 4338 2390 4405 XLVII].
2443 4342 2574 4407 co].
2627 4342 2750 4406 611
2807 4341 2995 4431 sqq.)

1165 4630 1428 4678 opm
1477 4629 1745 4677 om
1747 4627 1794 4674 ο
1850 4628 2323 4676 DPBBDI'I‘A.

873 4740 1215 4837 LIBRI
1285 4737 1605 4834 TRES
1674 4738 1844 4832 DE
1910 4737 2633 4835 TRINITATE.

615 4893 955 4982 (Consule
1004 4893 1400 4959 Garnerium
1449 4890 1630 4955 dicto
1676 4888 1927 4965 Patro],
1983 4892 2142 4953 tom.
2194 4888 2463 4968 XLVII],
2510 4893 2641 4957 co].
2695 4892 2892 4980 587.)

889 5036 1507 5113 EPISTOLA
1625 5036 1788 5110 AD
1909 5033 2592 5108 PAULINUM.

1013 5172 1226 5262 (Vide
1275 5171 1668 5238 Garnerinm
1711 5169 1824 5234 cit.
1878 5169 2038 5245 loc.,
2093 5170 2224 5234 co].
2276 5167 2470 5255 596.)

534 5321 1068 5397 EPISTOLA
1167 5320 1311 5389 AD
1417 5313 2183 5390 CONSTANTIUM
2289 5315 2938 5393 EPISCOPUM.

1248 5448 1481 5537 .(Vz'de
1530 5448 1948 5527 Garncrium,
2004 5445 2211 5534 ibid.)

698 5601 1228 5678 EPISTOLA
1278 5600 1426 5672 AD
1477 5595 1982 5672 SANCTUM
2037 5596 2781 5683 AUGUSTINUM,

571 5741 771 5807 POST
864 5735 1295 5803 ADVENTUM
1380 5731 1694 5798 PELAGII
1791 5729 1867 5794 IN
1950 5729 2478 5796 PALZESTINAM
2571 5732 2904 5800 SCRIPTA

1009 5847 1309 5937 (Confer
1358 5844 1776 5923 Garnerium,
1831 5840 2031 5923 z'bz'd.,
2086 5844 2216 5910 col.
2268 5842 2463 5931 606.)
