3866 6206
152 304 292 360 1169
1041 307 1325 360 OPERUM
1364 309 1452 359 ET
1488 306 1881 359 EDITIONUM
1916 306 2201 360 PELAGII
2234 312 2595 365 RECENSIO.
3317 319 3456 375 1170

142 424 463 498 minerunt,
479 426 679 493 conjici
700 430 893 491 potest
907 429 1248 492 posteriores
1263 428 1559 480 esselibris
1575 434 1681 477 octo
1695 429 1755 475 ad
1780 424 1835 497 Α
1864 436 2005 476 num
2018 428 2243 489 Syrum,
2263 440 2365 478 seu
2389 432 2787 493 presbyterum
2812 432 3154 497 Palaestina,
3166 434 3458 498 quiaMer-

150 497 411 561 Florum,
429 500 638 564 quibus
661 502 975 554 refutandis
995 503 1088 555 ille
1110 504 1459 556 immortuus
1492 509 1598 555 est,
1618 506 1757 556 Gar—
1862 502 2052 570 catore
2066 498 2338 570 magister
2349 501 2933 567 Pela.giiCCBlestiique
2944 507 3107 555 dictus
3120 497 3454 570 fuit;altcrum

150 570 363 641 nerius
386 573 674 635 posterius
697 586 827 626 esse
840 574 1079 638 judicat,
1104 579 1403 640 propterea
1425 576 1577 639 quod
1604 581 1759 627 totus
1857 569 2172 631 Julianum,
2199 569 2307 621 hac
2331 573 2581 624 maXime
2605 574 2673 625 d6
2698 588 2873 626 causa
2897 576 3306 641 (Ιιλοάίῐιιϐἕΐαδ
3337 579 3454 632 fere

151 640 479 695 imitatione
504 643 783 697 Theodori
798 646 1207 709 Mopsuesteni,
1219 647 1602 710 quiamatorie
1614 648 1759 698 scri-
1859 653 1931 693 ex
1954 654 2020 692 eo
2036 643 2264 706 pagina
2288 644 2347 693 in
2372 643 2481 693 isto
2498 644 2632 695 ﬂdei
2654 645 2857 709 libello,
2871 658 3043 709 quem
3055 640 3255 700 recens
3267 650 3318 701 ei
3335 653 3452 699 vin-

60 728 71 739 '
141 712 329 775 pserit
361 714 423 764 in
448 714 696 773 Cantica,
730 717 1085 781 compositus
1113 717 1391 769 videatur.
1421 719 1761 781 Fragmenta
1860 713 2340 775 dicatumiverat,
2360 715 2716 779 transcripta
2736 720 3105 782 reperiantur,
3125 720 3457 773 undestatuit

137 783 378 856 aliquot
390 798 462 836 ex
479 786 629 837 Beda
642 786 1065 840 collectahabes
1081 788 1233 853 apud
1250 792 1511 841 eumdem
1532 790 1591 841 in
1614 790 1755 856 App,
1857 787 2095 856 tantum
2112 798 2190 837 ex
2213 784 2324 836 hoc
2343 785 2485 836 libro
2507 786 2830 850 profecisse,
2852 796 2916 841 ut
2940 803 3110 843 suum
3123 791 3259 843 fidei
3284 795 3452 841 Libel-

142 855 216 904 ad
236 854 374 927 diss.
406 857 437 910 6
464 856 594 923 Opp.
622 864 654 909 t.
682 861 723 910 Ι.
742 874 867 923 pag.
893 858 997 914 388
1022 873 1108 924 sq.
1668 854 1675 855 “
1702 854 1711 856 ⁷
1856 854 1975 906 lum
2010 855 2259 908 voluerit
2288 869 2419 909 esse
2460 857 2749 909 Ruﬁniani
2772 872 2917 922 pene
2942 862 3346 927 compendium
3372 864 3451 927 (c).

198 926 387 975 Dubia
416 934 557 980 sunt
591 934 693 981 aut
728 931 959 983 omnino
1002 931 1141 993 falso
1191 931 1420 984 Juliano
1466 933 1703 996 ascripta
1742 951 1753 984 :

138 997 395 1061 Epistola
439 998 648 1065 Pelagii
691 1001 766 1051 ad
807 1002 1219 1065 Demetriadem,
1257 1015 1389 1067 qua
1412 1009 1477 1055 ut
1498 1003 1756 1057 diversos

136 1069 405 1121 maxime
421 1076 688 1123 auctores
711 1074 915 1137 partim
934 1075 1292 1139 ignorantia,
1310 1074 1756 1139 partimingenio

138 1141 465 1193 hominum
480 1142 694 1204 debuit,
708 1157 813 1196 nec
829 1145 1079 1209 effugere
1096 1147 1301 1211 potuit,
1319 1146 1626 1210 quominus
1638 1150 1756 1196 huic

142 1212 528 1265 tribueretur.
552 1216 916 1279 Augustinus
938 1229 1105 1281 porro
1127 1217 1187 1269 in
1211 1230 1379 1282 opere
1389 1222 1589 1269 contra
1610 1216 1757 1269 duas

138 1283 593 1347 Pelagianorum
620 1286 893 1349 epistolas
908 1288 977 1339 ad
996 1288 1369 1352 Bonifacium,
1385 1287 1528 1339 libro
1551 1288 1753 1352 primo,

134 1354 605 1417 redarguendam
624 1357 732 1410 sibi
745 1359 995 1422 sumpsit
1004 1360 1305 1424 epistolam
1316 1364 1591 1422 tanquam
1603 1362 1756 1407 Julia-

138 1426 217 1489 ni,
245 1428 762 1487 Romammissam.
781 1443 956 1493 quam
980 1431 1073 1483 ille
1100 1434 1290 1483 tamen
1316 1443 1482 1483 suam
1506 1443 1634 1482 esse
1650 1443 1754 1483 ne-

135 1498 300 1560 gavit
326 1498 421 1550 his
437 1500 628 1553 verbis
650 1518 660 1549 :
688 1502 1407 1567 FacilquoqueAugustinus
1425 1504 1752 1551 mentionem

136 1568 405 1645 epistola,
433 1585 601 1635 quam
627 1587 765 1645 arme
790 1573 869 1621 ait
889 1575 1118 1623 Romam
1157 1574 1320 1636 fuisse
1343 1574 1599 1645 directam
1616 1590 1632 1633 ;
1664 1573 1754 1622 sed
1848 1574 1989 1625 Jesu
2024 1575 2212 1638 presb.
3298 1639 3305 1645 δ

130 1639 309 1689 verba
366 1656 484 1704 qua
522 1644 718 1707 posuit,
751 1645 1092 1707 nequivimus
1128 1660 1235 1708 quo
1274 1645 1337 1694 de
1358 1646 1553 1709 scripto
1584 1644 1756 1709 loque-
1920 1646 2318 1708 Dignanotatu
2336 1649 2475 1695 sunt
2488 1657 2622 1708 qua
2645 1645 2716 1697 de
2732 1648 3032 1701 occasione
3050 1650 3229 1712 hujus
3252 1639 3450 1703 editio-

137 1716 295 1786 retur
318 1727 623 1776 agnoscere.
640 1715 788 1765 Nam
813 1716 885 1765 ad
912 1715 1193 1765 Zosimum
1217 1717 1497 1780 quondam
1520 1715 1666 1765 illius
1683 1716 1752 1764 ci-
1848 1716 1940 1767 nis
1960 1717 2082 1780 ipse
2102 1716 2352 1780 prodidit
2377 1716 2703 1779 Garnerius,
2726 1735 2757 1767 <<
2780 1720 2966 1782 Hunc,
2987 1722 3260 1786 inquiens,
3284 1724 3451 1775 Pater

131 1783 321 1863 vitatis
346 1786 655 1863 episcopum
666 1801 826 1851 super
838 1788 923 1836 his
944 1787 1323 1863 quaestionibus
1346 1790 1483 1863 duas
1505 1787 1750 1863 epistolas
1770 1788 1825 1863 B
1848 1788 2099 1863 1Iacobus
2132 1787 2491 1863 Sirmondus,
2523 1802 2595 1863 es
2629 1790 2824 1863 codice
2855 1792 3194 1856 Veronensi,
3220 1783 3355 1845 cum
3387 1792 3448 1844 in

132 1853 440 1928 destinavi;
470 1874 658 1909 verum
679 1876 737 1910 eo
779 1866 1009 1926 tempore
1034 1877 1141 1925 quo
1167 1862 1346 1913 adhuc
1380 1860 1538 1911 libros
1564 1861 1752 1923 (contra
1770 1853 1821 1863 ”
1847 1858 2008 1910 Italia
2027 1862 2367 1919 versaretur,
2392 1860 2697 1924 exscripsit
2719 1873 2824 1914 sua
2846 1874 3042 1927 manu,
3065 1853 3323 1928 mihique
3346 1864 3448 1916 ali-

136 1924 402 1987 primum
415 1930 726 1995 Augustini
751 1933 823 1985 de
848 1924 1076 1997 Nuptiis
1091 1939 1149 1985 et
1163 1932 1583 1995 concupiscentia)
1600 1945 1749 1980 exor-
1849 1930 2081 1993 quando
2113 1929 2384 1991 ostendit,
2410 1936 2467 1981 et
2490 1933 2797 1995 gratulatus
2825 1924 3320 1998 extemporalenide
3341 1950 3447 1985 au-

129 2011 222 2070 sus
252 2014 371 2048 non
395 2017 552 2052 eram
571 2004 657 2066 (a).
678 2006 926 2057 Alterius
947 2018 1222 2068 ergocum
1240 2005 1561 2070 fragmenta
1575 2018 1748 2063 super-
1847 2007 1984 2050 clere
2003 2006 2049 2050 et
2074 2007 2304 2065 tempore
2326 2002 2686 2064 conjecturam
2709 2003 2867 2057 dedit
2877 2004 3283 2057 illustrandum
3293 2007 3448 2058 notis

137 2068 282 2133 sint,
296 2071 543 2126 alteram
555 2080 714 2139 patet
736 2089 972 2141 prorsus
995 2068 1372 2130 intercidisse.
1391 2078 1567 2128 Secus
1583 2082 1745 2123 tamen
1847 2077 1903 2123 et
1928 2071 2079 2136 typis
2103 2072 2519 2124 mandandum.
2537 2089 2567 2121 »
2593 2074 2799 2127 Mirum
2823 2076 3031 2140 quippe
3046 2088 3161 2127 non
3183 2081 3273 2128 est
3293 2077 3446 2141 quod

136 2144 350 2194 statuit
375 2144 702 2198 Garnerius.
731 2149 901 2200 Ponit
922 2149 1078 2201 enim
1106 2149 1344 2200 alteram
1363 2148 1436 2199 ad
1453 2145 1745 2199 Zosimum
1847 2142 2295 2207 extemporalem
2311 2156 2477 2195 suam
2497 2145 2907 2210 conjecturam,
2938 2147 3444 2214 Sirmondoappro-

128 2214 438 2275 epistolam
465 2219 737 2283 scriptam
768 2219 952 2272 fuisse
976 2220 1291 2273 octodecim
1324 2221 1742 2284 episcoporum;
1845 2215 2059 2273 batam,
2102 2217 2399 2277 tantopere
2442 2216 2665 2280 foverit,
2705 2221 2764 2269 et
2786 2216 2928 2269 nihil
2952 2218 3004 2270 ei
3031 2218 3278 2283 officere,
3301 2219 3443 2271 nihil

128 2285 499 2339 subscribere
515 2280 822 2342 Tractoria
848 2293 1058 2343 Zosimi
1079 2280 1457 2341 detrectandam
1476 2280 1680 2338 nomine
1700 2280 1748 2336 οἱ
1846 2298 1963 2336 non
1995 2298 2123 2337 eam
2158 2287 2381 2349 juvare,
2416 2287 2687 2339 omnibus
2728 2300 3069 2353 persuasum
3093 2302 3220 2341 esse
3253 2280 3439 2343 vellet.

128 2368 263 2407 cum
279 2356 498 2410 fortein
516 2373 729 2413 manus
753 2363 881 2426 ejus
898 2362 1202 2414 incidisset
1219 2362 1445 2412 Libellus
1470 2361 1595 2424 ﬁdei
1616 2374 1746 2423 quo-
1846 2358 2017 2419 Atqui
2042 2358 2099 2407 in
2120 2370 2228 2408 ms.
2249 2357 2442 2408 codice
2461 2358 2617 2410 unde
2636 2358 2891 2411 libellum
2915 2361 3255 2413 Sirmondus
3278 2361 3443 2415 eruit.

128 2428 389 2478 rumdam
400 2431 767 2493 episcome
797 2434 869 2482 ad
898 2434 1291 2498 metropolitam
1309 2448 1470 2481 suum
1512 2431 1743 2482 nomine
1845 2427 1985 2479 nihil
2020 2441 2192 2491 super
2216 2428 2363 2479 tituli
2388 2428 2512 2479 loco
2536 2430 2790 2493 positum
2813 2436 2953 2493 erat,
2978 2437 3185 2496 prater
3201 2434 3442 2495 quaedam

1843 2511 2162 2550 evanescen
2170 2498 2312 2549 tium
2325 2498 2645 2551 litterarum
2658 2501 3047 2567 ﬂguras,quas
3060 2505 3149 2553 ille
3158 2506 3233 2554 sic
3241 2518 3447 2565 expres-

2418 1014 2513 1075 22.
2542 1018 2880 1069 EDITIONBS.

1928 1145 2084 1200 1668.
2124 1148 2353 1198 Parisiis
2384 1149 2534 1212 apud
2559 1149 2937 1200 Sebastianum
2983 1152 3213 1205 Marbre.
3247 1182 3304 1191 —
3330 1157 3454 1206 Cra-

1868 1220 2061 1284 moisy,
2104 1221 2243 1283 regis
2282 1221 2587 1284 lypogrmia
2608 1220 2865 1285 Jacoba-a,
2895 1222 2992 1271 sub
3019 1222 3271 1287 Ciconiis,
3306 1226 3448 1279 ΙΙΙ-8ο

1853 1290 2071 1342 Juliani
2093 1291 2340 1343 Eclanen
2347 1291 2428 1342 sis
2451 1292 2701 1356 episcopi
2737 1292 2989 1345 Libellus
3001 1294 3132 1345 ﬁdei
3157 1295 3371 1347 missus
3382 1297 3455 1347 ad

1854 1362 2051 1412 seriem
2084 1361 2452 1425 apostolicam
2490 1362 2551 1412 in
2588 1375 2761 1414 causa
2787 1363 3237 1428 Pelagianorum.
3266 1368 3456 1419 Prodit

1853 1445 2010 1483 nunc
2030 1433 2280 1497 primum
2306 1446 2378 1484 ex
2403 1433 2600 1484 codice
2615 1435 2932 1486 Veronensi
2955 1448 3089 1487 cum
3102 1438 3255 1489 notis
3267 1442 3325 1489 et
3344 1439 3456 1489 dis-

1853 1503 2260 1555 sertationibus
2293 1503 2475 1555 tribus
2522 1504 2810 1556 historicis
2840 1508 3004 1559 Joan.
3043 1508 3298 1561 Garnerii
3333 1521 3450 1561 soc.

127 2498 168 2545 A
184 2501 517 2563 ugustinum
541 2502 812 2566 directus,
837 2505 895 2555 in
929 2517 1043 2567 quo
1066 2509 1283 2568 negant
1307 2504 1413 2554 sibi
1440 2516 1540 2567 per
1568 2502 1738 2553 fidem

128 2581 304 2620 suam
329 2570 498 2623 licere
515 2572 869 2625 damnationi
883 2574 1562 2638 Pelagianorum,utjussi
1582 2578 1738 2631 erant,
1840 2569 1915 2620 sit
1946 2571 2114 2620 IVLI.
2151 2569 2507 2620 Benedictim‘
2530 2573 2724 2622 autem
2756 2577 2970 2624 etcum
3003 2574 3075 2625 iis
3098 2575 3351 2627 Rubaus
3375 2575 3447 2626 le-

129 2640 911 2710 subscribere;hancipsam
927 2657 1121 2697 veram
1144 2644 1297 2697 illam
1324 2643 1624 2707 epistolam
1646 2643 1741 2692 Ju-
1839 2639 2058 2703 gendas
2104 2645 2346 2691 censent
2378 2641 2543 2691 INLI.
2592 2641 2787 2706 incipit
2827 2643 3075 2705 Libellus,
3121 2649 3187 2697 ut
3212 2644 3441 2697 initium

128 2708 266 2762 liani
291 2714 715 2766 assertionibus
731 2708 1053 2781 superalias
1071 2716 1420 2767 assertiones
1445 2725 1740 2765 coacerva-
1839 2710 2145 2761 concordet
2167 2711 2266 2760 ﬁni
2280 2725 2292 2760 :
2308 2710 2548 2774 Emplicit
2573 2712 2955 2777 Libellus,ﬁdei
2978 2715 3110 2779 SIC;
3130 2727 3276 2779 quas
3298 2715 3445 2767 litte-

130 2782 222 2843 tis,
250 2795 371 2835 non
396 2784 530 2835 item
552 2786 823 2850 probatis,
838 2787 1150 2839 contendit.
1166 2790 1239 2840 Ut
1251 2787 1399 2837 enim
1414 2786 1523 2836 alia
1540 2785 1735 2835 mitta-
1835 2792 1927 2831 ras
1940 2781 2152 2832 ibidem
2177 2792 2301 2832 sua
2327 2782 2676 2845 conjectura
2690 2786 3093 2837 convenienter
3109 2786 3441 2850 interpreta-

134 2867 290 2915 mus,
318 2868 450 2918 qua
476 2858 606 2918 jure
630 2859 949 2922 meritoque
979 2864 1179 2911 contra
1201 2871 1336 2910 eum
1367 2857 1736 2922 disputarunt
1836 2854 2249 2906 turGarnerius
2263 2854 2575 2904 Siculorum
2610 2855 3021 2920 (episcoporum)
3056 2857 3442 2919 ;Benedictini

124 2926 225 2976 viri
240 2928 699 2982 accuratissima
710 2930 986 2982 doctrina
998 2936 1054 2982 et
1066 2932 1199 2982 certi
1207 2934 1225 2991 j
1234 2932 1575 2993 udicii,Norisi
1584 2929 1708 2991 us(b)
1718 2966 1731 2991 ,
1831 2937 1924 2977 rec
1932 2925 2043 2976 tius
2060 2925 2407 2976 Sacerdotum
2418 2926 2542 2977 Jesu
2558 2927 2633 2977 Ch
2641 2927 3098 2980 risli.Exhibetur
3108 2934 3274 2978 autem
3286 2930 3446 2977 Libel-

124 2997 506 3049 Constantius
518 3000 578 3062 (c)
590 3004 649 3053 et
658 3001 914 3053 Rubaus
934 3002 1026 3064 (cl),
1044 3002 1100 3053 id
1118 3003 1306 3066 ipsum
1321 3001 1513 3051 statim
1525 3002 1730 3048 veritate
1828 2994 1921 3047 lus
1938 2996 2070 3047 fidei
2089 2996 2145 3047 in
2164 3001 2410 3059 quatuor
2424 2999 2616 3061 partes
2627 2997 2992 3060 distributus,
3006 3002 3153 3060 eique
3163 3001 3441 3049 succedunt

122 3074 302 3131 caret,
329 3070 483 3132 quod
507 3070 689 3123 altera
712 3085 785 3123 ex
797 3073 1044 3135 duabus,
1070 3085 1214 3136 quas
1238 3072 1308 3122 ad
1335 3072 1627 3122 Zosimum
1643 3069 1729 3120 di—
1826 3067 2154 3120 dissertatio
2174 3070 2194 3117 Ι
2216 3068 2277 3117 de
2302 3074 2538 3132 tempore
2554 3074 2600 3118 et
2630 3075 2845 3119 auctore
2870 3070 3081 3131 Libelli;
3111 3070 3252 3122 diss.
3278 3072 3347 3135 II,
3372 3072 3437 3121 de

118 3139 348 3191 rexisse
365 3140 662 3204 professus
675 3148 765 3195 est
788 3143 1045 3208 epistolis
1067 3156 1184 3194 non
1207 3156 1311 3193 suo
1326 3142 1611 3204 solius,scd
1626 3144 1729 3200 epi-
1760 3195 1798 3208 ﬂ
1834 3137 1954 3187 Vita
1976 3142 2020 3187 et
2044 3137 2286 3187 moribus
2302 3138 2521 3188 Juliani
2534 3155 2552 3199 ,-
2571 3138 2709 3191 diss.
2736 3141 2830 3203 III,
2855 3141 2918 3190 de
2940 3140 3432 3205 Subscriptionibus

119 3195 430 3277 scoporuin
454 3195 906 3279 octodecim,qui
930 3216 1002 3267 ad
1026 3216 1236 3266 Rufum
1259 3195 1723 3266 Thessalonicen
1753 3195 1802 3269 C
1831 3212 1891 3260 in
1913 3225 2079 3260 causa
2115 3195 2580 3273 Pelagianorum;
2618 3195 2828 3275 quarto.
2844 3211 3094 3275 denique
3118 3195 3242 3265 Ιὸοο
3274 3215 3431 3264 nota

120 3295 245 3333 sem
259 3284 620 3346 scripserunt
644 3286 814 3347 (unde
830 3286 938 3337 hoc
954 3286 1211 3350 fingendi
1228 3286 1336 3350 ipsi
1347 3284 1571 3337 occasio
1582 3290 1725 3332 enata
1833 3282 2125 3333 uberiores
2139 3282 2199 3333 in
2212 3282 2511 3345 Libellum,
2536 3282 2748 3345 quibus
2768 3283 3210 3348 comparationis
3234 3283 3432 3336 etillu-

118 3356 226 3411 est)
247 3354 484 3406 nomine
498 3355 907 3420 scriptafuerit.
935 3356 1298 3409 Conﬂdenter
1316 3356 1545 3420 quidem
1564 3355 1624 3405 in
1648 3367 1728 3406 re-
1827 3353 2120 3405 strationis
2147 3365 2325 3404 causa
2352 3352 2787 3417 praemittuntur
2820 3370 2832 3404 :
2879 3353 2934 3408 1’
2965 3354 3194 3404 Libellus
3233 3354 3362 3417 fidei
3394 3372 3429 3403 a

120 3437 305 3476 censu
329 3426 675 3490 scriptorum
695 3426 912 3479 Juliani
926 3428 1148 3487 asserit,
1168 3428 1537 3479 Mercatorem
1548 3426 1726 3489 hujus

119 3493 653 3548 libellimeminisse
679 3498 736 3559 (t.
762 3499 804 3555 Ι,
839 3510 967 3563 pag.
995 3496 1152 3560 388);
1185 3497 1286 3550 sed
1311 3497 1724 3553 frustralocum

119 3565 289 3617 illum
334 3567 407 3617 ab
434 3580 501 3618 eo
543 3567 780 3620 indicari
808 3582 1023 3633 speres,
1068 3574 1127 3620 et
1161 3570 1207 3619 si
1231 3570 1433 3625 instes,
1459 3567 1727 3619 fatebitur

119 3637 196 3695 (in
223 3638 380 3688 notis
425 3638 498 3689 ad
526 3638 781 3690 libellum
830 3645 868 3691 t.
907 3641 930 3690 Ι
964 3640 1102 3705 Opp.
1138 3640 1483 3702 Mercatoris,
1521 3652 1574 3703 p.
1603 3637 1722 3703 327)

119 3721 257 3760 eum
283 3721 398 3759 non
424 3709 537 3760 nisi
564 3710 634 3761 de
649 3726 766 3761 una
790 3711 957 3773 cujus
991 3711 1191 3765 num.1
1220 3711 1572 3763 mentionem
1604 3711 1727 3762 feci-

119 3792 273 3837 mus,
302 3779 701 3832 testimonium
725 3782 945 3834 tulisse.
967 3782 1132 3834 Enim
1146 3796 1279 3835 vero
1289 3795 1405 3834 non
1418 3786 1725 3836 contentus

118 3851 228 3903 fuit
267 3851 595 3913 Garnerius,
611 3865 726 3903 uno
738 3852 881 3905 libro
894 3854 1151 3905 ditiorem
1168 3857 1372 3903 fecisseJ
1381 3856 1629 3915 ulianum,
1640 3857 1726 3902 sed

116 3923 297 3975 homo
320 3923 619 3987 opiniosus
634 3923 744 3975 hac
767 3924 1205 3989 qualiscumque
1218 3926 1349 3977 fidei
1373 3926 1725 3989 professione

118 3994 275 4044 ultro
288 4006 437 4045 usus
461 3998 567 4055 est,
587 3996 650 4044 ad
666 3994 821 4046 aliud
837 3995 1129 4059 quoddam
1150 4008 1259 4059 opu
1270 4010 1296 4047 s
1308 3997 1417 4061 ipsi
1428 3996 1726 4059 acquiren-

118 4065 280 4116 dum.
313 4065 517 4115 Exstat
539 4077 747 4128 nempe
776 4065 928 4114 Liber
949 4066 1075 4130 ﬁdei
1100 4067 1281 4117 Graeci
1306 4067 1630 4130 cujusdam,
1662 4071 1726 4117 ut

119 4134 370 4196 videtur,
396 4135 469 4185 ab
491 4135 710 4187 incerto
736 4136 987 4199 quodam
1010 4137 1070 4187 in
1102 4138 1367 4188 Latinum
1401 4150 1723 4189 sermonem

118 4217 454 4263 conversus,
473 4205 777 4270 editusque
801 4207 1047 4270 primum
1073 4208 1557 4260 eCorbeiensibus
1580 4221 1720 4258 mss.

119 4278 172 4328 S.
214 4276 484 4327 Germani
509 4277 580 4327 de
625 4277 807 4328 Pratis
841 4290 875 4329 a
898 4280 1113 4330 Jacobo
1160 4279 1478 4339 Sirmondo,
1511 4278 1608 4342 qui
1653 4279 1724 4331 de

119 4350 358 4398 auctore
369 4346 511 4397 nihil
531 4346 770 4400 definire
793 4349 999 4400 maluit
1015 4362 1189 4412 quam
1204 4348 1500 4400 allucinari
1534 4349 1724 4412 Hujus

123 4430 265 4469 vero
279 4430 396 4468 non
412 4423 703 4471 auctorem
731 4420 923 4485 modo,
944 4420 1043 4471 sed
1066 4420 1436 4485 interpretem
1451 4420 1619 4471 simul
1636 4422 1725 4469 de-

119 4488 496 4552 prehendisse
522 4489 629 4541 sibi
644 4489 805 4542 visus
829 4496 919 4543 est
943 4492 1252 4544 Garnerius
1275 4492 1545 4545 :alterum
1564 4492 1724 4544 Rull-

188 4603 258 4667 (a)
278 4603 447 4684 Ap'ud
478 4605 873 4684 Augustinum
900 4606 996 4684 lib.
1025 4619 1045 4659 ι
1070 4607 1172 4684 Op.
1193 4609 1440 4684 Imperii,
1471 4621 1517 4660 c.
1541 4608 1720 4684 i7._—
1749 4610 1805 4684 Ι)

119 4673 492 4737 Augustinus
529 4676 825 4740 respondit
849 4693 861 4727 :
890 4677 1009 4726 Haec
1034 4677 1253 4741 epistola
1280 4693 1393 4727 non
1425 4684 1494 4727 est
1518 4679 1591 4727 ad
1613 4679 1657 4727 Ζ
1660 4694 1722 4727 o-

120 4746 344 4803 simum,
382 4746 472 4795 sed
494 4746 569 4795 ad
605 4761 687 4796 eos
710 4747 928 4797 seducen
938 4748 1050 4811 dos,
1075 4748 1173 4810 qui
1197 4749 1377 4798 Romae
1392 4755 1605 4812 possent
1630 4750 1726 4799 tali

118 4815 374 4864 suasione
392 4816 590 4876 seduci,
615 4822 725 4868 etc.
751 4818 1059 4870 Garnerius
1085 4818 1177 4882 (ad
1197 4819 1337 4883 Opp.
1374 4820 1723 4882 Mercatoris,

120 4892 157 4937 t.
185 4887 229 4943 Ι,
256 4897 386 4950 pag.
414 4885 535 4950 317)
560 4887 828 4940 Calestio
852 4901 980 4941 eam
1002 4890 1267 4942 vindicat.

185 4956 249 5018 (b)
266 4958 333 5007 In
354 4958 596 5008 Censura
621 4960 898 5024 Garnerii,
925 4965 1081 5012 tomo
1099 4962 1172 5010 IV
1184 4960 1346 5024 Opp..
1364 4973 1397 5011 a
1412 4961 1727 5013 Balleriniis

117 5027 507 5080 collectorum.
540 5030 600 5080 Ei
622 5029 863 5082 debetur
889 5020 1223 5095 conjectura
1237 5020 1525 5095 scriptam
1551 5032 1729 5084 fuisse

118 5098 426 5160 epistolam
442 5100 513 5150 ab
534 5101 821 5164 episcopis
834 5100 1103 5153 diacesis
1116 5102 1500 5165 Aquileiensis
1523 5104 1596 5154 ad
1608 5116 1731 5154 me-

126 5167 452 5233 tropolitam
472 5170 884 5235 Augustinum,
907 5173 1003 5236 qui
1023 5173 1218 5224 sedem
1237 5187 1401 5226 suam
1419 5176 1492 5226 ab
1513 5186 1605 5225 an.
1625 5174 1729 5229 408

120 5243 212 5311 sat
236 5239 409 5302 longo
456 5243 733 5305 temporis
782 5244 985 5308 spatio,
1034 5244 1557 5311 sichronographis
1581 5245 1729 5297 ﬁdes

118 5310 405 5367 habenda,
434 5313 636 5364 tenuit.

185 5381 245 5443 (c)
271 5383 337 5432 In
368 5381 584 5432 Notitia
612 5384 939 5448 scriptorum
986 5400 1099 5435 non
1145 5387 1480 5436 exstantium
1522 5402 1636 5449 qua
1660 5387 1733 5436 ad

117 5451 403 5500 Zosimum
427 5454 677 5515 attinent,
700 5467 756 5504 n.
789 5453 1022 5518 11,§28.
1052 5469 1106 5518 p.
1138 5455 1292 5511 1001.

184 5523 255 5587 (εἰ)
295 5526 362 5574 In
384 5525 629 5574 Monum.
664 5524 858 5577 Eecles.
905 5528 1162 5592 Aquilei.,
1189 5543 1231 5579 c.
1267 5529 1350 5583 14.
1409 5544 1462 5592 p.
1491 5528 1613 5590 118,
1639 5528 1736 5580 ite-

121 5606 370 5658 rumque
403 5595 463 5647 in
490 5600 653 5647 tract.
691 5596 761 5648 de
784 5597 1001 5647 Pcccato
1025 5599 1187 5663 orig.,
1234 5616 1349 5664 cap.
1378 5598 1469 5660 11,
1492 5613 1618 5663 pag.
1646 5598 1733 5663 43,

119 5664 219 5715 ubi
243 5665 510 5730 pluribus
559 5667 765 5718 Norisii
797 5670 1146 5720 sententiam
1187 5671 1409 5722 astruit.
1456 5670 1561 5719 His
1591 5669 1738 5723 adde

122 5736 455 5789 Walcbium
480 5738 539 5789 in
569 5739 804 5787 Historia
824 5739 937 5793 der,
951 5740 1091 5787 Κείς.
1126 5746 1185 5799 t.,
1211 5741 1303 5801 IV,
1340 5755 1392 5805 p.
1426 5739 1527 5795 677
1554 5752 1638 5801 sq.

192 5809 250 5871 (c)
266 5808 324 5861 Si
341 5808 591 5873 amplius
602 5821 846 5862 acumen
865 5811 989 5873 ejus
1003 5811 1631 5875 nossocupis,videquw
1647 5813 1735 5859 tte-

1824 3423 2042 3487 Pelagio
2097 3424 2326 3473 Romam
2391 3424 2590 3474 missus
2638 3423 2714 3475 ad
2755 3425 3131 3475 Innocentium
3172 3426 3428 3490 Papam;

1825 3494 1879 3549 2°
1916 3497 2245 3559 Fragmenta
2277 3492 2462 3544 Libelli
2510 3494 2638 3559 ﬁdei
2668 3510 2704 3544 a
2733 3495 2966 3546 Calestio
2988 3497 3174 3560 scripti
3178 3512 3215 3564 λ
3231 3495 3287 3550 3"
3314 3496 3431 3545 Eac-

1825 3572 2005 3631 cerpla
2045 3581 2112 3615 ea;
2133 3565 2357 3630 epistola
2396 3565 2625 3617 Caelestii
2656 3566 2729 3615 ad
2752 3567 2967 3617 clericos
3007 3568 3279 3617 Romanos
3302 3567 3428 3630 (illa,

1826 3649 1999 3701 quam
2022 3636 2390 3701 Augustinus
2400 3636 2615 3688 Juliani
2631 3650 2763 3690 esse
2781 3640 3118 3702 putaverat),
3136 3653 3249 3687 cum
3263 3637 3431 3688 obser-

1824 3707 2130 3757 vationibus
2173 3708 2235 3755 de
2277 3712 2525 3771 tempore,
2570 3712 2802 3772 auctore,
2848 3714 2979 3772 etc.,
3024 3710 3153 3774 ejus;
3182 3709 3237 3763 4⁸
3271 3709 3434 3773 Sym-

1827 3779 2006 3828 bolum
2038 3778 2301 3843 Theodori
2341 3779 2719 3843 Mopsuesteni,
2751 3780 3036 3844 interprete
3076 3781 3256 3830 Mario
3284 3782 3431 3830 Mer-

1826 3856 2039 3908 catore;
2080 3848 2426 3912 additurque
2469 3850 2765 3914 Appendix
2810 3851 2872 3900 dc
2894 3851 3119 3900 Aniano
3142 3851 3433 3915 interprete

1827 3919 2187 3970 homiliar-um
2225 3921 2401 3969 sancti
2428 3921 2816 3984 Chrysostomi,
2842 3927 2888 3970 et
2911 3921 3202 3972 breviatore
3226 3922 3434 3973 Codicts

1832 3991 2205 4051 Theodosiani,
2221 4002 2353 4053 qua
2365 3990 2558 4041 omnia
2568 4003 2685 4041 una
2698 4004 2832 4042 cum
2843 3991 3045 4043 multis
3056 3992 3182 4044 aliis
3192 3993 3262 4044 ad
3282 3996 3434 4043 histo-

1826 4062 1969 4113 riam
1983 4061 2302 4124 Pelagiana
2315 4060 2561 4112 haresis
2575 4062 3158 4125 spectantibus,fusius
3173 4070 3374 4112 tractata
3384 4073 3429 4111 et

1824 4133 1978 4184 edita
2002 4133 2293 4183 suntcum
2316 4130 2597 4196 Operibus
2620 4132 2779 4182 Marii
2803 4134 3147 4185 Mercatoris.
3172 4133 3282 4186 Sed
3305 4136 3430 4183 Gar-

1824 4204 2019 4256 nerius
2043 4202 2350 4267 aliquando
2375 4214 2443 4253 ea
2466 4215 2600 4254 cum
2623 4202 2732 4254 hoc
2763 4202 2893 4255 fidei
2918 4202 3135 4256 Libello
3156 4205 3424 4269 peculiari

1822 4274 2111 4326 volumine
2144 4273 2409 4325 editurus
2449 4277 2588 4336 erat,
2625 4272 2685 4323 ni
2708 4273 2831 4337 ipse
2860 4275 3141 4326 Mercator
3166 4275 3428 4327 tardioris

1824 4357 2002 4397 mora
2029 4345 2332 4409 impatiens
2373 4348 2597 4396 mutare
2632 4345 2979 4396 sententiam
3012 4346 3312 4409 coegisset.
3339 4347 3429 4399 Sic

1826 4422 2022 4468 tamen
2045 4429 2165 4467 non
2190 4428 2427 4481 prorsus
2451 4427 2486 4466 a
2517 4427 2580 4466 se
2602 4415 2907 4479 impetrare
2932 4416 3135 4481 potuit,
3167 4417 3307 4480 quin
3328 4417 3429 4469 ali-

1823 4500 1937 4550 qua
1973 4486 2177 4538 saltem
2210 4498 2285 4538 ex
2317 4485 2580 4551 pluribus
2616 4498 2723 4537 suo
2755 4486 3047 4551 gustanda
3076 4486 3275 4539 lectori
3296 4500 3429 4553 pro-

1827 4606 2080 4667 tempore
2104 4601 2387 4655 versionis
2410 4601 2590 4665 hujus
2624 4602 3028 4655 constituendo
3051 4615 3124 4655 ex
3136 4602 3431 4657 Gennadio

1828 4674 1994 4727 elicit.
2022 4689 2052 4721 «
2074 4675 2204 4724 Non
2228 4673 2352 4724 sine
2377 4684 2572 4735 causa,
2597 4673 2795 4737 inquit,
2809 4674 3140 4727 Gennadius
3161 4675 3233 4727 de
3254 4677 3284 4727 J
3294 4674 3429 4727 ulia-

1825 4758 1938 4796 nO:
1989 4748 2281 4800 PRIUSQUAM
2337 4758 2569 4793 HERESIM
2615 4747 2816 4794 PELAGH
2861 4761 2913 4795 IN
2953 4762 3009 4796 SB
3052 4761 3309 4797 APERIRET.
3347 4748 3434 4799 ῘΠ·

1827 4815 2036 4867 dicavit
2059 4816 2210 4867 enim
2237 4813 2550 4876 Julianum,
2586 4818 2898 4879 antequam
2939 4816 3181 4870 haeresis
3226 4818 3432 4883 Pelagii

1826 4886 2015 4951 palam
2041 4886 2398 4950 proderetur,
2424 4899 2551 4937 eam
2576 4886 2638 4937 in
2661 4886 3096 4952 alioaperuisse,
3112 4888 3322 4941 Rufino
3335 4890 3435 4941 sci-

1826 4957 1976 5015 licet,
1990 4956 2160 5020 cujus
2173 4956 2596 5008 confessionem
2608 4957 2828 5009 Latinis
2845 4958 3149 5023 legendam
3163 4960 3434 5023 prabuis-

1829 5033 1934 5079 set.
1963 5028 2110 5079 Hinc
2135 5039 2273 5080 vero
2297 5026 2649 5092 colliguntur
2672 5028 2812 5081 duo:
2832 5029 3099 5094 alterum,
3112 5030 3429 5082 versionem

1828 5098 2113 5163 ejusmodi
2138 5097 2389 5150 edidisse
2410 5098 2727 5163 Julianum,
2759 5112 2893 5151 cum
2915 5100 3104 5152 adhuc
3118 5100 3432 5152 admodum

1823 5169 2055 5234 juvenis
2070 5169 2236 5231 foret;
2266 5168 2530 5232 alterum,
2543 5168 2923 5234 a-Pelagianis
2943 5183 3071 5222 eam
3094 5170 3301 5221 erroris
3312 5186 3432 5230 par-

1830 5245 1946 5293 tem
1969 5252 2100 5304 qua
2111 5244 2407 5306 peccatum
2432 5239 2707 5305 originale
2722 5242 2958 5306 spectat,
2974 5240 3239 5292 traditam
3252 5239 3432 5292 fuisse

1829 5313 2097 5377 primum,
2143 5311 2309 5375 quasi
2352 5311 2725 5364 Orientalium
2770 5311 2941 5362 fidem
2986 5323 2999 5369 ;
3046 5311 3161 5361 imo
3198 5310 3429 5361 tertium

1832 5383 2124 5446 quoddam
2147 5383 2426 5446 conjecto,
2451 5382 2748 5433 Julianum
2770 5380 2982 5443 Pelagii
2999 5383 3432 5430 exhortationibus

1832 5466 1862 5504 e
1878 5452 1991 5504 vita
2018 5451 2304 5517 conjugali
2327 5452 2401 5503 ad
2426 5453 2725 5504 arctiorem
2739 5462 3085 5502 conversum
3096 5463 3242 5511 esse,
3267 5450 3431 5502 inde-

1834 5536 1949 5587 que
1969 5523 2256 5583 Memorio,
2283 5522 2493 5574 Juliani
2510 5524 2688 5587 patre,
2714 5521 3018 5585 scribente,
3036 5522 3428 5586 Augustinum

1834 5600 1905 5649 de
1929 5598 2138 5662 Pelagii
2167 5597 2433 5649 laudibus
2470 5598 2788 5659 rescivisse,
2820 5609 2953 5660 qua
2975 5595 3346 5660 postmodum
3371 5596 3427 5646 in

1833 5669 1991 5721 libris
2050 5669 2173 5719 suis
2206 5667 2415 5718 retulit.
2445 5684 2474 5715 »
2510 5695 2569 5704 —
2618 5668 3149 5719 Schoenemannum
3194 5668 3342 5718 inter
3374 5671 3425 5718 et

1836 5741 2166 5792 Garnerium
2191 5738 2460 5801 dijudicct
2491 5738 2668 5789 lector
2692 5738 2966 5789 eruditus.
2997 5741 3158 5790 Enn".
