3866 6206
879 492 1889 571 INTERPRETATIO
1981 491 2289 565 XXVI
2394 487 3189 564 HOMILIARUM

1062 632 1352 680 sum
1383 629 1939 678 ωποοποιιι
1969 628 2066 675 ΣΙ
2095 627 2477 675 sum
2510 626 3024 684 nam“,

1440 752 1771 789 PMCEDBNTB
1802 751 1981 787 ANHK!
2013 750 2234 786 PROLOGO
2268 749 2334 784 AD
2367 749 2642 784 ORONTIUM.

488 853 658 941 (VIII
686 855 988 938 priorum
1018 854 1649 937 interpretationem
1674 852 1971 935 reperies
1996 851 2062 916 in
2092 850 2382 941 Operum
2412 848 2878 941 Chrysostomi
2908 853 3072 941 tom.
3104 846 3236 941 VII,
3269 846 3408 941 col.
3443 847 3527 909 17
3554 862 3698 927 sqq.

404 935 658 1011 nostra)
686 935 1033 1011 editionis.
1067 935 1497 1026 Reliquarum
1526 960 1690 1009 vero
1723 942 1902 1009 sicut
1931 944 1999 1007 et
2030 939 2368 1007 sermonis
2391 939 2476 1004 ad
2508 941 2891 1021 neophytos
2914 935 3554 1026 interpretationem
3584 951 3706 1016 per

410 1050 647 1099 omnes
679 1033 820 1100 fere
853 1025 1269 1100 Parisiorum
1308 1032 1759 1099 bibliothecas
1783 1030 2042 1096 frustra
2067 1027 2648 1111 investigavimus.
2672 1026 2983 1094 Haeretiei
3000 1042 3165 1094 vero
3200 1025 3545 1107 Opuscula
3570 1040 3704 1088 non

409 1122 576 1187 tanti
617 1119 903 1189 fecimus
936 1126 1009 1189 ut
1046 1139 1283 1189 eorum
1323 1137 1535 1188 causa
1572 1115 1790 1186 nostri
1818 1113 2180 1186 voluminis
2228 1116 2742 1183 conclusionem
2781 1116 3032 1182 diutius
3069 1130 3525 1180 moraremur.
3558 1111 3702 1177 Cse-

413 1213 629 1277 terum
676 1213 938 1278 lacunae
988 1207 1366 1277 sarciendae
1414 1226 1742 1293 perquam
1790 1211 2171 1291 opportuna
2220 1222 2295 1272 se
2344 1205 2532 1273 dabit
2578 1205 2855 1273 occasio
2907 1221 3059 1272 cum
3107 1202 3176 1268 S.
3232 1201 3702 1286 Chrysostomi

404 1298 624 1384 Opera
656 1299 1159 1368 Graeco—Latina
1191 1299 1432 1367 edendi
1481 1301 1748 1381 tempus
1782 1294 2184 1378 advenerit.)

576 1467 1458 1543 lNTEBPRETATIO
1537 1465 2233 1539 HOMILIABUM
2310 1463 2700 1539 SANCTI
2775 1459 3540 1540 CHRYSOSTOMI

1498 1598 1595 1655 DE
1632 1597 2008 1658 LAUDIBUS
2046 1594 2315 1655 SANCTI
2355 1596 2612 1666 PAULI,

1390 1733 1721 1769 PMCEDENTB
1774 1732 1948 1767 ANIANI
2006 1731 2225 1767 PROLOGO

970 1837 1240 1926 (Exstat
1286 1838 1353 1904 in
1402 1842 1564 1905 tom.
1618 1837 1671 1902 II
1712 1836 2004 1920 Operum
2051 1830 2556 1917 Chrysostomi,
2611 1833 2743 1899 col.
2803 1829 2930 1895 169
2980 1847 3122 1913 sqq.

410 2031 1050 2131 SERMONIS
1143 2029 1603 2128 SANGTI
1710 2021 2615 2124 CHRYSOSTOMI
2703 2020 2884 2117 AD
2977 1952 3708 2116 NEOPHITOS

1718 2206 2431 2339 interpretatio.

876 2349 1177 2435 (Videsis
1226 2350 1386 2433 quid
1434 2350 1516 2415 de
1567 2348 1863 2415 homiliis
1912 2348 1980 2412 in
2027 2346 2417 2413 Matthaeum
2466 2361 2674 2427 supra
2723 2341 3246 2429 notaverimus.)

640 2515 851 2582 LIBRI
898 2511 1317 2580 ADVERSUS
1380 2510 1826 2578 EPISTOLAM
1878 2508 2158 2575 SANCTI
2208 2507 2650 2575 HIERONYMI
2697 2508 2801 2575 AD
2852 2506 3481 2578 CTESIPHONTEM.

1676 2652 1904 2738 (Opus
1954 2649 2449 2739 deperditum.)

2281 1731 2346 1765 AD
2400 1729 2719 1764 EVANGKLUX.

426 3035 1313 3183 SELECTfE
1477 3031 2515 3180 VABIANTES
2670 3028 3705 3178 LECTIONES

736 3318 863 3426 IN
989 3315 1397 3425 RUFINI
1526 3313 2561 3423 ECCLESIASTICAM
2687 3313 3409 3444 HISTORIAM,

421 3542 608 3637 EX
672 3540 873 3637 MS.
945 3537 1647 3635 TABULARII
1714 3534 2564 3697 CAPIT'ULARIS
2630 3533 3705 3633 FOROJULIENSIS’-

483 3812 942 3868 l’rmfatiunculaa
966 3812 1156 3864 Ruﬁni
1179 3812 1282 3863 col.
1297 3812 1419 3866 463.
1446 3810 1750 3875 subjungit
1768 3822 1879 3862 ms.
1897 3811 2019 3861 Haec

422 3886 582 3935 etiam
608 3886 673 3936 X.
703 3884 838 3934 libro
861 3883 1238 3934 Ecclesiasticse
1262 3883 1508 3933 Historiae
1528 3883 1891 3933 continentur.

484 3959 550 4008 In
574 3955 823 4008 Elencho
839 3954 912 4007 ad
936 3954 1040 4007 col.
1074 3953 1196 4009 465.
1221 3967 1345 4018 cap.
1369 3954 1523 4005 XIX.
1544 3965 1653 4004 ms.
1680 3952 1827 4017 patri
1853 3953 2021 4004 Cons-

426 4029 658 4090 tantine,
702 4039 805 4091 pro
825 4026 996 4089 fratri
1023 4026 1356 4086 Constantio,
1384 4025 1576 4077 habet.
1603 4025 2020 4087 Subsequentis

421 4102 616 4150 autem
637 4097 880 4162 Capituli
901 4102 1084 4149 totam
1106 4097 1258 4149 hanc
1268 4097 1591 4161 pericopam
1604 4100 1774 4158 tacet,
1785 4096 2021 4158 Luciferi

421 4176 833 4232 ceterorumque
855 4167 1250 4233 Episcoporum
1278 4167 1707 4219 Catholicorum.

480 4240 752 4293 Historiae
788 4239 931 4292 libro
965 4244 1022 4291 et
1047 4251 1169 4303 cap.
1208 4238 1258 4293 1.
1298 4239 1402 4290 col.
1430 4236 1535 4293 468
1559 4243 1679 4290 not.
1704 4254 1745 4297 ε,
1772 4251 1885 4303 ms,
1910 4252 2022 4289 crc-

408 4314 570 4371 .dens,
601 4310 946 4362 dissimulare
976 4310 1122 4375 aliis,
1146 4322 1248 4375 pro
1271 4310 1505 4375 credens,
1523 4309 1572 4360 si
1600 4309 1964 4360 dissimularet
1986 4323 2024 4359 a

2121 3818 2285 3877 prout
2326 3811 2624 3862 moderatio
2673 3810 2926 3875 Episcopi
2961 3808 3205 3859 voluerit.
3256 3809 3473 3859 Iterum
3515 3805 3711 3856 rectius

2125 3876 2260 3934 Can.
2311 3884 2513 3935 XVIII.
2550 3897 2709 3933 nemo
2731 3897 2855 3932 eum
2877 3881 2977 3946 qui
3000 3880 3073 3930 ad
3093 3880 3272 3930 alium
3294 3877 3544 3944 pertinet,
3564 3876 3711 3925 susei-

2120 3956 2275 4019 piens
2299 3968 2401 4019 pro
2425 3954 2577 4006 edito
2598 3951 3141 4018 subripiens.Confer
3155 3963 3285 4014 sup.
3298 3951 3434 4001 Can.
3449 3949 3517 3999 V.
3541 3960 3710 4008 esquo

2125 4025 2337 4078 veritas
2359 4025 2623 4077 lectionis
2638 4024 2947 4077 constabit.
2978 4024 3113 4075 Can.
3138 4020 3708 4073 XXI.Paulinianista

2124 4109 2224 4161 pro
2237 4096 2592 4147 Paulianistse
2609 4111 2621 4148 :
2640 4101 2697 4149 et
2718 4096 2780 4148 in
2800 4096 2914 4148 ﬂne
2931 4095 3107 4159 legum
3129 4094 3276 4144 ratio
3299 4106 3402 4158 pro
3412 4091 3707 4141 reverentia.

2187 4169 2318 4231 Cap.
2344 4168 2492 4220 VIII.
2518 4168 2643 4221 init.
2668 4167 2782 4219 col.
2808 4166 2930 4221 476.
2958 4179 3068 4217 ms.
3092 4181 3211 4229 qua:
3233 4164 3540 4214 exstiterint
3566 4161 3707 4212 :sub-

2126 4238 2389 4302 sequenti
2409 4251 2559 4291 vers.
2588 4243 2741 4291 tacet
2754 4238 2968 4289 mulier.
2993 4239 3130 4289 Post
3153 4235 3309 4289 med.
3328 4234 3434 4289 col.
3464 4234 3566 4290 477
3583 4235 3708 4286 satis

2125 4311 2272 4361 bene
2295 4314 2531 4360 uteretur
2552 4309 2729 4362 habet
2756 4322 2857 4375 pro
2878 4313 3158 4358 uterentur
3181 4324 3194 4358 :
3217 4312 3278 4361 et
3297 4319 3455 4360 nono
3476 4308 3709 4371 posiver-

425 4382 641 4434 talibus.

486 4455 617 4518 Cap.
642 4455 709 4505 ΙΙ.
737 4458 869 4518 post
887 4452 1038 4505 med.
1064 4464 1174 4504 ms.
1196 4451 1506 4501 'simultatio
1530 4452 1896 4513 Sacerdotum,
1921 4463 2024 4516 pro

426 4525 723 4589 simulatio,
768 4529 897 4586 etc.,
936 4523 1093 4588 quod
1118 4528 1175 4576 et
1196 4522 1389 4575 verius
1413 4522 1667 4586 videtur,
1692 4534 2026 4587 quanquam

429 4598 623 4648 minus
668 4596 953 4658 Latinum,
1004 4596 1053 4647 si
1085 4607 1187 4660 pro
1209 4594 1478 4646 simultate
1520 4594 1846 4660 accipiatur.
1889 4596 2025 4649 Mox

426 4668 722 4732 complures
750 4667 925 4719 habet
947 4679 1049 4732 pro
1074 4667 1274 4732 plures.

487 4740 621 4801 Cap.
646 4739 740 4789 III.
767 4738 872 4790 col.
898 4737 1021 4793 469.
1047 4742 1167 4790 not.
1192 4753 1236 4788 ο.
1262 4751 1374 4790 ms.
1412 4739 1633 4788 dicendo
1655 4751 1757 4803 pro
1791 4738 2023 4789 dicendi.

487 4809 618 4873 Cap.
646 4809 741 4860 IV.
767 4809 896 4861 Init.
931 4821 1042 4860 ms.
1066 4809 1414 4860 Maximinus
1437 4822 1537 4874 pro
1561 4810 1962 4860 Maximianus.

489 4880 620 4942 Cap.
644 4879 712 4927 V.
738 4884 859 4932 not.
899 4879 947 4931 b.
981 4884 1132 4933 tacet
1167 4880 1231 4930 in
1266 4880 1547 4939 voculam,
1580 4886 1705 4932 tum
1730 4883 1931 4944 quarto
1954 4880 2027 4931 ab

427 4950 535 5001 hoc
558 4961 732 5001 versu
759 4948 922 5012 vobis,
946 4955 1005 5002 et
1040 4950 1211 5016 paulo
1234 4955 1368 5016 post
1389 4950 1463 5002 ad
1492 4956 1611 5003 not.
1637 4966 1680 5001 c.
1707 4957 1885 5001 tamen
1910 4949 2025 5002 Col.

430 5018 548 5073 472.
574 5031 722 5071 vers.
746 5018 797 5073 5.
823 5032 933 5071 ms.
959 5026 1150 5071 atterat
1179 5021 1440 5082 conciliis,
1463 5034 1565 5086 pro
1589 5021 1829 5072 consiliis
1852 5036 1865 5073 :
1889 5026 1947 5074 et
1967 5021 2028 5072 in

428 5091 539 5142 [Ine
568 5095 767 5141 statuta
787 5091 1114 5155 ﬁngentibus
1148 5104 1251 5157 pro
1273 5092 1574 5156 figentibus.

488 5163 619 5226 Cap.
648 5162 742 5213 VI.
768 5161 874 5213 col.
900 5161 1022 5217 473.
1047 5166 1166 5214 not.
1193 5178 1245 5212 a.
1271 5175 1383 5214 ms.
1408 5179 1476 5213 ea:
1508 5162 1675 5213 nullis
1698 5164 2028 5214 exstantibus

424 5230 600 5292 factus
623 5238 713 5292 est,
741 5238 838 5283 aut
860 5247 927 5283 ea:
949 5232 1066 5281 alia
1090 5232 1411 5295 substantia,
1436 5245 1538 5298 pro
1568 5233 1947 5299 substantibus,
1972 5239 2032 5286 et

426 5303 779 5353 subsistentia.
805 5305 939 5355 Mox
954 5305 1092 5355 Can.
1118 5304 1186 5354 V.
1206 5319 1303 5368 per
1317 5304 1717 5368 impatientiam
1728 5318 1829 5368 pro
1849 5306 2030 5370 impa-

427 5376 631 5425 tientia.
672 5376 807 5426 Can.
833 5376 901 5426 V.
942 5390 1010 5425 ne
1049 5374 1277 5439 quemsi
1301 5375 1447 5424 alius
1483 5375 1778 5439 Episcopus
1808 5382 1918 5440 pro
1963 5392 2031 5426 ne

428 5461 586 5510 quem
598 5446 760 5511 alius,
776 5451 834 5498 et
850 5459 987 5498 mox
1000 5447 1061 5496 in
1074 5446 1306 5511 singulis
1316 5445 1534 5497 urbibus
1545 5452 1705 5510 atque
1715 5448 2027 5511 provinciis.

428 5520 563 5569 Can.
608 5518 701 5567 VI.
737 5516 1151 5569 suburbicarum
1200 5531 1300 5583 pro
1337 5517 1857 5569 suburbicariarum.
1895 5520 2027 5570 Can.

430 5589 586 5639 XIII.
631 5586 811 5640 ferme
849 5589 1081 5653 rectius,
1126 5589 1387 5641 militiam
1411 5588 1730 5653 abjeceranl,
1755 5595 1801 5638 et
1841 5605 2034 5639 rursus

431 5657 573 5708 hanc
609 5658 915 5708 ambicrunt
966 5672 1068 5723 pro
1112 5661 1185 5711 ad
1230 5662 1373 5711 hanc
1416 5660 1683 5711 abierunt.
1710 5661 1843 5712 Call.
1883 5661 2032 5712 XIV.

2126 4393 2198 4433 su
2222 4385 2370 4433 tacet
2393 4396 2457 4431 ac
2475 4381 2760 4433 humilius.

2189 4455 2321 4517 Cap.
2366 4454 2463 4505 IX.
2509 4459 2642 4519 post
2676 4453 2826 4506 med.
2853 4452 2959 4506 col.
2985 4450 3111 4515 479,
3144 4451 3487 4512 habitisunt,
3524 4453 3707 4519 etc.,et

2128 4536 2265 4576 mox
2282 4539 2453 4590 parvo
2488 4537 2591 4591 pro
2612 4524 2842 4590 parvulo
2860 4523 2970 4587 ;14.
2995 4528 3129 4588 post
3150 4535 3327 4576 versu
3350 4528 3513 4587 atque
3532 4533 3628 4587 pro
3648 4518 3708 4569 ad

2128 4610 2272 4659 quae:
2300 4600 2360 4648 10
2382 4600 2515 4658 post
2543 4608 2734 4656 versu,
2756 4594 2887 4660 plus
2909 4594 3086 4647 habet
3108 4594 3288 4644 denuo
3310 4598 3656 4643 revertuntur.

2188 4666 2317 4730 Cap.
2350 4667 2420 4718 X.
2446 4679 2593 4719 vers.
2620 4666 2706 4721 17.
2732 4668 2805 4718 ab
2828 4667 2961 4718 init.
2986 4677 3112 4728 cap.
3137 4665 3185 4713 si
3208 4665 3309 4729 qui
3331 4664 3631 4728 experti..."

2127 4737 2374 4787 noverint
2383 4738 2683 4801 conferant,
2710 4738 2924 4791 rectius
2943 4740 3028 4789 :et
3042 4737 3104 4787 in
3114 4737 3232 4788 ﬁne
3255 4735 3438 4787 col.ne
3454 4747 3709 4800 prmum»

2126 4814 2221 4872 ret,
2278 4813 2336 4861 et
2378 4809 2555 4860 sinere
2606 4809 2889 4860 videretur.
2935 4807 3049 4859 Col.
3097 4804 3221 4861 482.
3258 4820 3312 4858 v.
3360 4805 3451 4861 10.
3495 4820 3560 4856 ea:
3608 4805 3707 4868 ἱρεα

2128 4893 2307 4943 opera.
2349 4884 2407 4931 et
2430 4893 2567 4932 mox
2591 4885 2843 4931 maturus
2873 4892 2975 4942 pro
3003 4879 3331 4929 matutinus.

2190 4951 2321 5015 Cap.
2353 4952 2446 5003 XI.
2480 4951 2601 5003 init.
2637 4967 2703 5002 ea:
2737 4953 2837 5002 hac
2872 4951 2982 5001 luce
3012 4949 3243 4999 decessit.
3279 4947 3395 5000 Col.
3433 4945 3554 5003 484.
3583 4960 3635 4998 v.
3665 4944 3705 4999 4.

2128 5021 2216 5070 sed
2234 5020 2300 5071 ab
2317 5021 2425 5084 his,
2462 5022 2635 5075 tacita
2667 5029 2713 5072 et
2736 5021 2941 5087 copula
2962 5020 3326 5072 intermedia.

2192 5092 2323 5156 Cap.
2348 5093 2503 5145 XIII.
2530 5092 2635 5146 col.
2662 5092 2787 5148 486.
2818 5107 2869 5145 v.
2896 5092 2983 5147 14.
3010 5092 3072 5141 in
3092 5091 3349 5156 perﬁdia.

2193 5164 2322 5228 Cap.
2356 5164 2505 5215 XIV.
2530 5165 2635 5216 col.
2674 5164 2797 5219 487.
2832 5178 2883 5219 v.
2911 5163 2962 5218 7.
2985 5177 3291 5228 puerorum
3323 5161 3703 5212 multitudinem

2130 5249 2301 5299 supra
2324 5249 2499 5297 oram,
2524 5241 2632 5287 etc.

2196 5308 2326 5370 Cap.
2352 5308 2501 5357 XVI.
2520 5307 2623 5359 col.
2654 5305 2776 5361 488.
2802 5321 2854 5358 v.
2882 5304 3103 5370 penult.
3143 5304 3365 5353 invidia:
3397 5304 3608 5353 horror.

2195 5380 2326 5443 Cap.
2355 5378 2528 5429 XVII.
2556 5378 2662 5430 col.
2697 5378 2818 5432 489.
2857 5390 3005 5429 vers.
3031 5376 3082 5431 8.
3109 5376 3454 5440 reliquerant
3488 5388 3586 5439 pro
3606 5372 3702 5443 rm}

2136 5441 2348 5509 nabant,
2383 5453 2441 5499 et
2464 5462 2600 5500 mox
2625 5448 2851 5514 perculit
2875 5461 2975 5513 pro
2998 5447 3256 5512 perpulit.
3282 5446 3543 5502 001.490.
3566 5457 3618 5498 v.
3636 5441 3699 5497 14-

2135 5520 2263 5569 Ecce
2284 5521 2499 5583 prolloc
2512 5526 2606 5580 est,
2630 5525 2688 5572 et
2710 5519 2945 5584 decipere
2965 5532 3069 5583 pro
3092 5518 3287 5583 decipi.

2197 5591 2331 5653 Cap,
2358 5591 2508 5642 XIX.
2532 5590 2638 5654 col,
2665 5588 2788 5644 492.
2824 5604 2880 5641 v.
2920 5588 2989 5643 24
3042 5589 3328 5640 concedas.

2198 5661 2329 5726 Cap.
2358 5663 2480 5714 XX.
2505 5662 2577 5714 ad
2603 5662 2699 5713 lin.
2723 5662 3017 5712 deserendae
3040 5674 3141 5725 pro
3167 5660 3521 5711 destruenda.

491 5786 803 5855 :Leclorem
835 5792 1084 5855 monitum
1112 5794 1347 5839 volumus
1372 5806 1481 5845 nos.
1524 5794 1575 5840 in
1602 5794 1695 5840 hoc
1728 5795 2038 5841 Varlanlium
2074 5794 2260 5855 indice,
2290 5800 2573 5844 nostrorum
2601 5810 2839 5843 versuum
2874 5796 3336 5854 columnarumque
3365 5794 3696 5841 distinctionem

435 5845 801 5893 arithmeticam
830 5849 986 5896 fuisse
1012 5858 1222 5902 secutos.
1249 5856 1386 5902 Eon.
