3866 6206
449 332 586 386 1179

445 447 506 497 L.
543 446 775 496 Pcecatis
802 450 1000 498 nostris
1019 454 1316 501 venundati
1334 468 1541 504 sumus.
1971 456 2037 510 77

444 519 502 569 L.
537 518 772 567 Dorsum
815 534 995 569 meum
1036 521 1159 571 dedi
1206 524 1279 572 ad
1319 524 1551 587 ﬂagella,
1595 531 1643 577 et
1677 526 1935 578 maxillas
1966 528 2044 577 ad

500 588 733 652 palmas,
756 594 802 639 et
828 590 1024 651 faciem
1046 608 1154 642 non
1177 595 1364 656 averti,
1390 598 1497 648 etc.
1967 596 2036 653 83

442 662 553 713 LII.
594 663 794 721 Quibus
826 679 939 713 non
977 670 1049 715 est
1070 668 1476 719 annunciatum
1502 669 1564 720 de
1585 684 1661 731 eo,
1692 671 1962 732 videbunt,
1988 677 2037 721 et

502 735 599 797 qui
629 750 743 783 non
764 735 1063 786 audierunt
1088 738 1400 804 intelligent.
1964 744 2027 797 81

441 807 576 857 LIII.
600 806 829 855 Domine
853 808 976 871 quis
999 809 1223 859 credidit
1238 811 1459 861 auditui
1480 818 1678 862 nostro.
1964 813 2035 869 84

438 878 577 927 LIII.
615 876 765 927 Sicut
808 894 985 942 agnus
1030 895 1213 930 coram
1239 883 1484 933 tondente
1511 898 1581 945 se,
1611 898 1723 934 non
1741 884 1958 949 aperuit
1977 901 2033 936 os

498 962 678 1007 suum,
706 950 767 998 in
792 950 1099 1001 humilitate
1113 951 1393 1016 judicium
1422 955 1555 1019 ejus.
1965 956 2033 1012 85

441 1020 606 1070 LVII.
641 1020 914 1071 Hecubam
959 1023 1215 1073 dormivit
1259 1031 1319 1075 ut
1343 1026 1437 1087 leo,
1460 1032 1506 1075 et
1534 1030 1593 1076 ut
1615 1027 1825 1077 catulus
1848 1026 2031 1090 leonis,

497 1091 620 1153 quis
642 1093 917 1142 suscitabit
940 1109 1063 1144 eum
1078 1099 1101 1143 ?
1962 1099 2031 1156 86

434 1162 598 1214 LVII.
636 1163 821 1228 Supra
858 1180 1016 1229 quem
1039 1168 1327 1232 aperuistis
1355 1185 1411 1219 os
1439 1175 1686 1233 vestrum,
1709 1177 1756 1221 et
1779 1171 2033 1223 adversus

494 1248 654 1297 quem
673 1234 961 1287 relamastis
984 1237 1203 1303 linguas
1226 1246 1437 1291 vestras.
1961 1243 2030 1299 85

432 1304 574 1355 LXI.
611 1304 851 1379 Spiritus
894 1308 1122 1359 Domini
1152 1324 1313 1373 super
1334 1327 1434 1373 me,
1457 1318 1675 1378 propter
1697 1314 1843 1379 quod
1863 1316 2028 1365 unacit

493 1390 576 1425 me
598 1378 959 1442 evangelizare
976 1382 1325 1447 pauperibus,
1350 1389 1459 1436 etc.
1706 1378 1717 1379 ί
1961 1386 2030 1442 62

432 1446 624 1523 LXIII.
662 1448 767 1507 Qui
845 1451 1034 1502 eduacit
1098 1459 1161 1502 de
1219 1446 1363 1505 terra
1428 1460 1699 1521 pastorem
1758 1472 2027 1523 magnum

490 1518 695 1571 ovium.
1429 1518 1441 1521 ⁷
1854 1518 1873 1523 ⁷
1956 1527 2025 1584 99

429 1589 624 1641 LXIII.
666 1590 796 1650 Quis
832 1596 904 1642 est
950 1593 1038 1645 hic
1074 1596 1172 1659 qui
1200 1597 1340 1646 venit
1372 1597 1435 1647 de
1458 1598 1649 1660 Edam,
1673 1599 1842 1650 rubor
1870 1601 2025 1651 vesti-

487 1665 793 1712 mentorum
836 1663 951 1728 ejus
988 1680 1054 1715 ea:
1090 1667 1301 1719 Bosra?
1332 1669 1510 1728 Quare
1552 1670 1860 1722 rubicunda
1897 1677 2025 1723 sunt

490 1732 797 1785 vestimenta
821 1740 986 1796 tua,et
1009 1737 1391 1789 indumentum
1415 1746 1590 1803 tuum,
1613 1747 1719 1795 etc.
1956 1744 2024 1800 88

1037 1888 1404 1943 JEREMIAS.

424 2007 660 2083 Cap._II.
696 2009 810 2083 Ego
828 2013 1077 2075 ptantavi
1100 2017 1145 2063 te
1172 2015 1389 2065 vineam
1411 2017 1759 2083 frugiferam.
1952 2023 2020 2078 ‘25

422 2079 517 2130 III.
553 2079 1013 2157 Morti/icaverunt
1043 2084 1105 2134 in
1134 2085 1307 2136 locum
1330 2087 1497 2138 vitam
1511 2079 1714 2153 meam,
1752 2097 1797 2142 et
1833 2108 2022 2157 posue-

485 2156 616 2199 runt
645 2152 881 2216 lapidem
902 2168 1064 2220 super
1091 2172 1193 2209 me.
1699 2152 1703 2153 7
1835 2152 1846 2157 ’
1951 2165 2020 2220 89

421 2223 514 2301 VI_.
553 2222 804 2301 Spiritus
814 2226 991 2276 vultus
1013 2230 1185 2277 nostri
1204 2229 1450 2301 Christus
1460 2232 1728 2283 Dominus
1746 2253 1756 2284 :
1781 2250 2022 2301 compre-

485 2294 683 2344 hensus
701 2302 772 2345 est
786 2297 841 2346 in
859 2300 1297 2363 corruptionibus
1310 2304 1529 2365 nostris,
1547 2304 1609 2353 in
1627 2319 1732 2369 quo
1744 2294 2017 2357 diximus:

480 2366 591 2436 sub,
604 2367 801 2421 umbra
820 2368 934 2431 ejus
953 2369 1187 2420 vivemus
1210 2372 1272 2421 in
1294 2373 1553 2436 gentibus.
1634 2366 1650 2369 “
1948 2377 2017 2433 82

420 2434 516 2487 XI.
550 2435 728 2487 Venite
756 2443 803 2487 et
834 2439 1154 2503 injiciamus
1174 2434 1390 2507 lignum
1408 2444 1467 2493 in
1488 2460 1689 2510 panem
1700 2446 1813 2510 ejus
1828 2452 1873 2498 et
1888 2464 2018 2499 con-

482 2510 721 2557 teramus
741 2524 864 2559 eum
889 2510 951 2560 de
974 2518 1117 2562 terra
1137 2513 1448 2566 viventium.
1945 2519 2014 2575 86

1032 2665 1397 2717 EZECHIEL.

478 2785 609 2848 Cap.
647 2785 827 2859 XXX.
865 2788 930 2859 In
954 2787 1049 2839 illa
1074 2788 1159 2839 die
1174 2790 1455 2855 procedent
1481 2793 1676 2857 Angeli
1698 2796 2012 2859 festinantes

476 2856 839 2931 escterminarf
861 2858 1223 2925 Ethiopiam,
1249 2866 1449 2927 eritque
1469 2865 1523 2913 in
1533 2856 1609 2914 ter
1631 2856 1713 2916 eos
1731 2869 2013 2931 perturba-

477 2925 550 2975 tio
576 2927 634 2975 in
657 2928 743 2977 die
765 2929 1007 2994 ﬁgi/pii,
1033 2936 1142 2982 etc.
1357 2925 1370 2927 ἡ
1731 2925 1740 2931 ”
1944 2940 2010 2995 78

415 2996 648 3049 XXXII.
683 3000 749 3048 Et
773 3002 1064 3051 extraham
1091 3008 1135 3051 te
1163 3003 1225 3052 in
1248 3005 1407 3056 homo
1432 3022 1565 3069 meo,
1590 3014 1635 3059 et
1656 3010 1942 3061 cactendam
1968 3019 2011 3063 te

474 3082 636 3132 super
648 3075 865 3123 terram.
888 3074 1082 3138 Campi
1098 3073 1161 3124 de
1172 3081 1217 3124 te
1231 3075 1617 3142 implebantur,
1630 3086 1676 3130 et
1687 3084 2003 3133 constituam

473 3143 518 3187 te
538 3154 700 3205 super
721 3157 906 3194 omnes
929 3145 1164 3195 volucres
1183 3147 1313 3200 caeli.
1939 3154 2006 3209 79

411 3210 604 3285 XLIV.
640 3212 806 3263 Porta
830 3220 1009 3265 autem
1033 3231 1149 3281 quas
1165 3219 1382 3283 respicit
1405 3221 1479 3271 ad
1513 3222 1797 3285 Orientem,
1822 3224 2006 3275 clausa

467 3282 584 3343 erit,
630 3289 675 3333 et
718 3302 832 3335 non
872 3289 1162 3352 aperietur,
1210 3282 1261 3339 et
1284 3307 1439 3343 nemo
1465 3294 1715 3344 transibit
1745 3282 1842 3360 per
1867 3312 2004 3359 eam,

470 3355 1034 3430 quoniamADominus
1061 3360 1201 3409 Deus
1222 3361 1387 3414 Israel
1412 3365 1661 3416 transibit
1682 3355 1776 3430 per
1797 3383 1934 3429 eam,
1961 3355 2006 3417 ct

467 3424 655 3476 clausa
675 3428 794 3481 erit.
1682 3424 1692 3430 ’
1920 3424 2004 3494 ⁷72

1105 3584 1301 3637 OSEE.

406 3702 615 3778 Cap._I.
657 3703 716 3778 Si
745 3704 952 3778 fuerint
981 3706 1090 3767 ﬁlii
1120 3707 1286 3757 Israel
1306 3714 1443 3759 sicut
1464 3726 1637 3762 arena
1658 3716 1847 3778 maris,
1874 3718 2002 3767 reli-

465 3772 782 3844 quiefalvse
801 3775 946 3836 ﬁent.
1830 3772 1842 3778 ⁷
1931 3788 1994 3844 11

462 3843 557 3918 1_1_1_.
593 3842 662 3891 Et
681 3842 809 3892 dicit
825 3844 1119 3918 Dominus:
1147 3847 1342 3898 Adhuc
1359 3850 1508 3912 vade,
1533 3852 1696 3918 dilige
1718 3842 1999 3909 mulierem

463 3913 710 3988 dilectam
733 3916 926 3988 amicis
955 3922 1000 3966 et
1031 3918 1511 3982 adulteram,sicut
1533 3913 1711 3988 diligit
1732 3927 2001 3981 Dominus

463 3984 604 4057 ﬁlios
626 3986 808 4048 Israel,
834 3993 943 4040 etc.
968 3990 1230 4054 Append.
1635 3984 1655 3988 -
1893 4001 1998 4057 413

400 4055 494 4105 IV.
518 4056 763 4107 Judicate
788 4064 1016 4110 matrem
1040 4067 1286 4126 vestram,
1304 4064 1564 4137 judicate,
1596 4070 1863 4132 quoniam
1879 4055 1999 4137 ipsa

460 4142 571 4204 non
594 4143 740 4204 uecor
767 4144 904 4204 mea,
931 4137 978 4181 et
1001 4147 1092 4196 ego
1120 4149 1229 4183 non
1264 4135 1350 4184 vir
1376 4136 1507 4201 ejus.
1533 4140 1790 4204 Append.
1891 4135 1995 4200 403

398 4199 498 4277 IV:
526 4199 724 4277 Audite
740 4201 956 4277 verbum
971 4204 1199 4277 Domini
1218 4206 1341 4271 filii,
1360 4199 1541 4272 Israel,
1565 4199 1700 4275 quia
1715 4199 1991 4277 judicium

456 4270 689 4321 Domino
725 4288 850 4323 cum
892 4274 1283 4327 habitatoribus
1311 4270 1477 4340 terrae,
1505 4270 1619 4332 non
1647 4270 1791 4334 enim
1817 4291 1887 4336 est
1910 4303 1994 4337 ve-

454 4341 609 4418 ritas,
635 4347 692 4418 et_
709 4360 817 4393 non
847 4350 918 4395 est
941 4346 1331 4411 misericordia,
1348 4358 1393 4400 et
1413 4366 1525 4403 non
1547 4356 1991 4418 estscientia,etc.

457 4413 713 4477 Append.
1857 4413 1867 4418 ⁷
1888 4429 1993 4485 415

394 4484 459 4533 ν.
496 4485 563 4559 In
588 4485 932 4537 tribulatione
965 4503 1064 4538 sua
1099 4504 1262 4541 mane
1284 4501 1606 4559 consurgent
1639 4497 1712 4546 ad
1742 4513 1860 4548 me:
1898 4502 1993 4551 Ve-

456 4555 582 4617 nite,
614 4561 956 4635 revertamur
988 4560 1061 4609 ad
1088 4561 1407 4628 Dominum,
1451 4555 1586 4630 quia
1620 4567 1731 4632 ipse
1753 4572 1920 4635 cepit,
1946 4579 1992 4622 et

454 4626 683 4704 salvabit
708 4645 822 4704 nos,
841 4632 1099 4704 percutiet
1125 4640 1171 4682 et
1208 4626 1417 4685 curabit
1449 4626 1564 4687 nos.
1591 4626 1850 4704 Append.
1887 4626 1991 4698 4‘28

496 4699 695 4770 Audite
720 4701 835 4760 hoc,
860 4703 1169 4765 sacerdotes,
1195 4710 1240 4754 et
1260 4707 1529 4770 attendite,
1562 4698 1772 4765 domus.

397 4768 486 4819 VI.
524 4768 754 4820 Sanabit
782 4787 878 4821 nos
894 4780 1010 4845 post
1034 4774 1278 4837 biduum,
1304 4778 1364 4826 in
1389 4778 1473 4828 die
1496 4768 1675 4831 autem
1702 4784 1876 4845 tertia,
1908 4801 1991 4835 re-

452 4855 749 4904 surgemus,
776 4848 824 4891 et
850 4844 1086 4894 vivemus
1116 4847 1177 4895 in
1200 4855 1479 4913 conspectu
1502 4850 1634 4915 ejus.
1862 4844 1865 4845 7
1919 4855 1988 4911 92

395 4910 686 4990 VI_I_.“Cum
720 4928 918 4990 sanare
936 4916 1137 4990 vellem
1156 4910 1342 4981 Israel,
1374 4910 1608 4971 revelata
1625 4929 1698 4974 est
1723 4910 1993 4990 iniquitas

449 4982 695 5060 Effraim
705 4989 750 5033 et
764 4984 983 5036 malitia
996 4987 1277 5052 Samaria,
1293 4992 1446 5057 quia,
1462 4997 1570 5045 etc.
1588 4982 1846 5060 Append.
1887 4999 1983 5055 431

390 5053 533 5105 VIII.
569 5054 882 5134 In_gutt_ure
919 5063 1009 5108 tuo
1032 5061 1103 5110 sit
1132 5061 1276 5123 tuba,
1301 5053 1464 5127 quasi
1486 5053 1696 5131 Aquild
1713 5084 1873 5134 super
1896 5053 1993 5120 do;

448 5140 602 5201 _mu_m
616 5127 869 5201 Domini,
891 5145 992 5193 pro
1016 5146 1073 5181 eo
1099 5134 1261 5196 quod,
1293 5138 1401 5186 etc.
1434 5127 1690 5201 Append.
1775 5127 1791 5134 ’
1884 5141 1989 5198 436

388 5197 485 5275 IX_.
521 5197 651 5275 [γοιί
687 5199 879 5275 laetari,
906 5202 1111 5275 Isralet,
1150 5204 1263 5253 noli
1283 5197 1547 5272 exultare,
1577 5210 1713 5273 quia
1740 5227 1776 5260 a
1802 5197 1993 5275 ﬁndere

449 5268 576 5344 legis
597 5271 859 5336 sacrilega
882 5273 1175 5336 pollutione
1196 5275 1506 5328 discesseris.
1533 5268 1810 5344 Append:
1882 5284 1987 5339 442

389 5340 455 5391 Χ.
491 5341 685 5419 Vaccus
723 5344 1017 5419 .Bethavem
1054 5346 1333 5397 coluerunt
1378 5340 1678 5401 habitantes
1700 5352 1986 5419 Samaria,

446 5412 581 5475 quia
610 5414 752 5493 luxit
780 5430 943 5480 super
987 5432 1109 5493 eum
1151 5419 1407 5493 populus,
1428 5422 1557 5486 ejus,
1594 5428 1639 5472 et
1661 5426 1849 5476 aeditui
1874 5412 1987 5493 ejus

445 5484 985 5562 superemultaverunt
1035 5490 1096 5539 in
1139 5490 1317 5555 gloria
1359 5484 1491 5557 ejus,
1544 5495 1679 5559 quia
1730 5484 1989 5562 migravit

448 5553 606 5626 abeo.
633 5558 876 5620 Append
1144 5553 1154 5555 ⁷
1381 5553 1394 5557 ⁷
1476 5553 1479 5554 ν
1551 5553 1569 5559 ’
1810 5553 1832 5562 ν
1883 5570 1988 5626 449

386 5622 457 5700 X.
581 5626 865 5700 alligantes
887 5646 1009 5681 eum
1031 5636 1261 5685 xenium
1283 5636 1415 5700 Regi
1428 5637 1630 5691 Jarim.

394 5691 463 5742 X.
508 5696 632 5775 Vitis
676 5697 940 5775 frondosa
963 5706 1147 5775 Israel,
1173 5691 1384 5768 fructus
1406 5709 1722 5775 adaequatus
1751 5718 1823 5762 est
1841 5717 1888 5764 ei
1910 5691 1989 5765 ξεί-

715 5764 1137 5850 multitudinem,
1164 5764 1392 5850 fructus,
1420 5764 1814 5850 etcprpend.
1883 5764 1986 5843 447

393 5829 486 5878 x1.
526 5831 612 5879 Sic
630 5836 752 5893 fecit
776 5838 917 5888 vobis
940 5829 1136 5893 Bethel:
1155 5829 1525 5910 Appendfm
1555 5829 1814 5850 "'“mw
1877 5829 1981 5914 ἱΞὲ

1778 344 2004 394 INDEX
2060 344 2400 398 LOCORUM

3618 354 3732 408 “80

2821 466 3035 518 AMOS.

2138 556 2267 631 Cap.
2304 558 2399 609 VI.
2444 561 2527 609 Vae
2567 563 2664 625 qui
2709 563 2949 626 opulenti
2987 566 3111 615 estis
3130 565 3197 615 in
3221 563 3383 627 Sion,
3410 569 3459 615 et
3485 567 3727 631 conﬁditis

2197 628 2258 677 in
2282 636 2461 679 monte
2495 632 2781 685 Samaria.
2805 636 3067 699 Append.
3585 628 3589 631 ⁷
3640 636 3726 692 535

2134 700 2279 750 VIII.
2325 702 2526 752 Occidet
2553 703 2649 753 tibi
2671 706 2748 754 sol
2772 707 3013 758 meridie.
3671 707 3725 761 87

2133 771 2229 822 IX.
2267 773 2409 831 Quid
2429 776 2653 838 aedificat
2682 778 2742 825 in
2767 777 2887 827 caelo
2909 779 3281 828 ascensionem
3310 792 3499 828 suam.
3668 780 3725 833 94

2716 903 3143 954 ZACHARIAS.

2131 993 2261 1058 Cap.
2286 996 2381 1046 XI.
2420 996 2487 1045 Et
2529 997 2650 1046 dixi
2692 999 2765 1047 ad
2808 1014 2929 1050 eos:
2957 1000 3020 1052 Si
3042 1001 3249 1051 bonum
3271 1004 3349 1050 est
3374 1001 3439 1050 in
3466 1008 3720 1066 conspectu

2191 1071 2377 1129 vestro,
2402 1067 2523 1116 date
2544 1070 2851 1131 mercedem,
2870 1076 2916 1120 et
2936 1070 3175 1123 abnuite.
3205 1072 3251 1121 Ε
3253 1076 3272 1121 ι
3302 1073 3494 1136 accepi
3518 1073 3722 1136 triginta

2190 1143 2482 1200 argenteos,
2521 1145 2567 1188 et
2604 1141 2731 1190 misi
2775 1156 2859 1191 eos
2888 1143 2950 1192 in
2995 1143 3223 1193 domum
3263 1143 3505 1193 Domini
3528 1144 3586 1193 in
3617 1159 3722 1193 con-

2188 1208 2487 1270 ﬂatorium.
3667 1214 3723 1269 83

2129 1279 2278 1331 XIV.
2315 1281 2375 1329 In
2415 1280 2512 1331 illa
2545 1281 2631 1331 die
2667 1297 2777 1332 non
2815 1283 2917 1333 erit
2948 1283 3086 1335 luas:
3122 1284 3308 1349 frigus
3331 1290 3381 1334 et
3404 1285 3621 1351 pruina
3642 1287 3723 1335 erit

2190 1365 2302 1401 uno
2326 1352 2428 1412 die,
2454 1357 2501 1401 et
2522 1353 2635 1402 dies
2668 1354 2766 1403 ilia
2779 1359 2912 1404 nota
2932 1355 3189 1417 Domino,
3215 1361 3263 1405 et
3284 1371 3469 1421 neque
3497 1357 3621 1419 dies,
3649 1373 3721 1406 ne-

2188 1436 2290 1486 que
2313 1438 2445 1484 nox,
2470 1429 2517 1473 et
2540 1425 2614 1474 ad
2635 1439 2908 1490 vesperam
2934 1427 3035 1475 erit
3051 1426 3167 1479 tum.
3663 1427 3717 1482 87

2709 1550 3147 1603 MALACHIAS.

2131 1644 2263 1708 Cap.
2289 1645 2380 1696 III.
2418 1645 2549 1695 Ecce
2587 1646 2755 1696 veniet
2797 1647 3068 1698 Dominus
3113 1649 3487 1714 omnipotens,
3531 1656 3577 1699 et
3615 1653 3719 1714 quis

2185 1715 2463 1765 sustinebit
2485 1717 2629 1767 diem
2650 1717 2909 1768 adventus
2919 1719 3034 1783 ejus
3049 1721 3077 1771 ?
3096 1723 3197 1770 aut
3211 1722 3340 1785 quis
3354 1721 3719 1771 sustinebitas—

2183 1790 2393 1857 pectum
2437 1787 2552 1852 ejus
2573 1791 2598 1840 ?
2633 1789 2775 1848 Quia
2810 1788 2923 1853 ipse
2943 1790 3256 1855 ingreditur
3278 1791 3425 1842 sicut
3453 1792 3719 1857 igniseon-

2185 1856 2409 1920 ﬂatorii,
2432 1864 2477 1909 et
2503 1858 2639 1909 sicut
2663 1858 2846 1921 herba,
2868 1865 2973 1913 etc.
3484 1856 3489 1857 ⁷
3657 1863 3714 1917 95

2682 1985 3156 2039 PSALTERIUM.

2121 2078 2252 2143 Cap.
2279 2080 2373 2131 III.
2398 2079 2512 2145 Ego
2541 2081 2777 2132 dormivi
2807 2088 2852 2132 et
2872 2088 3160 2146 soporatus
3182 2088 3388 2144 sum,et
3413 2087 3707 2143 cassus-rari,

2180 2160 2443 2222 quoniam
2464 2161 2732 2211 Dominus
2753 2163 2979 2228 suscepit
3001 2177 3105 2214 me.
3647 2166 3702 2219 91

2117 2231 2214 2281 IV.
2251 2231 2356 2290 Qui
2383 2232 2734 2282 manducavit
2760 2248 2929 2298 panes
2950 2248 3094 2284 meos
3114 2234 3409 2298 ampliavit
3438 2236 3704 2285 adsz

2177 2316 2261 2351 me
2291 2303 2805 2367 supplantationem.
3645 2306 3704 2360 8‘3

2115 2373 2209 2422 IV.
2244 2372 2373 2422 Filii
2400 2375 2709 2437 hominum,
2734 2389 3010 2439 usquequo
3031 2376 3192 2440 gravi
3213 2377 3395 2441 corde,
3412 2383 3472 2426 ut
3485 2378 3616 2442 quid
3636 2377 3706 2425 di-

2178 2443 2345 2506 ligitis
2369 2445 2684 2509 vanitatem,
2709 2450 2755 2494 et
2779 2446 3037 2510 queritis,
3055 2451 3163 2499 etc.
3188 2448 3460 2512 Append.
3612 2447 3702 2501 547

2116 2504 2183 2564 X.
2224 2504 2292 2564 Ut
2323 2516 2572 2579 sagittent
2604 2504 2909 2567 in'obscuro
2941 2504 3106 2568 rectos
3128 2504 3303 2569 corde:
3643 2518 3700 2573 46

2115 2586 2211 2636 XI.
2249 2586 2525 2650 Linguam
2552 2593 2796 2639 nostram
2818 2589 3303 2653 magnificabimus
3322 2605 3339 2639 :
3364 2589 3512 2640 labia
3534 2596 3702 2639 nostra

2174 2672 2209 2705 a
2236 2656 2390 2707 nobis
2412 2664 2555 2722 sunt,
2583 2660 2705 2723 quis
2728 2664 2905 2709 noster
2932 2665 3043 2713 etc.
3071 2661 3339 2726 Append.
3607 2659 3701 2715 528

2113 2728 2209 2779 XI.
2244 2729 2471 2793 Propter
2494 2730 2773 2781 miseriam
2794 2730 3025 2795 inopum
3036 2737 3085 2781 et
3103 2733 3369 2797 gemitum
3388 2747 3698 2798 pauperum,

2170 2814 2320 2849 nunc
2331 2815 2642 2866 amurgam,
2657 2803 2787 2852 dicit
2811 2804 3101 2855 Dominus.
3634 2802 3686 2857 91

2110 2872 2233 2921 XV.
2273 2871 2413 2929 Quia
2458 2888 2569 2923 non
2621 2873 2773 2924 dabis
2817 2880 3066 2925 sanctum
3098 2882 3256 2925 tuum
3291 2876 3472 2927 videre
3492 2890 3698 3005 eoi-ruga

2171 2942 2387 2994 tionem.

2171 2942 2387 2994 tionem.

2110 3014 2233 3065 XV.
2268 3014 2516 3075 Domine,
2541 3016 2777 3066 eduxisti
2798 3017 3049 3068 animam
3073 3033 3253 3069 meam
3272 3020 3340 3069 ab
3354 3021 3697 3083 inferno,sal-

2169 3087 2308 3135 vasti
2334 3101 2415 3136 me
2436 3102 2472 3136 a
2492 3087 2810 3137 descentibus
2842 3089 2901 3138 in
2927 3089 3125 3139 lacum.
3632 3093 3695 3147 90

2109 3158 2287 3208 XVII.
2325 3157 2463 3230 Cum
2510 3165 2696 3209 sancto
2717 3165 2934 3210 sanctus
2951 3162 3079 3226 eris,
3103 3166 3149 3211 et
3172 3177 3298 3211 cum
3316 3178 3564 3228 perverso
3583 3180 3695 3230 per-

2166 3228 2401 3279 verteris.
2428 3230 2689 3294 Append.
3584 3228 3693 3290 I507

2108 3301 2285 3351 XVII.
2322 3300 2425 3359 Qui
2447 3302 2684 3351 ascendit
2697 3317 2859 3366 super
2885 3302 3395 3365 Cherubin,volavit
3408 3321 3695 3372 superpen-

2164 3386 2267 3420 nas
2290 3376 2590 3424 ventorum.
3628 3378 3694 3431 9-1

2107 3442 2257 3492 XXI.
2303 3443 2470 3493 Tauri
2491 3443 2723 3507 pingues
2741 3443 3054 3495 obsederunt
3078 3460 3182 3497 me.
3626 3448 3692 3504 34

2105 3514 2258 3564 XXI.
2293 3512 2359 3563 Et
2382 3513 2443 3563 in
2470 3515 2741 3578 pulverem
2762 3517 2952 3566 mortis
2974 3516 3253 3567 deduxisti
3286 3534 3392 3570 me.
3630 3519 3691 3572 89

2097 3584 2330 3636 XXXII.
2373 3584 2550 3635 Tollite
2571 3593 2757 3650 portas
2781 3588 3057 3652 principes
3085 3594 3308 3653 vestras,
3334 3596 3382 3640 et
3397 3590 3690 3652 elevamini,

2154 3660 2320 3719 portae
2342 3657 2631 3719 aeternales,
2660 3663 2705 3708 et
2735 3658 2980 3709 introibit
3000 3674 3101 3710 rea:
3124 3660 3332 3723 glorise.
3358 3663 3492 3721 Quis
3512 3668 3581 3713 est
3602 3664 3690 3712 iste

2158 3741 2255 3776 rex
2280 3727 2494 3791 glarias?
2516 3728 2784 3779 Dominus
2804 3730 2979 3795 fortis,
3006 3736 3054 3780 et
3082 3736 3288 3795 potens,
3316 3739 3409 3782 etc.
3627 3733 3692 3788 93

2100 3798 2303 3850 XXIII.
2329 3799 2576 3861 Domine,
2604 3801 2726 3865 quis
2751 3801 3011 3851 habitabit
3022 3803 3085 3852 in
3105 3802 3456 3855 tabernaculo
3479 3810 3583 3866 tuo,
3600 3815 3694 3857 aut

2157 3868 2282 3931 quis
2314 3871 2595 3933 requiescet
2618 3871 2680 3921 in
2706 3872 2814 3921 loco
2847 3879 3032 3923 sancto
3057 3877 3183 3923 tuo?
3205 3877 3470 3939 Append.
3592 3878 3692 3933 456

2094 3940 2274 3990 XXV.
2313 3939 2428 4015 Odi
2459 3941 2749 3993 Ecclesium
2776 3943 3230 4008 malignantium,
3267 3953 3315 3996 et
3361 3962 3489 3998 cum
3516 3950 3691 4015 impiis

2157 4026 2271 4060 non
2294 4011 2496 4065 sedebo.
3585 4011 3681 4075 101

2094 4082 2326 4133 XXVII.
2353 4083 2661 4133 Diviserunt
2672 4084 2772 4134 sibi
2787 4085 3098 4136 vestimenta
3113 4101 3255 4148 mea,
3269 4092 3317 4137 et
3331 4103 3497 4155 super
3508 4098 3685 4142 vestem

2156 4168 2333 4202 meam
2366 4155 2634 4205 miserunt
2656 4162 2867 4207 sortem.
3620 4161 3684 4216 83

2092 4225 2300 4276 XXIX.
2337 4227 2459 4285 Quae
2494 4227 2701 4277 utilitas
2725 4228 2785 4277 in
2808 4228 3079 4292 sanguine
3100 4244 3239 4295 meo,
3265 4231 3406 4282 dum
3426 4233 3689 4282 descende-

2156 4312 2215 4346 ro
2240 4298 2302 4347 in
2324 4301 2745 4363 corruptionem.
3620 4304 3683 4360 89

2094 4372 2298 4423 XXIX.
2336 4372 2479 4431 Quia
2522 4387 2637 4421 non
2670 4372 3002 4436 deretinques
3031 4372 3289 4423 animam
3312 4389 3497 4426 meam
3520 4377 3576 4425 in
3600 4376 3686 4425 in-

2152 4444 2328 4505 ferno,
2358 4457 2449 4493 nec
2472 4443 2624 4493 dabis
2647 4449 2895 4493 sanctum
2924 4444 3120 4504 videre,
3142 4453 3235 4495 etc.
3622 4447 3687 4501 90

2091 4514 2299 4565 XXIX.
2334 4514 2583 4575 Domine,
2608 4514 2845 4564 eduxisti
2877 4513 2940 4563 de
2962 4514 3186 4578 inferno
3207 4516 3468 4567 animam
3501 4532 3687 4577 meam,

2149 4585 2368 4635 salvasti
2391 4600 2474 4635 me
2496 4601 2531 4634 a
2557 4584 2987 4635 descendentibus
3018 4586 3079 4635 in
3106 4586 3307 4638 lacum.
3622 4588 3679 4642 91

2090 4657 2272 4707 XXX.
2300 4656 2362 4705 In
2391 4671 2591 4706 manus
2632 4663 2769 4718 tuas,
2808 4656 3059 4721 Domine,
3095 4660 3416 4710 commendo
3439 4662 3683 4725 spiritum

2149 4741 2349 4777 meum.
3618 4732 3683 4787 95

2092 4798 2353 4849 XXXIV.
2387 4797 2508 4847 Fiat
2524 4798 2615 4848 via
2638 4798 2861 4848 illorum
2885 4798 3103 4848 tenebrae
3125 4805 3172 4849 et
3198 4800 3479 4854 lubricum
3503 4808 3547 4854 et
3565 4805 3679 4854 An-

2147 4868 2298 4931 gelns
2323 4869 2549 4919 Domini
2570 4885 2884 4935 persequens
2904 4885 3007 4921 eos.
3032 4872 3298 4936 Append.
3583 4874 3681 4931 454

2090 4942 2374 4993 XXXVII.
2410 4940 2528 5004 Ego
2559 4946 2827 5006 tanquam
2849 4942 3052 4991 surdus
3076 4957 3191 4993 non
3212 4944 3530 5007 audiebam,
3546 4951 3593 4996 et
3612 4947 3684 4996 si-

2147 5017 2234 5060 cut
2256 5017 2437 5061 mutus
2459 5027 2571 5062 non
2599 5013 2845 5076 aperiens
2856 5027 2912 5061 os
2934 5027 3115 5065 suum.
3621 5016 3685 5071 85

2088 5084 2374 5134 XXXVII.
2394 5083 2576 5132 Amici
2592 5084 2715 5145 mei,
2730 5088 2774 5132 et
2797 5084 3043 5146 proximi
3069 5084 3177 5134 mei
3192 5086 3575 5137 adversumme
3589 5104 3687 5152 ap-

2144 5154 2674 5218 propinquaverunt,
2711 5159 2759 5203 et
2775 5160 3045 5206 steterunt.
3620 5159 3684 5214 82

2087 5226 2374 5276 XXXVII.
2410 5226 2601 5274 Factus
2633 5240 2757 5275 sum
2778 5226 2913 5276 sicut
2937 5226 3098 5276 homo
3121 5241 3241 5277 non
3265 5229 3500 5280 audiens
3519 5234 3680 5281 etnon

2148 5296 2347 5345 habens
2377 5296 2439 5344 in
2462 5311 2551 5345 ore
2572 5312 2669 5346 suo
2692 5298 3116 5361 redargutiones.
3622 5302 3684 5358 ἃς

2086 5367 2399 5417 XXXVIII.
2439 5366 2712 5417 Obtmutui
2735 5375 2781 5417 et
2809 5368 3136 5420 humiliatus
3154 5386 3299 5435 sum,
3325 5378 3372 5422 et
3394 5374 3524 5424 silui
3545 5392 3584 5425 α
3602 5375 3686 5425 bo-

2148 5438 2252 5497 nis,
2282 5442 2325 5487 et
2349 5437 2502 5487 dolor
2524 5453 2673 5489 meus
2695 5445 2985 5490 renovatus
3015 5447 3107 5493 est.
3134 5444 3401 5507 Append.
3581 5445 3679 5501 532

2086 5510 2286 5583 XLIV.
2330 5509 2607 5574 Speciosus
2646 5509 2830 5573 forma
2866 5527 2979 5577 prae
3029 5512 3163 5577 ﬁliis
3208 5516 3519 5567 hominum.
3575 5522 3681 5583 Ap-

2138 5580 2305 5644 pend.
3581 5580 3676 5645 ΗΞ

2086 5652 2262 5725 XLV.
2302 5651 2440 5700 Deus
2460 5653 2528 5725 in
2560 5653 2734 5703 medio
2769 5654 2881 5718 ejus
2914 5670 3028 5705 non
3050 5659 3509 5713 commovebitur:
3533 5663 3681 5725 adju-

2144 5722 2282 5770 vabit
2306 5738 2423 5771 eam
2444 5724 2582 5772 Deus
2598 5740 2757 5774 mane
2780 5725 3036 5777 diluculo.
3063 5729 3331 5793 Append.
3585 5722 3675 5787 £61

2086 5795 2281 5845 XLVI.
2306 5794 2557 5865 Ascendit
2602 5796 2741 5845 Deus
2776 5798 2835 5846 in
2871 5797 3225 5865 jubilatione,
3249 5807 3296 5852 et
3322 5803 3595 5854 Dominus
3624 5805 3677 5853 in

2137 5879 2254 5915 voce
2277 5864 2425 5915 tubas.
3616 5874 3678 5928 94
