3866 6206
128 299 340 360 1185

126 418 196 467 V
208 455 228 470 .
269 419 493 470 Omnia
515 421 818 486 probantes,
840 422 987 487 quod
1002 422 1203 474 bonum
1214 430 1287 475 est
1304 431 1551 489 tenentes,
1565 427 1630 478 ab
1646 430 1800 479 omni

220 492 429 554 specie
450 490 601 542 mala
623 507 723 542 nos
745 491 1083 545 abstinentes.
1695 499 1800 555 315

731 608 1167 663 TIMOTHEUM
1197 612 1265 663 II.

130 722 348 795 CA_P.
394 724 461 795 Il.
492 722 850 774 Laborantem
896 727 1193 790 agricolam
1237 733 1439 793 oportet
1465 731 1715 795 primum
1736 732 1799 782 de

218 792 523 855 fructibus
544 795 831 860 percipere.
1270 792 1281 793 ί
1465 792 1477 795 ’
1728 802 1792 858 31

134 864 266 914 IV.
325 865 450 937 Haec
477 872 657 915 autem
679 866 902 933 faciens,
928 874 974 918 te
1010 868 1193 934 ipsum
1211 868 1422 921 salvum
1441 872 1620 937 facies,
1647 878 1694 923 et
1716 888 1799 924 eos

223 936 357 998 qui
387 940 557 986 tecum
584 942 730 987 sunt.
1609 936 1613 937 ί
1730 946 1797 1001 47

816 1054 1181 1109 HEBREOS.

136 1166 344 1217 CAP.
377 1167 444 1218 II.
476 1166 693 1240 Decebat
723 1168 869 1218 enim
893 1184 1025 1240 eum
1055 1176 1276 1236 propter
1298 1186 1456 1237 quem
1476 1175 1684 1239 omnia,
1704 1191 1799 1240 per

222 1252 411 1301 quem
433 1239 640 1301 omnia,
664 1239 763 1303 qui
785 1239 982 1291 multos
1001 1241 1163 1306 filios,
1206 1247 1315 1295 etc.
1707 1239 1798 1302 ⁷90

144 1308 278 1359 XI.
323 1308 544 1359 Credere
554 1310 701 1358 enim
719 1311 903 1374 primo
926 1312 1175 1362 omnium
1197 1314 1524 1366 accedentem
1538 1317 1613 1366 ad
1627 1316 1800 1367 Deum

225 1385 478 1444 oportet,
502 1380 636 1445 quia
662 1387 751 1445 est,
778 1386 886 1434 etc.
1030 1378 1041 1387 ’
1730 1388 1797 1443 16

149 1451 282 1524 XI.
312 1452 541 1524 Moyses,
563 1453 757 1524 spretis
786 1453 1176 1519 Egyptiorum
1199 1457 1488 1519 thesauris,
1512 1458 1666 1524 elegit
1694 1474 1798 1524 po-

231 1523 365 1572 tius
387 1523 528 1586 ferre
550 1522 950 1589 improperium
985 1526 1206 1578 Christi.
1591 1522 1602 1524 *
1696 1522 1790 1586 V31

160 1594 285 1646 XI.
319 1593 604 1665 Maledicta
634 1600 777 1646 terra
806 1597 866 1645 in
882 1596 1130 1661 operibus
1142 1600 1273 1664 suis,
1298 1601 1487 1665 spinas
1505 1607 1551 1650 ct
1573 1600 1797 1653 tribulos

235 1664 511 1729 producet
537 1665 649 1717 tibi.
1326 1664 1333 1665 ί
1726 1669 1794 1728 86

1151 312 1373 364 INDEX
1404 313 1800 369 VERBORUM
1834 314 1923 370 ET
1959 319 2539 375 SENTENTIARUM.

3354 326 3493 387 1186

2549 439 2570 487 Ῑ
2615 438 2839 491 PETRI.

1899 519 2051 588 CAP.
2082 521 2150 588 ii.
2194 520 2384 579 Quales
2426 530 2625 588 oportet
2653 541 2751 577 nos
2766 542 2870 578 esse
2891 528 2954 577 in
2980 529 3180 579 sanctis
3212 545 3494 583 conversa-

1960 581 2214 645 tionibus,
2240 581 2594 649 eat-spectdntes
2615 588 2907 640 adventum
2928 591 3172 654 Domini,
3198 598 3305 646 etc.

1898 720 1990 775 III.
2026 723 2272 775 Christus
2295 731 2367 776 est
2390 728 2452 776 in
2480 728 2699 779 dextera
2722 732 2817 781 Dei
2846 733 3029 783 sedens
3052 735 3114 783 in
3146 735 3298 788 caelis.
3428 720 3494 791 94

1898 796 1968 846 II.
1992 794 2135 867 Quia
2159 795 2405 847 Christus
2420 800 2774 862 mortiﬁcatus
2797 817 2977 865 carne,
3001 805 3300 867 viviﬁcatus
3313 812 3493 857 autem

1958 866 2181 939 spiritu,
2215 869 2313 931 qui
2336 870 2395 917 in
2430 869 2547 934 ipso
2580 871 2807 933 habitat,
2830 875 2903 923 eis
2926 876 3024 939 qui
3056 866 3118 925 in
3141 892 3347 928 carcere
3367 894 3495 929 con-

1958 937 2092 1012 clusi
2114 943 2269 1012 erant
2289 938 2551 1012 descendit
2570 942 2852 1006 spiritibus
2869 937 3179 1009 prindicare,
3197 949 3293 1012 qui
3311 949 3490 1001 incre-

1959 1007 2078 1059 duli
2102 1009 2254 1073 fuere
2277 1010 2339 1059 in
2363 1010 2544 1061 diebus
2571 1012 2704 1066 Noe.
2870 1007 2885 1009 _
3164 1007 3168 1008 γ
3204 1007 3220 1012 “
3421 1021 3490 1077 89

1898 1168 2049 1246 CAP.
2073 1171 2166 1221 III.
2194 1170 2423 1246 Quando
2447 1103 2569 1222 caslIiI
2579 1103 3048 1241 arldﬁggslmagno
3070 1180 3273 1246 impetu
3292 1184 3493 1231 transi-

1958 1239 2090 1317 bunt
2130 1258 2148 1317 γε
2188 1248 2233 1291 et
2280 1242 2537 1294 elementa
2601 1245 2817 1310 ignium
2873 1239 3162 1301 ardoribus
3212 1252 3495 1317 decoquen-

1960 1316 2065 1361 tur.
2110 1316 2216 1377 Ap.
3390 1324 3494 1379 493

2592 1390 2796 1442 APOC.

1896 1455 2047 1506 CAP.
2073 1456 2261 1529 ΙνηΕι
2302 1459 2544 1522 requiem
2578 1475 2693 1510 non
2719 1461 2983 1513 habebant
3022 1463 3106 1515 die
3128 1479 3191 1515 ac
3222 1471 3386 1529 nocte,
3412 1466 3493 1517 di-

1955 1531 2123 1577 centee
2164 1527 2412 1591 Sanctus,
2470 1529 2717 1592 Sanctus,
2764 1532 2994 1585 Sanctus
3037 1534 3306 1587 Dominus
3354 1527 3493 1589 Deus

1959 1596 2215 1661 Sabaoth,
2234 1600 2331 1664 qui
2352 1607 2468 1651 erat
2490 1607 2535 1651 et
2558 1602 2656 1666 qui
2677 1608 2766 1664 est,
2792 1609 2899 1656 etc.
3424 1608 3486 1665 61

1895 1668 2072 1720 XVII.
2097 1670 2264 1734 Aquae
2284 1671 2463 1722 multae
2485 1676 2593 1725 etc.
2627 1673 2733 1736 Ap.
3459 1680 3493 1735 6

151 1852 3474 1895 Μ

1392 2082 2319 2308 INDEX

391 2440 1560 2618 VERBOBUM,
1712 2358 3281 2592 SENTENTIABUM

658 2729 862 2834 AG
986 2726 1307 2837 BER
1326 2729 1568 2837 UM
1706 2726 3023 2839 MEMORABILIUM

440 2958 763 3074 QUzE
830 2958 963 3055 IN
1032 2957 1477 3054 RUFINI
1550 2956 2189 3056 OPERIBUS
2258 2956 3215 3058 CONTINENTUR.

1134 3158 2579 3208 -----.-ο.------

214 3298 341 3379 (In
368 3297 477 3360 hoc
507 3296 717 3357 Indice
747 3300 1068 3357 revocatur
1096 3293 1283 3356 lector
1325 3292 1411 3353 ad
1447 3307 1727 3352 numeros
1769 3293 2057 3351 crassiori
2099 3290 2448 3352 charactere
2489 3296 2559 3352 in
2604 3300 2777 3356 textu
2820 3295 3033 3373 Rufini
3084 3298 3445 3379 expressos.)

957 3454 1016 3515 A

236 3579 560 3632 Abstinentia
595 3580 949 3628 Monachorum
973 3577 1183 3637 Evagrio
1211 3575 1605 3625 cohabitantium
1630 3589 1781 3636 pane,

170 3648 298 3703 sale,
325 3649 372 3691 et
394 3656 522 3703 aqua
546 3647 739 3689 tantum
763 3642 1012 3688 utentium
1034 3652 1159 3703 pag.
1188 3641 1296 3703 192.

308 3701 491 3771 gyptus
513 3705 761 3771 idolorum
786 3703 1002 3771 oiﬂcina,
1036 3701 1157 3771 443.
1193 3702 1349 3771 Habet
1384 3702 1516 3771 Deos
1530 3701 1714 3749 multos
1738 3705 1787 3748 et

175 3758 497 3818 untle’fl'bid.
524 3767 676 3814 Habet
699 3767 848 3812 etiam
873 3758 1058 3812 multos
1090 3764 1373 3811 Monachos.
1399 3760 1530 3810 Ibid.

238 3832 419 3880 Aetius
443 3829 837 3877 lieereticus.252.

240 3892 476 3950 Agricola
497 3895 638 3938 terrae
660 3902 783 3946 suas,
808 3887 925 3948 quis
948 3900 1056 3935 esse
1079 3887 1334 3947 putandus
1358 3891 1449 3934 est.
1486 3889 1563 3938 32.

239 3953 527 4004 Alexander
549 3952 823 4012 Episcopus
857 3950 1191 3997 Alexandriae.
1217 3952 1377 4000 217.ct
1399 3962 1505 4012 seq.

242 4016 472 4075 Alligare
506 4016 703 4074 pullum
726 4014 789 4060 ad
814 4012 1084 4075 palmitem,
1109 4012 1249 4071 quid.
1277 4014 1353 4061 11.
1394 4016 1439 4058 et
1461 4024 1565 4073 seq.

242 4073 471 4128 Altitudo
494 4073 540 4124 et
568 4075 779 4123 latitudo
806 4074 980 4122 Crucis
1007 4073 1324 4123 describitur.
1359 4075 1434 4122 76.

242 4140 537 4189 Ambrosius
562 4138 629 4197 jej
641 4139 777 4185 uniis
799 4139 989 4196 pugnat
1024 4135 1268 4183 adversus
1311 4134 1521 4182 Justinus
1547 4136 1779 4182 furorem.

178 4206 296 4254 286.
1198 4238 1203 4245 ·

244 4266 473 4315 Amictus
494 4261 637 4330 quid.
676 4261 805 4330 13.__
933 4323 945 4330 _
1145 4323 1229 4330 ,η
1266 4321 1317 4330 κ,
1476 4320 1487 4330 .
1685 4321 1693 4330 .

243 4333 457 4376 Ammon
481 4320 588 4372 sive
606 4328 742 4383 pater
761 4323 1128 4372 Monachorum.
1142 4323 1253 4372 200.
1266 4321 1386 4380 Ejus
1406 4320 1626 4368 animam
1647 4320 1783 4368 videt

177 4390 434 4439 Antonius
458 4388 508 4434 in
535 4382 722 4434 caelum
742 4388 958 4433 euntem.
983 4382 1117 4435 Ibid.

243 4455 476 4507 Ammon,
502 4449 609 4496 sive
639 4452 806 4495 Amun
849 4452 1020 4518 contra
1057 4447 1275 4518 latrones
1296 4450 1469 4518 porta:
1492 4445 1780 4518 monasterii

181 4514 413 4562 custodes
437 4513 563 4559 duos
606 4510 846 4557 dracones
880 4510 1039 4569 ponit.
1079 4510 1188 4569 158.
1224 4510 1459 4556 Latrones
1493 4509 1783 4555 humaniter

183 4579 373 4632 tractat,
411 4578 459 4621 et
482 4572 543 4619 ad
590 4574 741 4632 Deum
774 4567 1033 4621 convertit.
1068 4567 1200 4618 Ibid.
1232 4571 1382 4618 Draco
1415 4570 1527 4628 ejus
1549 4570 1785 4630 precibus

182 4631 692 4711 «lisr.umpit31:jlbid.
735 4636 949 4681 Puerum
973 4640 1131 4681 emota
1176 4636 1341 4680 mente
1377 4646 1518 4681 sacro
1540 4633 1652 4680 oleo
1683 4632 1781 4678 sibi

185 4694 419 4748 restituit.
444 4694 578 4744 Ibid.

246 4766 533 4819 Ammonas,
560 4759 666 4805 sive
703 4758 969 4807 Piammon
991 4770 1122 4817 mger
1162 4769 1252 4816 per
1284 4757 1534 4816 Angelum
1559 4762 1779 4809 curatur.

186 4823 493 4894 205.__E'o'in
539 4821 684 4867 altari
709 4823 945 4869 offerente
967 4820 1189 4880 Angelus
1222 4821 1387 4880 signat
1409 4821 1783 4869 communicem

189 4882 544 4996 toi/inligamus
568 4945 838 4996 virtutibus
865 4943 1077 4993 excellit.
1127 4944 1236 4993 189.
1282 4944 1474 4991 Fratres
1496 4946 1608 5003 ejus
1631 4945 1782 4992 Euse-

189 5010 320 5083 bius,
341 5011 661 5083 Egihymius,
686 5009 968 5058 Dioscorus.
997 5004 1131 5054 Ibid.
1164 5007 1358 5065 Hospiti
1380 5007 1614 5055 cellulam
1639 5020 1780 5054 suam

188 5069 526 5193 cefjil‘mpllildilns
548 5139 621 5184 est
640 5135 820 5195 Ioseph
846 5135 900 5181 in
925 5132 1097 5179 multis
1119 5136 1167 5179 et
1194 5144 1346 5190 super
1372 5129 1551 5181 fratres
1575 5130 1780 5190 dicitur,

190 5198 263 5245 43.
292 5197 365 5245 44.
402 5201 449 5242 et
483 5198 560 5247 45.

250 5258 424 5316 Angeli
454 5258 626 5307 fratres
660 5258 815 5307 nostri
838 5262 973 5305 sunt.
1011 5258 1087 5306 45.

251 5320 472 5379 Angelus
513 5326 679 5369 custos
722 5333 918 5379 semper
961 5317 1168 5379 assistit,
1214 5323 1261 5365 et
1303 5318 1443 5365 docet
1486 5317 1781 5365 Monachum

195 5384 833 5501 Anitidi?)Ergsiliammonem
859 5456 1051 5501 aegrum
1063 5447 1219 5491 curat.
1237 5442 1346 5492 205.
1366 5440 1591 5501 Angelus
1616 5438 1782 5497 signat

197 5507 613 5555 communicantes
634 5509 689 5554 in
712 5507 859 5553 Missa
883 5506 1204 5565 Piammonis,
1230 5509 1275 5551 et
1298 5517 1424 5563 quos
1454 5502 1691 5563 praeterit,
1708 5502 1784 5547 in-

197 5574 263 5614 tra
285 5568 505 5616 triduum
530 5570 830 5617 moriuntur.
856 5563 990 5616 Ibid.

254 5631 661 5702 Aegiali-pascunt
684 5630 883 5687 Anuph.
904 5629 1012 5678 168.
1032 5630 1155 5688 Ejus
1177 5629 1398 5676 animam
1422 5629 1477 5675 in
1501 5626 1684 5674 caelum
1704 5624 1783 5671 de-

200 5692 371 5740 ferunt.
395 5690 527 5741 Ibid.

256 5755 449 5816 Anima,
471 5755 673 5815 quando
696 5754 751 5801 in
784 5753 1030 5816 sanguine
1054 5765 1164 5800 uvae
1188 5753 1400 5802 lavatur.
1429 5754 1506 5801 13.

258 5814 444 5865 Animas
466 5814 627 5864 virtus
662 5816 922 5874 tripertita,
939 5814 1021 5864 28.

1946 3448 2199 3497 Animalia
2221 3450 2545 3500 ruminantis.
2575 3454 2655 3504 33.

1946 3512 2284 3559 Antichristus
2309 3526 2370 3560 ex
2406 3515 2540 3562 tribu
2569 3528 2669 3564 nan
2704 3516 3009 3567 nasciturus.
3038 3520 3113 3568 15.

1946 3575 2193 3685 Atnttoggiis
2212 3587 2339 3634 quos
2359 3588 2533 3625 curare
2558 3590 2659 3626 non
2683 3579 2835 3642 valet,
2883 3580 2945 3628 ad
2969 3580 3182 3630 Paulum
3204 3581 3486 3642 simplicem

1946 3650 1955 3682 ι
1998 3649 2013 3681 ι
2041 3669 2053 3681 .
2177 3670 2187 3681 .

1885 3635 2053 3684 mittit.
2078 3636 2187 3684 204.

1947 3697 2437 3764 AntoniusEremita
2463 3702 2815 3752 Monachorum
2851 3704 3122 3764 exemplar.
3155 3705 3265 3755 230.

1947 3760 2151 3828 Antonii
2161 3760 2407 3828 gramine
2426 3766 2662 3822 precibus
2684 3778 2738 3813 se
2756 3760 3112 3816 Constantinus
3133 3769 3345 3828 Magnus
3357 3782 3489 3818 com-

1884 3823 2107 3885 mendat.
2126 3822 2236 3872 229.
2262 3825 2311 3870 et
2322 3836 2426 3885 seq.

1946 3884 2128 3953 Anuph
2154 3884 2433 3953 numqnam
2459 3888 2718 3940 mentitus.
2746 3892 2853 3941 168.
2880 3891 3157 3940 Ministerio
3180 3896 3484 3953 Angelorum

1886 3946 2123 4011 pascitur.
2148 3942 2282 4011 Ibid.
2298 3942 2606 4011 *Sanctorum
2635 3954 2865 4011 gloriam,
2885 3958 2932 3999 et
2974 3942 3487 4006 Dmmonumvcrncia:

1884 4014 1977 4075 ius
1994 4005 2142 4075 videt.
2168 4008 2275 4075 169.
2303 4009 2483 4075 Anima
2504 4010 2609 4068 ejus
2636 4005 2755 4061 cum
2779 4005 2987 4075 hymnis
3012 4017 3066 4063 in
3092 4016 3273 4064 cmlum
3296 4021 3360 4068 ab
3383 4005 3487 4069 An-

1884 4068 2009 4128 gelis
2035 4068 2272 4118 defertur.
2298 4067 2435 4118 Ibid.

1944 4134 2081 4193 Apes
2099 4130 2329 4178 nesciunt
2361 4134 2618 4193 conjugis.
2656 4139 2733 4187 '74.

1943 4192 2165 4263 Apelles,
2204 4192 2284 4263 vel
2324 4192 2535 4263 Apellen
2580 4197 2714 4263 faber
2748 4199 3005 4263 ferrarius,
3055 4203 3332 4263 presbyter.
3369 4209 3476 4256 173.

1883 4254 2283 4324 lierropandente
2309 4256 2572 4324 diabolum
2606 4262 2661 4307 in
2692 4261 2923 4324 mulieris
2959 4254 3122 4324 specie
3152 4254 3307 4324 fugat.
3345 4254 3477 4319 Ibid.

1883 4317 2002 4364 Inde
2026 4316 2213 4364 ferrum
2238 4317 2420 4366 cadens
2442 4333 2594 4368 manu
2621 4323 2755 4369 nuda
2790 4316 3135 4375 tractatflbid.

1944 4379 2120 4443 Apollo
2144 4391 2234 4443 cur
2260 4381 2509 4440 Daphnidi
2535 4397 2829 4443 responsum
2857 4399 2956 4433 non
2981 4387 3076 4434 dat.
3102 4390 3195 4439 260
3219 4393 3265 4437 et
3286 4403 3392 4443 sea.

1944 4441 2262 4502 Apollonius,
2292 4455 2383 4490 seu
2410 4441 2738 4503 Apelle—144.
2775 4449 2913 4494 Pater
2939 4449 3312 4499 Monachorum.
3337 4441 3474 4502 Ibid.

1882 4503 2177 4557 Quindecim
2199 4517 2360 4553 annos
2383 4512 2531 4554 natus
2553 4520 2772 4556 eremum
2799 4510 2934 4567 petit.
2968 4508 3100 4559 Ibid.
3129 4513 3286 4561 Orans
3317 4528 3477 4563 exau-

1884 4567 2019 4632 ditur
2050 4578 2139 4624 pro
2174 4567 2427 4624 jactantiaa
2457 4570 2640 4632 spiritu
2665 4584 2695 4617 a
2724 4583 2777 4617 se
2803 4572 3088 4632 auferendo,
3116 4576 3223 4625 145.
3259 4577 3480 4625 Vestitus

1882 4629 1994 4687 ejus
2020 4640 2120 4697 non
2140 4632 2424 4697 Xeterascit.
2603 4632 2688 4697 Die
2710 4633 2967 4681 Dominico
3004 4629 3303 4686 securitatis
3323 4641 3481 4697 gratia

1882 4701 2002 4761 suos
2019 4689 2089 4761 ad
2108 4688 2576 4761 cibnm_vocat._1_46.
2604 4696 3077 4761 Incarceraturcum
3102 4699 3238 4761 aliis,
3263 4688 3480 4750 utiniles

1884 4751 1983 4799 ﬂat.
2009 4749 2147 4800 Ibid.
2185 4752 2437 4802 Divinitus
2461 4755 2716 4805 liberatur.
2755 4755 2891 4808 Ibid.
2926 4759 3152 4807 Vestium
3177 4749 3478 4811 munditiem

1882 4816 2035 4880 amat,
2056 4815 2162 4862 148.
2179 4816 2535 4880 _Simulacrum
2580 4819 2707 4866 ldoli
2752 4832 2842 4878 pro
2868 4820 3046 4880 pluvia
3075 4823 3481 4873 circumferentes

1882 4874 2000 4922 facit
2022 4875 2324 4923 immobiles.
2365 4880 2470 4927 149.
2498 4880 2706 4927 Eosdem
2744 4874 2969 4929 oratione
2995 4883 3230 4934 liberatos
3252 4886 3315 4933 ad
3338 4888 3483 4935 Chri-

1882 4942 2015 4985 stum
2038 4937 2299 4986 eonvertit.
2339 4937 2475 4990 Ibid.
2500 4943 2758 4991 Latronem
2787 4945 2851 4991 ad
2882 4945 3137 4993 meliorem
3163 4949 3316 4995 vitam
3337 4963 3481 4997 revo-

1882 5000 2111 5069 cat._150.
2143 5000 2399 5069 Ejusdem,
2432 5005 2479 5048 et
2496 5003 2741 5069 _i.a_tronis
2771 5005 2925 5056 visio.
2951 5005 3086 5057 Ibid.
3112 5010 3333 5069 Principi
3359 5024 3481 5058 con-

1886 5062 2110 5129 tentiosa,
2137 5067 2349 5129 mortem
2376 5062 2619 5129 praedicit.
2658 5068 2770 5117 151.
2809 5070 2944 5116 Duos
2982 5083 3137 5129 pagos
3170 5062 3480 5118 dessidentes

1882 5123 2132 5190 conciliat.
2169 5120 2303 5175 Ibid.
2318 5120 2533 5190 Gratiam
2555 5129 2859 5177 humilitatis
2881 5120 3080 5178 cuidam
3099 5133 3345 5190 impetrat.
3368 5135 3475 5183 152.

1884 5187 2117 5253 Oratione
2138 5199 2292 5245 panes
2316 5188 2372 5235 in
2400 5189 2507 5237 dies
2533 5190 2783 5249 plurimos
2822 5193 3139 5250 multiplicat.
3162 5187 3270 5242 153.
3296 5195 3478 5253 Hospi-

1885 5254 1988 5314 t_um
2004 5250 2271 5314 adventum
2296 5263 2436 5310 praan
2444 5254 2621 5302 untiat.
2635 5256 2741 5304 154.
2762 5254 3015 5308 Quomodo
3030 5267 3115 5301 eos
3125 5256 3327 5314 excipit.
3342 5250 3475 5305 Ibid.

1883 5310 2235 5365 Quotidianam
2273 5315 2679 5363 communionem
2703 5316 2892 5363 suadet.
2930 5317 3040 5365 155.

1945 5372 2245 5437 Apollonius
2266 5375 2515 5437 Diaconus
2542 5378 2819 5437 Martyrum,
2842 5377 3145 5426 adhortator.
3182 5380 3291 5428 183.
3328 5378 3480 5427 Male-

1882 5434 2149 5499 dictionem
2174 5436 2362 5494 patitur
2384 5451 2412 5484 a
2444 5434 2749 5487 Philemone.
2777 5436 2909 5486 Ibid.
2943 5439 3097 5493 Quem
3121 5441 3364 5487 convertit
3386 5454 3479 5499 pa-

1882 5496 2058 5559 tientia
2094 5500 2141 5542 et
2184 5500 2586 5548 mansuetudine.
2639 5499 2774 5550 Ibid.
2806 5501 3013 5559 Ignibus
3046 5514 3160 5549 cum
3192 5496 3480 5549 Philemone

1884 5557 2111 5622 traditur.
2138 5560 2254 5622 A184.
2285 5562 2557 5609 Incolumis
2579 5576 2694 5611 cum
2718 5557 2853 5611 socio
2878 5566 3077 5622 perstat.
3093 5560 3227 5611 Ibid.
3257 5564 3476 5611 Praefecti

1881 5619 2196 5668 Alexandrina
2220 5622 2457 5670 oﬂiciales
2479 5627 2526 5669 et
2548 5624 2790 5672 satellites
2812 5619 3068 5673 convertit.
3084 5622 3219 5674 Ibid.
3237 5626 3361 5673 Cum
3385 5626 3480 5672 iis-

1882 5682 1995 5746 dem
2028 5682 2093 5746 Ain
2127 5695 2262 5746 mare
2303 5684 2624 5743 demergitur.
2673 5684 2805 5735 Ibid.
2835 5688 3051 5746 Corpora
3075 5700 3247 5734 eorum
3281 5688 3477 5735 illibata

1882 5744 2040 5808 littori
2067 5744 2362 5808 redduntur,
2380 5750 2439 5808 et
2464 5758 2566 5792 uno
2588 5748 2877 5795 conduntur
2908 5744 3152 5808 sepulcro.
3177 5746 3312 5799 Ibid.
3328 5750 3478 5798 Mira-

1882 5806 1993 5853 cula
2026 5807 2247 5854 eduntur
2277 5807 2340 5855 ad
2374 5806 2596 5866 ipsorum
2626 5809 2884 5869 reliquias.
2908 5806 3039 5859 Ibid.
