3866 6206
408 318 538 371 1187

461 430 680 488 Apostoli
705 430 761 473 iu
782 434 1017 486 perpetuo
1045 428 1212 474 labore
1241 429 1392 475 fuero.
1420 430 1494 476 32.

460 490 702 550 Apostoli,
735 490 989 548 agricolm.
1018 491 1097 537 31.

461 552 701 611 Apostoli,
729 556 1009 599 venatores.
1048 552 1128 600 29.

460 615 808 675 Apostolorum
834 615 994 671 origo.
1016 615 1091 662 40.

460 680 600 735 Aqua
622 682 669 722 et
691 677 896 734 sanguis
915 690 975 721 ex
1000 675 1182 722 Christi
1214 675 1362 720 latere
1387 676 1637 732 profluxit.
1664 678 1743 725 87.

460 742 613 797 Aquas
638 742 783 796 potus
806 740 1000 784 nimius
1032 738 1319 797 phantasias
1352 743 1566 796 generat.
1601 740 1709 786 185.

458 805 582 848 Area
604 814 717 859 qum
741 814 769 846 a
794 803 888 846 Noe
911 804 1210 859 constructa,
1236 800 1532 846 bicamerata
1554 806 1658 847 erat
1689 802 1733 846 et
1761 800 1992 846 tricame-

399 876 520 912 rata.
550 876 575 912 ’l
587 876 630 911 4.
661 876 764 912 8611.

458 861 948 984 ἳέςὲῗιίθζᾳίιοὶεῐηια
980 924 1207 972 Christus
1237 925 1561 982 appretiatus.
1589 926 1665 973 83.
1693 927 1739 970 et
1762 937 1864 1033 sez.

459 989 563 1033 Arii
589 987 828 1033 conditio.
854 992 899 1033 et
924 1000 1103 1033 mores.
1135 989 1243 1033 217.
1271 988 1379 1033 218.
1408 986 1511 1032 Arii
1537 986 1761 1033 haeresis.
1790 986 1811 1032 Ι
1848 984 1864 1031 i

459 982 563 1033 Arii
589 982 828 1043 conditio,
854 992 899 1033 et
924 1000 1103 1035 mores.
1135 989 1243 1034 217.
1271 988 1379 1035 218.
1408 986 1511 1032 Arii
1537 986 1761 1035 haeresis.
1790 982 1919 1033 Ibid.
1949 990 1993 1033 et

398 1052 505 1098 102.
539 1050 686 1096 Arius
709 1050 770 1095 ab
790 1049 945 1095 exilio
970 1054 1244 1096 revocatur.
1270 1050 1379 1096 253.
1406 1053 1453 1095 et
1475 1061 1577 1110 seq.
1608 1049 1757 1096 Arius
1772 1049 1989 1097 racundo

400 1113 543 1169 perit,
568 1113 679 1160 256.
1076 1154 1083 1159 .

461 1176 563 1220 Arii
589 1174 735 1220 (idem
771 1177 950 1220 nostra:
1000 1175 1165 1219 verbis
1189 1174 1424 1234 similem,
1452 1186 1604 1219 sensu
1623 1187 1737 1219 vero
1768 1175 1994 1222 dissimi-

398 1238 496 1282 lem
519 1236 629 1285 253.

460 1299 701 1345 Arsenius
723 1298 983 1343 Athanasii
1014 1297 1184 1346 lector.
1210 1300 1319 1347 243.

460 1365 709 1407 Ascensus
733 1361 917 1408 Christi
940 1360 1000 1405 ad
1027 1362 1194 1409 caelos.
1220 1362 1299 1410 93.
1323 1362 1401 1409 94.

461 1427 580 1469 Aser
604 1425 975 1481 interpretatur.
1002 1424 1077 1470 38.
1115 1425 1192 1471 39.

458 1487 761 1532 Athanasius
782 1498 905 1543 puer
926 1486 1168 1543 quosdam
1196 1498 1282 1543 per
1306 1484 1483 1530 ludum
1509 1484 1737 1543 baptizat.
1772 1489 1881 1536 257.

457 1548 762 1594 Athanasius
786 1549 917 1593 idem
959 1548 1276 1594 Alexandriae
1324 1547 1586 1593 Diaconus.
1629 1551 1738 1598 223.
1768 1551 1912 1609 Fugit
1932 1562 1992 1595 ex

394 1610 679 1658 Occidentis
703 1611 928 1667 partibus
948 1611 1007 1655 ad
1032 1610 1347 1656 Constantem
1372 1609 1631 1658 Cmsarem.
1650 1614 1761 1661 247.
1786 1612 1994 1660 Ordina-

393 1678 474 1719 tur
492 1672 808 1719 Alexandrite
832 1672 1121 1731 Episcopus.
1146 1673 1254 1721 256.
1279 1673 1432 1717 Etiam
1462 1672 1511 1718 in
1537 1675 1745 1720 occultis
1770 1678 1908 1720 terra;
1930 1673 1993 1719 ad

395 1748 562 1781 necem
603 1734 929 1792 perquiritur.
968 1735 1076 1782 246.
1108 1736 1143 1780 it
1173 1736 1223 1780 iu
1249 1747 1511 1779 occursum
1560 1738 1839 1793 percussori
1882 1751 1991 1786 suo.

392 1798 502 1846 260.
530 1797 585 1843 In
604 1797 715 1843 lacu
732 1797 978 1857 cistarum,
1001 1809 1180 1854 aquam
1210 1810 1310 1841 non
1337 1796 1565 1856 habente,
1592 1811 1677 1844 sex
1701 1800 1853 1845 annis
1876 1812 1994 1845 con-

395 1860 554 1905 tinuis
575 1860 868 1906 occultatur.
892 1860 999 1907 246.
1026 1859 1097 1904 Act
1124 1858 1341 1905 tribunal
1359 1858 1569 1906 sistitur.
1604 1861 1713 1908 243.
1741 1861 1871 1907 Artis
1888 1875 1996 1908 ma-

394 1921 517 1979 gicaa
541 1925 820 1969 accusatur.
849 1922 961 1969 244.
986 1922 1165 1978 Inique
1196 1922 1561 1967 condemnatus
1586 1922 1755 1981 fugere
1776 1925 1990 1977 cogitur.

392 1985 502 2032 246.
528 1987 574 2030 et
597 1996 704 2032 sea.

456 1997 712 2092 ῗλίξιὶιξξὲὶῖ
739 2044 993 2093 dormitio.
1020 2046 1130 2094 269.

457 2114 611 2154 Auens
640 2108 770 2153 Nave
794 2107 955 2153 Filius
969 2109 1113 2153 Jesus
1138 2106 1303 2153 dictus
1328 2112 1419 2155 est.
1442 2108 1522 2156 62.

455 2170 735 2216 Auxentius
771 2169 1035 2216 haereticus
1060 2171 1332 2228 Episcopus
1356 2172 1587 2218 moritur.
1624 2171 1739 2219 263.

1174 2264 1224 2325 Β

458 2375 693 2433 Baptismi
721 2374 880 2431 gratia
904 2373 1090 2431 duplex
1117 2373 1378 2431 ﬁguratur.
1405 2378 1480 2423 86.
1511 2378 1586 2423 87.

458 2438 536 2494 Be,
563 2449 652 2483 seu
690 2438 853 2482 Benus
894 2439 1021 2496 totus
1044 2442 1373 2496 rmansuetus.
1411 2440 1517 2485 141.
1566 2438 1922 2496 Hippopotamo
1947 2442 1991 2482 et

398 2499 669 2546 crocodillo
685 2499 913 2556 imperat.
938 2494 1068 2544 Ibid.

460 2561 744 2607 Benedictio
770 2560 932 2618 panis.
968 2561 1076 2608 143.

461 2624 741 2669 Benedictio
770 2620 1043 2679 Benjamin.
1075 2622 1151 2669 48.

459 2686 740 2731 Benedictio
769 2683 1068 2741 Nephtalim.
1096 2685 1171 2732 38.
1195 2687 1240 2731 et
1262 2697 1366 2746 seq.

458 2747 740 2793 Benedictio
765 2748 960 2810 Ruben,
986 2748 1065 2795 25.
1101 2748 1146 2792 et
1168 2759 1275 2810 seq.

458 2811 738 2857 Benedictio
762 2809 886 2858 Gad.
918 2810 996 2858 36.
1021 2811 1068 2855 et
1089 2821 1194 2870 seq.

456 2873 741 2919 Benedictio
758 2873 956 2919 Simeon
986 2876 1033 2918 et
1059 2872 1189 2917 Levi.
1215 2874 1295 2921 26.
1319 2875 1365 2919 et
1384 2885 1491 2933 seq.

459 2935 743 2981 Benedictio
764 2933 1000 2981 Zabulon.
1027 2934 1107 2982 29.
1132 2938 1177 2980 el
1196 2948 1301 2996 seq.

466 2997 750 3044 Benedictio
776 2996 935 3043 Judai.
965 2999 1010 3055 7,
1035 2999 1081 3043 et
1104 3009 1207 3057 seq.

466 3059 747 3107 Benedictio
770 3060 985 3107 Isachar.
1012 3060 1088 3108 30.
1126 3062 1171 3105 et
1199 3070 1304 3120 seq.

460 3122 742 3169 Benedictio
762 3122 942 3180 Joseph
972 3122 1283 3169 Patriarchm.
1300 3122 1373 3169 40.
1409 3124 1454 3168 et
1476 3134 1579 3183 seq.

457 3184 740 3230 Benedictio
762 3184 872 3230 οωιί
896 3187 943 3229 et
967 3188 1125 3231 teme.
1160 3186 1235 3231 42.
1264 3187 1309 3230 et
1329 3196 1431 3245 seq.

460 3247 740 3292 Benedictio
764 3248 899 3292 Aser.
929 3247 1007 3295 38.
1038 3248 1083 3291 et
1105 3258 1209 3307 seq.

460 3308 745 3354 Benedictio
770 3309 888 3354 Dan.
919 3308 995 3357 33.
1023 3310 1067 3354 et
1090 3322 1196 3369 seq.

458 3370 856 3416 Benedictionem
891 3370 1118 3415 ultimam
1146 3383 1236 3416 cur
1274 3370 1536 3429 Beujamin
1577 3375 1871 3418 consecutus
1904 3369 1986 3418 sit.

397 3432 470 3481 48.
498 3435 543 3478 et
571 3446 677 3493 seq.

461 3494 831 3541 Beuedictiones
860 3495 1012 3540 variae
1044 3508 1194 3551 super
1236 3496 1417 3555 Joseph
1455 3495 1788 3543 Patriarcham
1816 3507 1988 3541 recen-

397 3562 585 3601 sentur.
612 3559 687 3604 42.
714 3560 758 3601 et
783 3569 886 3616 seq.

459 3618 717 3673 Benjamin
743 3618 1098 3674 interpretatur
1147 3620 1223 3667 45.

460 3679 720 3737 Beniamin
750 3678 904 3737 lupus
930 3691 1099 3736 rapax.
1133 3681 1209 3728 48.

1174 3775 1222 3838 Ο

456 3891 580 3941 lei
604 3890 885 3938 benedictio
908 3890 961 3937 in
987 3891 1197 3941 Christo.
1228 3895 1304 3941 44.

458 3954 641 4003 Cassari
667 3954 935 4009 reddenda,
960 3968 1074 4014 quas
1097 3956 1304 4001 Ctesaris
1327 3960 1460 4003 sunt.
1490 3957 1570 4005 43.

457 4017 753 4065 Calcaneum
776 4017 895 4076 equi
919 4017 1144 4064 mordere
1168 4019 1285 4077 quis
1307 4018 1518 4066 dicatur.
1546 4021 1623 4068 35.

460 4080 636 4127 Carnis
658 4079 780 4125 vitia
802 4080 1054 4138 quomodo
1079 4080 1360 4130 domantur.
1388 4084 1460 4130 15.

462 4143 623 4189 Catuli
648 4141 846 4203 Leonis,
871 4144 960 4201 qui
982 4143 1313 4201 appellentur.
1342 4145 1417 4192 16.
1452 4147 1528 4192 17.

461 4204 617 4252 Callia
640 4204 1007 4262 Monasterium,
1041 4217 1129 4251 seu
1154 4205 1294 4252 locus
1326 4206 1458 4253 unde
1482 4206 1690 4253 dictum.
1721 4209 1827 4255 181.

460 4268 649 4316 Census
676 4267 860 4313 Caesari
885 4266 1100 4313 dandus.
1134 4268 1211 4316 43.

459 4327 644 4377 Christi
664 4327 890 4378 fmmora.
915 4330 961 4378 8.

457 4391 685 4438 Christus
709 4404 768 4437 ex
793 4391 999 4450 Virgine
1029 4394 1195 4438 natus.
1224 4393 1269 4439 7.

457 4452 685 4502 Christus
708 4454 761 4499 in
786 4452 974 4511 quibus
1003 4453 1154 4500 Leoni
1176 4454 1503 4505 assimilatur.
1529 4455 1576 4503 8.

455 4516 685 4563 Christus
706 4530 735 4561 a
757 4516 984 4562 dtemone
1008 4529 1095 4575 per
1112 4516 1479 4574 suggestionem
1507 4519 1738 4567 tentatus.
1772 4520 1848 4567 44.

455 4578 686 4642 Christus
708 4577 827 4624 vitis
855 4578 1057 4642 dicitur.
1091 4581 1166 4627 11.
1192 4582 1239 4625 et
1267 4592 1372 4642 seq.

454 4639 787 4699 Cogitationes
802 4641 1068 4700 superﬂua:
1086 4646 1304 4700 tempore
1320 4639 1566 4689 orationis
1581 4654 1710 4701 opus
1720 4641 1983 4689 daemonis.

457 4764 625 4811 Colles
651 4764 822 4811 aaterni
848 4765 1058 4825 mystice
1093 4766 1182 4824 qui
1209 4771 1346 4813 sunt.
1378 4767 1455 4815 46.

455 4827 949 4874 Communicantium
985 4828 1137 4887 digne
1176 4830 1380 4875 nomina
1416 4828 1640 4887 Angelus
1662 4827 1851 4875 scribit.
1872 4828 1983 4877 205.

455 4889 755 4935 Communio
778 4894 892 4936 ante
906 4890 1073 4937 cibum
1100 4891 1333 4940 sumitur.
1364 4890 1469 4940 155.
1501 4890 1796 4939 Communio
1818 4891 1986 4949 quoti-

393 4953 548 5000 diana
570 4951 823 4999 suadetur.
848 4949 984 5000 Ibid.

450 5013 757 5062 Concubinte
782 5012 989 5060 nomine
1014 5016 1111 5061 Lex
1143 5019 1284 5061 vetus
1310 5015 1630 5073 intelligitur.
1655 5016 1731 5064 26.

452 5078 714 5124 Conterere
736 5089 880 5123 arcus
904 5076 1246 5136 inimicorum,
1272 5077 1414 5136 quid.
1444 5080 1519 5126 47.

453 5139 775 5186 Continentia
805 5139 857 5184 in
882 5138 1202 5185 matrimonio
1235 5140 1495 5186 Ammonis
1532 5152 1647 5186 cum
1675 5151 1848 5190 uxore.
1875 5142 1980 5190 157.

388 5202 745 5262 Symphoniaci
776 5214 891 5248 cum
918 5214 1070 5247 uxore
1087 5201 1237 5246 annis
1262 5202 1481 5258 triginta.
1506 5203 1612 5251 152.

451 5264 807 5320 Conversionis
828 5264 1117 5310 Iudaeorum
1150 5267 1315 5322 typus.
1344 5265 1421 5312 50.

450 5327 739 5384 Cooperatlo
763 5327 808 5372 S.
837 5326 1110 5373 Trinitatis.
1137 5327 1214 5374 71.
1246 5328 1291 5372 et
1313 5337 1419 5384 seq.

450 5388 631 5447 Copres
655 5388 914 5448 presbyter
941 5387 1292 5448 hospitalitatis
1316 5387 1494 5435 cultor.
1520 5388 1629 5437 159.
1653 5388 1774 5445 Ejus
1808 5400 1985 5434 narra-

388 5449 548 5497 tiones
571 5463 686 5497 cum
708 5451 855 5498 taedio
879 5452 1091 5499 audiens
1113 5463 1171 5497 ac
1193 5450 1447 5497 dormiens
1463 5450 1655 5497 visione
1680 5451 1981 5509 increpatur.

387 5508 518 5561 Ibid.
538 5513 711 5560 Narrat
733 5525 825 5560 sua
848 5513 973 5561 facta
994 5513 1056 5559 ad
1080 5513 1474 5561 aedificationem.
1491 5514 1596 5562 164.
1618 5515 1775 5559 Arena
1789 5508 1851 5559 ab
1876 5512 1984 5571 ipso

388 5574 574 5621 calcata
614 5574 918 5622 fertilitatem
970 5580 1111 5622 terra:
1147 5577 1353 5625 confert.
1393 5576 1499 5625 165.
1529 5576 1725 5623 Illaasus
1766 5577 1821 5622 in
1867 5575 1983 5634 igne

386 5636 784 5696 crucesignatus
810 5640 1010 5696 perstat,
1032 5637 1319 5685 adversario
1343 5638 1616 5685 Manichteo
1651 5638 1706 5685 in
1730 5638 1849 5695 igne
1862 5638 1982 5683 adu-

387 5700 477 5760 sto.
510 5694 641 5760 Ibid.
672 5702 721 5747 et
752 5694 856 5760 seq.
882 5700 1211 5747 Convertitad
1238 5700 1383 5747 fidem
1414 5700 1702 5747 Idololatras
1742 5694 1979 5760 Gentiles.

389 5758 495 5807 166.
522 5759 697 5805 Furem
721 5758 968 5808 Gentilem
996 5760 1242 5807 miraculo
1264 5762 1327 5808 ad
1353 5762 1499 5809 ﬁdem
1515 5762 1740 5811 adducit.
1770 5759 1914 5811 Ibid.

451 5819 719 5876 Corruptio
738 5821 882 5868 nulla
903 5822 957 5868 in
974 5825 1119 5880 partu
1135 5821 1357 5880 Virginis
1379 5825 1561 5872 Marias.
1587 5826 1665 5873 72.

1942 315 2168 366 INDEX

3586 308 3708 365 1181

2154 427 2384 473 Creatura
2411 425 2576 472 omnis
2600 438 2661 471 ex
2688 424 2854 471 nihilo
2885 430 2976 470 est.
2999 427 3079 472 71.

2155 489 2387 535 Creatura
2411 486 2555 533 nulla
2577 486 2801 534 Creatori
2830 500 2923 533 suo
2955 484 3193 544 aequalis.
3222 484 3308 530 64.

2157 548 2323 597 Credo
2346 551 2401 596 in
2431 549 2667 608 Symbolo
2695 562 2785 595 cur
2810 550 3035 606 primum
3062 546 3277 593 dicitur.
3320 544 3405 593 55.

2154 613 2309 661 Credo
2335 613 2386 658 in
2412 612 2565 658 Deum
2590 611 2782 657 Patrem
2804 611 3231 667 omnipotentem.
3262 608 3347 655 56.

2156 675 2445 724 Crocodilus
2485 673 2730 719 Helenum
2760 678 2895 718 trans
2919 674 3108 719 flumen
3136 671 3299 716 vehit.
3338 669 3449 719 169.

2154 737 2436 786 Crucitixus
2460 736 2555 782 sub
2591 736 2762 781 Pontio
2800 734 2973 794 Pilato,
3010 737 3059 779 et
3100 735 3346 792 sepultus
3393 731 3703 778 descenditad

2094 799 2306 847 inferna.
2335 800 2411 847 76.
2438 801 2481 843 et
2498 810 2604 858 seq.

2157 861 2330 909 Crucis
2352 860 2640 919 descriptio.
2665 860 2742 906 77.

2156 923 2328 972 Crucis
2353 923 2479 969 ratio
2497 934 2595 969 non
2621 919 2858 967 omnibus
2883 920 3072 965 eadem.
3101 922 3184 967 81.

2156 987 2329 1046 Culpa:
2352 988 2398 1032 et
2425 997 2589 1045 pmnaa
2621 982 2914 1030 discrimen.
2941 982 3019 1030 30.

2870 1077 2922 1139 D

2156 1200 2358 1246 Daemon
2409 1198 2594 1246 Christi
2643 1200 2852 1244 tentator
2881 1197 3065 1251 factus,
3089 1198 3154 1243 ab
3187 1210 3249 1243 eo
3298 1201 3541 1243 tentatus.
3571 1199 3649 1245 28.
3670 1203 3711 1242 ei

2092 1276 2357 1392 88(gramen
2383 1320 2582 1367 adorari
2610 1320 2747 1392 petit.
2769 1323 2880 1392 139ἶ
2971 1382 3006 1392 η

2158 1387 2417 1431 Daemones
2439 1383 2689 1441 quomodo
2716 1383 3028 1442 expellendi.
3064 1386 3174 1431 172.

2158 1448 2411 1493 Daemones
2424 1445 2570 1491 multi
2593 1445 2646 1490 in
2672 1446 2879 1492 deserto.
2909 1447 3019 1495 197.

2157 1511 2394 1555 Damasus
2424 1507 2717 1567 Episcopus.
2736 1509 2848 1557 382.
2870 1509 2983 1557 283.

2160 1572 2281 1617 Dan.
2309 1572 2387 1619 33.
2414 1572 2459 1616 et
2482 1583 2587 1631 seq.

2158 1634 2256 1680 Dan
2281 1633 2432 1678 varia:
2455 1631 2785 1689 acceptiones.
2809 1634 2887 1681 34.
2915 1634 2960 1678 et
2976 1644 3085 1693 seq.

2158 1695 2382 1753 Daphnis
2400 1693 2621 1753 Apollini
2643 1693 2769 1742 litat.
2802 1696 2912 1743 260.

2158 1758 2410 1803 Decretum
2435 1755 2495 1802 de
2532 1755 2719 1815 Spiritu
2745 1757 2937 1804 Sancto.
2964 1757 3075 1805 256.

2159 1819 2357 1865 Deliciae
2383 1817 2603 1864 etiamin
2635 1817 2828 1865 vilibus
2851 1818 3156 1865 consistunt.
3186 1819 3302 1867 130.

2160 1882 2335 1929 Dentes
2358 1893 2510 1938 super
2533 1880 2609 1926 lac
2635 1880 2861 1928 Candidi.
2893 1881 2967 1928 14.
3005 1881 3085 1929 15.
3114 1882 3194 1929 17.

2157 1940 2431 1989 Descendit
2442 1940 2514 1989 ad
2535 1940 2761 2004 inferna
2777 1943 2828 1989 in
2842 1942 3080 2001 Symbolo
3096 1943 3339 1989 Romanas
3362 1941 3596 1991 Ecclesia:
3608 1958 3701 1991 non

2095 2006 2323 2053 habetur.
2350 2006 2427 2053 80.

2157 2068 2429 2115 Descensus
2450 2066 2635 2114 Christi
2658 2066 2720 2113 ad
2756 2065 2946 2113 inferos
2968 2066 3228 2126 probatur.
3255 2066 3320 2116 89
3342 2069 3391 2113 et
3412 2079 3517 2128 seq.

2157 2131 2283 2176 Deus
2312 2128 2419 2175 sine
2443 2129 2606 2186 initio,
2631 2132 2678 2175 et
2699 2130 2813 2175 fine.
2834 2129 2911 2177 58.

2159 2192 2422 2249 Diaconus,
2449 2195 2689 2249 prasente
2726 2191 2969 2249 Episcopo
3013 2195 3099 2237 aut
3146 2190 3464 2250 presbytero.
3491 2192 3689 2239 hostiam

2096 2267 2158 2299 ne
2174 2253 2384 2300 dividat.
2415 2254 2526 2301 227.

2158 2316 2398 2373 Didymus
2425 2314 2811 2360 Alexandrinus.
2836 2316 2945 2365 276.
2978 2318 3025 2363 et
3041 2328 3150 2375 seq.

2158 2379 2269 2424 Dies
2287 2376 2470 2433 judicii
2498 2377 2747 2434 probatur.
2768 2377 2846 2425 95.
2869 2379 2947 2427 96.

2158 2440 2269 2486 Dies
2296 2439 2715 2495 Quadragesimaa.
2749 2441 2827 2486 2'1.

2157 2502 2428 2558 Dionysius
2452 2502 2504 2546 in
2524 2500 2762 2546 exsilium
2788 2513 2879 2546 cur
2899 2500 3133 2548 mittitur.
3157 2502 3273 2549 249.

2156 2565 2418 2610 Dioscorus
2441 2562 2712 2620 Episcopus
2737 2561 2885 2608 frater
2907 2564 3190 2621 Ammonis,
3218 2564 3333 2610 189.

2158 2627 2421 2672 Dioscorus
2447 2625 2720 2684 Presbyter,
2748 2624 2870 2683 quid
2901 2625 2965 2670 de
2998 2625 3282 2682 pollutione
3314 2635 3561 2671 nocturna
3585 2638 3696 2671 sen-

2094 2688 2336 2748 tiendum,
2363 2700 2481 2733 suos
2504 2687 2663 2734 docet.
2690 2687 2796 2735 185.
2824 2686 3055 2734 Remedia
3072 2686 3378 2746 priescribit.
3409 2684 3542 2735 Ibid.

2154 2749 2458 2797 Discretione
2481 2748 2750 2807 spirituum
2777 2748 2944 2795 clarus
2972 2750 3256 2809 Pithyrion.
3294 2753 3407 2799 172.

2155 2811 2373 2870 Dispersi
2397 2812 2503 2870 qui.
2530 2812 2607 2859 28.

2152 2874 2399 2924 Divinitas
2424 2874 2533 2919 sine
2561 2872 2788 2931 exemplo
2816 2877 2905 2921 est.
2943 2874 3022 2923 64.
3048 2876 3130 2922 71.

2155 2937 2308 2984 Divisi
2329 2936 2417 2995 qui
2452 2936 2708 2981 dicuntur.
2743 2936 2821 2983 28.

2156 2999 2342 3045 Divisio
2368 2999 2777 3044 vestimentorum
2803 2996 3005 3045 Christi.
3031 2999 3113 3046 88.

2154 3061 2257 3108 Dux
2282 3061 2344 3109 de
2381 3059 2673 3106 fmmoribus
2694 3059 2834 3106 lude)
2859 3060 3111 3118 quomodo
3133 3061 3256 3118 quis
3283 3060 3481 3107 evadat.
3506 3060 3582 3108 16.
3610 3062 3681 3108 17Δ

2877 3172 2930 3234 Ε

2149 3297 2350 3345 Eblonis
2375 3297 2598 3344 haaresis.
2623 3297 2707 3346 101
2728 3299 2774 3343 et
2796 3309 2902 3358 seq.

2150 3360 2385 3420 Ecclesia,
2411 3359 2599 3407 Christi
2622 3359 2874 3417 sanguine
2894 3358 3124 3407 lavanda.
3158 3362 3237 3408 12.

2150 3422 2371 3469 Ecclesia
2392 3426 2580 3479 sancta,
2618 3434 2751 3479 qua).
2785 3422 2892 3470 102.

2151 3458 2371 3532 ἓῖεἱὲἔὶἒέ
2388 3458 3030 3543 εἶ’ῥῖιὲιῖὶθῖὂζὲιέἶῖίιίιυτ.
3056 3484 3168 3531 252.

2152 3547 2368 3593 Ecclesia
2392 3549 2722 3604 oppugnatur.
2761 3545 2869 3594 260.

2155 3609 2386 3655 Ecclesia
2408 3607 2742 3665 frequentatio
2759 3619 2789 3653 a
2811 3606 2970 3654 tribus
3001 3611 3281 3665 etquatuor
3306 3608 3559 3657 millibus.
3579 3612 3680 3659 176.

2150 3671 2383 3718 Ecclesiae
2407 3669 2675 3718 Orientalis
2700 3669 3012 3729 Symbolum.
3039 3670 3116 3718 57.

2151 3733 2384 3780 Ecclesiae
2426 3733 2777 3778 restituuntur.
2803 3733 2913 3781 288.

2150 3796 2330 3842 Edessa
2358 3796 2477 3842 urbs
2492 3794 2872 3853 Mesopotamia.
2906 3796 3011 3842 274.

2150 3857 2359 3904 Edesius
2381 3871 2409 3903 a
2432 3856 2629 3917 poculis
2651 3856 2802 3915 Regis
2827 3856 3099 3903 Iberorum.
3116 3856 3229 3904 250.

2150 3920 2394 3980 .‘Egyptus
2412 3919 2718 3967 doctissimis
2737 3918 2865 3979 viris
2884 3918 3077 3965 referta.
3098 3919 3213 3968 279.

2272 3981 2412 4041 quid.
2445 3983 2520 4030 11.

2147 4040 2581 4091 Elias’Monachus
2614 4040 2928 4101 septuaginta
2951 4043 3103 4088 annis
3127 4042 3259 4088 vivit
3303 4042 3361 4089 in
3388 4043 3678 4090 solitudine.

2086 4110 2193 4157 171.
2221 4109 2265 4153 el
2275 4119 2376 4168 seq.
2392 4106 2615 4164 Integras
2633 4103 2969 4151 hebdomadas
2978 4104 3046 4161 jej
3056 4109 3195 4152 unat.
3215 4106 3681 4168 1_72._Claretsianis

2085 4174 2132 4215 et
2155 4164 2483 4215 medicamine
2505 4180 2618 4215 cum
2638 4168 2745 4217 110.
2771 4169 2900 4212 esset
2921 4178 3191 4215 annorum.
3218 4164 3359 4213 Ibid.

2146 4230 2377 4290 Episcopi
2414 4231 2513 4276 duo
2538 4231 2591 4276 in
2632 4230 2831 4275 civitate
2867 4240 2971 4275 una
3001 4242 3113 4275 esse
3134 4229 3477 4288 prohibentur
3500 4230 3678 4278 Nicen.

2087 4296 2299 4343 Cauone.
2326 4292 2434 4342 22.6.

2146 4356 2403 4414 Episcopis
2419 4353 2724 4401 consortium
2746 4352 3019 4399 mulierum
3050 4352 3395 4401 interdicitur.
3419 4355 3533 4403 227.

2144 4417 2416 4477 Episcopus
2440 4416 2500 4463 ab
2526 4416 2761 4462 omnibus
2786 4417 2939 4462 totius
2965 4415 3245 4474 provincias
3271 4416 3534 4475 Episcopis
3556 4415 3681 4463 ordi-

2084 4485 2253 4528 netur.
2284 4481 2392 4528 224.
2425 4480 2469 4524 et
2484 4489 2587 4539 seq.

2146 4543 2307 4601 Eques
2326 4540 2531 4600 quando
2562 4550 2769 4585 casurus
2795 4543 3087 4601 retrorsum.
3125 4539 3206 4587 36.

2146 4600 2344 4663 Equites
2359 4603 2543 4649 animas
2561 4602 2615 4648 in
2640 4600 2933 4658 corporibus
2963 4601 3158 4659 posite),
3184 4603 3296 4660 qui.
3325 4604 3406 4653 35.

2144 4668 2371 4725 Equitem
2401 4671 2675 4727 etrequum,
2703 4664 2970 4727 Dominum
2990 4676 3107 4710 cum
3130 4676 3285 4711 carne
3306 4671 3555 4727 suscepta,
3576 4665 3681 4725 qui-

2080 4729 2192 4775 dam
2216 4726 2471 4785 designari
2494 4726 2686 4772 volunt.
2725 4725 2803 4773 34.

2143 4790 2341 4849 Evagrii
2366 4787 2693 4851 abstinentia,
2728 4786 3024 4844 parcissime
3067 4787 3261 4835 utentis
3298 4802 3453 4851 aqua,
3488 4796 3534 4837 et
3557 4803 3675 4849 pane

2080 4853 2285 4913 penitus
2307 4851 2619 4897 abstinentia.
2647 4850 2754 4913 192.

2142 4914 2453 4961 Eucharistia
2476 4913 2583 4958 sola
2608 4912 2787 4959 nutrit.
2820 4915 2929 4963 172.

2146 4976 2385 5033 Eulogius
2408 4975 2888 5037 Presbyterimentes
2922 4973 3419 5023 communicantium
3443 4975 3673 5037 agnoscit.

2082 5041 2189 5088 173.
2216 5037 2442 5097 Singulis
2465 5033 2634 5083 edicit.
2670 5033 2805 5087 Ibid.

2144 5100 2378 5148 Eunomii
2404 5100 2627 5146 haeresis.
2655 5100 2762 5147 104.

2143 5163 2421 5210 Eunomius
2487 5162 2770 5222 haereticus,
2820 5162 2900 5207 vir
2942 5172 3150 5221 corpore
3176 5166 3225 5209 et
3255 5162 3430 5209 anima
3465 5164 3677 5222 leprosos

2080 5227 2173 5276 252
2195 5230 2242 5273 et
2265 5238 2368 5276 seq.

2146 5238 2173 5275 2
2195 5238 2242 5273 et
2265 5238 2368 5286 seq.

2146 5287 2389 5335 Eusebius
2412 5286 2694 5345 episcopus.
2733 5287 2846 5336 257.

2144 5349 2391 5396 Eusebius
2414 5348 2822 5395 Nicomediensis.
2850 5348 2962 5397 223.
2987 5348 3122 5395 Idem
3137 5347 3401 5398 laudatur.
3424 5351 3534 5399 243.

2143 5411 2389 5458 Eusebius
2412 5411 2660 5471 sacerdos,
2685 5415 2733 5457 et
2765 5411 3009 5457 medicus.
3035 5412 3146 5461 258.
3318 5409 3327 5417 ’

2142 5474 2384 5520 Eusebius
2399 5471 2728 5519 Vercellensis
2752 5473 2805 5519 in
2833 5473 3070 5519 exsilium
3091 5473 3337 5522 mittitur.
3355 5474 3473 5522 294.

2140 5536 2389 5584 Eusebius
2408 5534 2556 5581 frater
2579 5535 2851 5582 Ammonii.
2880 5535 2989 5584 189.

2141 5597 2443 5657 Euthymius
2466 5596 2720 5644 Ammonii
2753 5597 2979 5656 ejusdem
3005 5596 3179 5645 frater.
3212 5598 3320 5647 189.

2139 5823 2339 5869 Factum
2361 5819 2614 5880 principis
2635 5819 2932 5867 admirabile
2962 5820 3073 5868 217.
3098 5822 3146 5865 et
3167 5832 3276 5882 seq.
