3866 6206
120 318 286 373 1189

110 495 182 539 ad
214 497 389 542 vitam
415 500 691 545 revocatur.
724 497 838 546 229.

186 557 427 605 Femina;
446 558 611 615 specie
628 558 912 605 admittitur
928 571 957 604 a
981 559 1197 618 superbo
1216 558 1455 605 Monacho
1469 561 1741 616 spectrum.

116 619 241 668 I30.
278 619 548 667 Blanditiis
570 621 867 681 monachum
911 621 1111 681 decipit.
1147 618 1282 671 Ibid.
1318 620 1535 668 Irrident
1557 620 1744 678 decep-

111 685 237 727 tum
267 684 545 730 daemones.
582 679 711 730 Ibid.

184 745 464 791 Feminam
486 744 680 791 nullam
704 757 931 804 unquam
953 746 1083 792 vidit
1105 746 1319 792 Joannes
1341 745 1612 792 Monachus
1632 745 1739 793 120.

184 807 465 854 Fermento
490 820 699 865 regnum
716 810 953 854 castorum
977 811 1307 866 comparatur.
1348 808 1424 855 64.

181 870 348 916 Fidei
371 870 584 916 Nicaeus}
609 870 910 929 exemplum.
937 872 1046 919 22-1.
1072 872 1183 920 225.
1208 873 1255 917 et
1286 882 1392 930 seq.

183 932 341 979 Fidei
367 933 663 979 Christianas
690 933 989 993 simplicitas
1008 938 1255 992 quantum
1296 931 1496 979 virtutis
1536 931 1734 979 habeat.

107 995 220 1043 222
231 1029 242 1039 .
276 998 323 1041 el
347 1007 452 1055 seq.

182 1058 388 1113 Figura
414 1057 531 1103 novi
555 1057 871 1105 Testamenti.
896 1059 976 1107 24.

184 1119 317 1164 Filii
338 1120 513 1178 Patris,
539 1120 647 1177 qui.
670 1119 746 1167 15.

182 1182 362 1228 Filius
385 1181 636 1241 quomodo
658 1194 686 1227 a
712 1182 847 1228 Patre
872 1181 1090 1242 genitus,
1115 1194 1214 1227 non
1237 1183 1311 1226 est
1335 1179 1729 1227 discutiendum.

183 1304 420 1364 Flagella
443 1305 649 1353 Christi.
676 1306 755 1354 84.

181 1368 410 1414 Fluvius
431 1372 478 1414 et
503 1367 612 1414 fons
635 1380 798 1414 unum
821 1371 939 1413 sunt
974 1366 1328 1425 inseparabile.
1358 1367 1435 1416 60.

181 1432 424 1477 Ροεηωοτο
453 1430 659 1490 Christi,
680 1444 793 1489 qua:
817 1432 934 1476 sunt
957 1430 1183 1489 mystice.
1217 1431 1263 1479 9.
1282 1432 1328 1476 et
1353 1441 1458 1490 seq.

185 1493 326 1538 Fons
352 1491 536 1551 peccati
564 1496 611 1538 et
643 1493 816 1538 mortis
845 1492 905 1537 de
928 1492 1139 1538 muliere
1171 1492 1355 1550 prima.
1383 1493 1462 1540 87.

180 1556 326 1601 Fons
350 1568 441 1601 nec
462 1554 650 1601 dicitur
672 1554 876 1613 ﬂuvius,
906 1566 996 1601 nec
1018 1555 1207 1600 ﬂuvius
1245 1552 1376 1602 fons.
1407 1556 1484 1603 62.

181 1618 327 1664 Fons
356 1616 531 1675 Mopsi.
556 1618 666 1665 254.

180 1679 377 1737 Frigus
410 1680 616 1738 duplex,
652 1678 884 1737 temporis
909 1681 955 1725 et
1000 1677 1134 1725 ﬁdei.
1160 1679 1237 1727 87.

184 1742 387 1799 Fruges
410 1755 516 1801 quo
531 1742 630 1787 ﬁne
656 1742 711 1787 in
739 1746 916 1788 terram
941 1745 1265 1799 sparguntur.
1293 1741 1369 1789 57.

183 1804 522 1852 Frumentius
544 1818 573 1850 ει
594 1804 873 1851 rationibus
897 1803 1041 1862 Regis
1064 1804 1336 1850 Iberorum.
1369 1802 1481 1852 250.

911 1906 968 1970 G

183 2017 297 2064 Gad
323 2018 691 2075 interpretatur.
718 2016 795 2066 36.
824 2029 930 2077 seq.

183 2079 447 2126 Gaudium
470 2078 732 2138 spirituale
754 2079 1185 2126 anachoretarum.
1217 2078 1327 2127 154.

183 2141 326 2188 Gens
354 2142 491 2189 lbera
516 2141 957 2189 Christianismum
987 2138 1213 2199 suscipit.
1255 2142 1370 2190 250.
1399 2143 1445 2187 et
1478 2153 1582 2202 seq.

180 2203 437 2262 Georgius
461 2203 510 2250 vi
536 2204 664 2262 rapit
692 2204 1009 2251 Alexandriae
1032 2203 1402 2262 Episcopalum.
1431 2204 1541 2252 251.

182 2266 469 2312 Gothorum
494 2279 580 2324 per
603 2265 835 2313 Thracias
865 2266 1096 2324 irruptio.
1133 2266 1243 2313 284.
1269 2267 1315 2311 et
1342 2277 1448 2326 seq.

183 2327 361 2375 Gratia
382 2329 629 2374 amittitur
657 2328 719 2373 ob
753 2328 958 2373 verbum
976 2328 1227 2374 odiosum.
1254 2328 1362 2376 152.

182 2389 365 2437 Gratia
387 2390 623 2449 Baptismi
648 2390 852 2449 duplex.
879 2390 957 2438 86.
997 2391 1075 2439 87.
1155 2388 1165 2399 '

185 2452 463 2559 βνεῖἒίαὲιέιὲ
502 2453 769 2511 Imperator
810 2452 1143 2499 Theodosium
1167 2452 1309 2509 regni
1354 2451 1644 2512 participem
1670 2452 1729 2498 ad

185 2527 264 2559 lsc
314 2549 324 2559 .
460 2550 469 2559 .

121 2514 324 2561 sciscit.
361 2515 469 2564 252.

192 2576 420 2623 (ιι-ειίὶῧοί
444 2575 578 2623 oculi
602 2572 807 2624 Christi.
835 2578 912 2625 14.

190 2637 471 2699 Gregorius
495 2637 819 2698 Cappadocia;
843 2638 1134 2698 Episcopus.
1152 2640 1264 2690 279.

904 2740 965 2805 H

192 2852 415 2900 Haaresis
441 2851 773 2900 Eunomiana.
801 2852 908 2900 104.

193 2915 416 2962 Haeresis
430 2915 556 2970 Arii,
583 2914 802 2960 volentis
835 2914 1127 2962 abscindere
1164 2914 1494 2965 substantiam
1524 2914 1679 2962 Patris
1707 2927 1736 2960 a

121 2978 286 3026 Filio.
306 2980 415 3026 217.
441 2978 551 3026 218.

196 3039 447 3151 Ηαῖιὶεειὲὲἒ
464 3040 612 3085 etiam
636 3042 746 3098 post
775 3037 1119 3097 paenitentiam
1156 3039 1219 3087 ad
1258 3039 1590 3087 sacerdotium
1616 3039 1737 3086 reci-

196 3116 275 3149 ΞΠ(
319 3138 330 3149 .
455 3136 465 3147 .

162 3103 330 3149 iendi.
357 3103 465 3150 255.

122 3116 330 3162 prendi.
357 3116 465 3151 zoa.

190 3166 387 3210 Hamus
412 3162 613 3210 Christi.
642 3163 719 3212 79.

190 3227 430 3286 Helenus,
476 3225 582 3270 sive
616 3225 813 3283 Hellen,
838 3224 1060 3272 novitius
1096 3237 1285 3283 prunas
1320 3225 1549 3273 ardentes
1574 3226 1735 3272 illaesa

119 3292 272 3335 veste
295 3288 468 3336 defert.
502 3288 608 3336 168.
646 3288 849 3334 Diabolo
884 3288 945 3334 ad
971 3286 1141 3344 gulam
1179 3288 1476 3340 explendam
1502 3288 1733 3334 invitanti

120 3351 359 3397 secundo
404 3349 608 3396 resistit.
649 3350 757 3399 169.
798 3349 1052 3396 Divinitus
1088 3350 1217 3395 mira
1238 3350 1465 3397 ciborum
1488 3351 1733 3397 suavitate

120 3416 409 3461 recreatus.
453 3408 586 3459 Ibid.
632 3411 827 3469 Onager
870 3412 916 3459 ei
959 3412 1208 3458 sarcinam
1238 3412 1506 3459 deferendo
1547 3413 1732 3460 obedit.

120 3472 268 3522 Ibid.
316 3474 571 3521 Crocodilo
614 3478 810 3520 vectore
858 3475 1044 3520 flumen
1088 3475 1391 3521 transmittit.
1436 3472 1571 3522 Ibid.
1620 3475 1734 3521 Solo

122 3537 288 3584 verbo
311 3536 517 3583 noxium
544 3536 859 3582 Crocodilum
883 3534 1098 3594 perimit.
1136 3537 1242 3585 170.
1271 3537 1603 3591 Cogitationes
1627 3537 1732 3583 fra-

124 3604 270 3645 trum
291 3603 339 3644 et
373 3598 666 3645 tentationes
699 3598 919 3645 occultas
943 3598 1139 3643 detegit.
1168 3595 1302 3647 Ibid.
1330 3600 1514 3645 Futura
1551 3600 1733 3658 praevi-

122 3662 232 3709 det.
259 3658 391 3709 Ibid.
412 3660 749 3718 Dmmonibus,
782 3673 845 3707 ne
859 3659 1115 3717 juniorem
1140 3659 1336 3706 fratrem
1366 3665 1570 3719 tentent,
1593 3661 1734 3707 limi-

125 3723 362 3832 ;«z’séigit.
398 3724 482 3771 171
516 3723 697 3769 Junior
726 3723 900 3769 fratrer
936 3733 1067 3781 saepe
1091 3722 1313 3769 cmlestes
1338 3724 1552 3782 percipit
1574 3723 1728 3771 cibos.

188 3799 209 3831 ι
256 3820 268 3832 .

123 3784 268 3833 Ibid.

194 3847 417 3893 Herodes
450 3859 541 3893 cur
559 3845 725 3893 dictus
748 3849 822 3893 est
852 3846 908 3893 in
945 3845 1216 3904 Scripturis
1237 3846 1412 3901 Jarim,
1440 3847 1545 3895 sive
1566 3846 1738 3907 sylve-

124 3914 253 3958 ster.
286 3910 364 3957 85.

192 3970 422 4018 Hilarius
447 3967 727 4029 Illyricum.
754 3969 963 4027 Italiam,
993 3968 1281 4029 Galliasque
1304 3972 1500 4022 circuit.
1528 3973 1639 4023 258.

196 4034 355 4080 Homo
378 4045 438 4079 ex
460 4033 582 4078 limo
605 4036 749 4079 terra;
772 4036 984 4080 creatus.
1032 4032 1113 4080 75.
1141 4033 1217 4081 76.

193 4097 316 4151 Hor,
340 4096 447 4141 sive
469 4095 552 4149 0r,
574 4107 635 4140 ex
659 4096 960 4140 anachoreta
998 4092 1282 4141 Monasterii
1316 4096 1589 4143 inslitutor.
1623 4098 1730 4145 138.

124 4156 448 4207 Abstinentia
477 4158 608 4213 ejus.
633 4153 765 4205 Ibid.
800 4155 1050 4202 Divinitus
1075 4155 1243 4203 literas
1283 4160 1439 4207 novit.
1480 4156 1611 4206 Ibid.
1639 4159 1736 4204 Dae-

126 4232 310 4269 mones
333 4219 487 4279 pellit.
515 4220 621 4268 139.
654 4219 830 4276 zEgros
852 4222 1011 4264 sanat.
1046 4214 1179 4265 Ibid.
1199 4219 1347 4266 Lavat
1371 4220 1625 4278 hospitum
1645 4233 1735 4279 pe-

124 4286 236 4331 des.
266 4278 399 4330 Ibid.
421 4281 512 4327 Per
537 4286 633 4328 tres
665 4293 822 4327 annos
856 4280 1054 4326 nullum
1078 4281 1249 4328 cibum
1279 4286 1528 4329 terrenum
1555 4278 1731 4332 sumit.

125 4342 267 4394 Ibid.
292 4344 490 4391 Caelesti
523 4355 636 4389 esca
675 4347 785 4401 post
816 4342 1040 4388 triduum
1085 4343 1318 4401 pascitur.
1356 4342 1487 4391 Ibid.
1538 4345 1733 4391 Diaboli

125 4406 449 4469 phantasiam
482 4404 681 4469 egregio
726 4417 961 4469 responso
981 4403 1221 4469 dispellit.
1248 4404 1379 4454 Ibid.
1409 4407 1516 4453 Uno
1538 4407 1619 4454 die
1641 4408 1737 4454 cel.

127 4467 291 4518 lulam
320 4467 609 4514 adventanti
636 4467 775 4513 fratri
815 4467 1044 4528 exstruit.
1092 4468 1199 4517 140.
1246 4470 1431 4516 Fratris
1465 4469 1729 4528 cujusdam

128 4532 359 4581 fraudem
383 4529 631 4576 divinitus
664 4530 823 4577 novit.
846 4525 984 4576 Ibid.

197 4593 427 4651 Hospites
456 4591 706 4650 quomodo
725 4591 887 4648 excipi
924 4591 1058 4638 soliti
1081 4592 1215 4651 apud
1249 4595 1590 4643 anachoretas.
1617 4595 1729 4645 139.

128 4655 364 4716 Hospites
393 4654 697 4714 quandoque
719 4652 945 4716 cogendi.
971 4655 1584 4716 154._Hospitesadorandi
1607 4658 1737 4705 ritus

128 4713 269 4779 apud
300 4713 561 4764 Monachos
585 4716 719 4779 unde
743 4715 961 4779 ﬂuxerit.
986 4713 1118 4779 Ibid.

194 4778 519 4837 Hospitalitas
533 4778 886 4841 Monachorum
909 4778 1081 4825 Nitria)
1102 4779 1435 4826 admirabilis.
1465 4780 1571 4829 168.
1592 4781 1725 4841 Oxy-

128 4842 316 4903 rynchi
339 4841 555 4888 civitatis
578 4840 631 4886 in
654 4839 920 4887 Thebaida.
943 4841 1049 4888 142.
1079 4842 1418 4890 Protocomilis
1440 4839 1723 4902 cujusdam.

131 4906 468 5014 13iammilites
505 4964 712 5011 Joannis
761 4963 1036 5023 prophetia;
1077 4966 1289 5025 gratiam
1334 4980 1434 5015 non
1479 4968 1598 5025 sibi,
1642 4968 1726 5015 sed

132 5029 251 5077 aliis
270 5025 554 5075 tribuentis.
594 5026 702 5076 120.

195 5212 440 5263 Iactantia
458 5212 713 5272 fugienda.
735 5213 842 5263 125.
868 5212 935 5259 Ea
954 5212 1162 5271 duplex.
1189 5212 1325 5263 Ibid.

194 5277 350 5324 Jarim
383 5275 509 5335 quid
531 5279 674 5323 sonet
692 5274 719 5323 ‘I
748 5276 827 5324 85.

198 5340 490 5398 Iberagens,
513 5351 614 5397 quo
637 5343 853 5397 tempore
875 5337 1061 5385 Christi
1083 5338 1233 5387 fidem
1257 5339 1491 5399 amplexa
1512 5341 1595 5390 sit.
1612 5341 1722 5391 251.

137 5405 183 5450 et
206 5413 311 5450 seq.

199 5413 329 5510 185361
355 5463 569 5521 poscunt
589 5473 619 5507 a
643 5460 967 5508 Constantino
990 5464 1281 5513 sacerdotes.
1308 5464 1417 5513 252.

199 5526 455 5583 Jejunium
481 5528 672 5583 quartas
694 5526 741 5569 et
762 5527 914 5571 sexta:
938 5523 1095 5574 ferias.
1122 5527 1231 5575 155.

199 5590 367 5635 Jesum
390 5586 644 5634 Christum
673 5584 843 5633 sedere
865 5598 894 5631 a
932 5585 1120 5634 dextris
1142 5588 1247 5647 Dei,
1270 5587 1525 5646 probatur.
1552 5588 1628 5637 94.

200 5651 371 5696 Jesum
394 5647 449 5695 in
472 5646 625 5695 latere
647 5659 960 5707 percussum.
991 5648 1208 5709 indeque
1229 5662 1411 5709 aquam
1447 5653 1492 5695 ct
1514 5649 1724 5709 sangui-

141 5724 258 5761 nem
286 5711 515 5772 ﬂuxisse,
539 5710 793 5769 probatur.
816 5710 893 5759 86.
925 5709 1002 5759 87.

202 5777 347 5821 Jesus
369 5774 599 5822 Christus
624 5772 808 5820 unicus
831 5772 917 5819 Dei
942 5772 1120 5819 Filius.
1144 5773 1222 5823 62.
1250 5774 1327 5822 63.

204 5837 347 5884 Jesus
365 5835 561 5883 Hebraai
587 5833 813 5882 vocabuli
847 5846 1026 5881 nomen
1051 5839 1138 5882 est.
1168 5837 1244 5884 62.

1207 319 1601 372 VERBORUM
1656 319 1745 370 ET
1797 317 2383 375 SENTENTIARUM.

186 433 413 480 Femina
433 433 665 490 quaedam
682 446 712 480 a
727 434 905 490 januis
919 432 1095 481 mortis
1110 434 1283 482 Crucis
1305 433 1488 482 Christi
1513 436 1746 481 contactu

3304 326 3441 379 1190

1909 436 2054 497 {esus
2075 434 2217 493 quid.
2244 437 2303 485 62
2343 440 2387 482 et
2408 449 2512 497 seq.

1912 494 1977 542 In
2013 499 2281 555 praaposito
2309 510 2398 544 cur
2429 494 2526 544 non
2561 499 2763 545 additur
2795 500 2847 545 iu
2872 500 3084 547 articulo
3110 500 3170 547 in
3196 506 3435 548 sanctam

1845 556 2164 619 Ecclesium,
2190 562 2237 605 et
2260 559 2561 617 quibusdam
2586 561 2720 609 aliis.
2747 561 2823 610 99.

1909 620 2054 667 India
2075 634 2176 680 quo
2201 627 2414 679 tempore
2438 624 2629 668 semina
2658 623 2773 669 tidei
2797 623 2960 681 prima
2980 625 3216 684 suscepit.
3243 626 3351 674 231.

1909 684 2054 757 india
2077 684 2283 757 duplex.
2444 686 2487 729 et
2509 696 2614 757 seq.

1876 746 2050 856 3(audiri
2072 745 2247 792 multis
2268 746 2524 804 variisque
2555 745 2747 803 linguis
2770 752 2816 793 et
2851 747 3128 805 gentilibus
3163 746 3432 796 habitatur.

1906 868 2100 916 inimici
2129 869 2288 926 Judzc,
2317 868 2421 927 qui.
2442 871 2517 917 78.

1905 930 2130 995 Inimicis
2162 944 2427 995 quousque
2456 931 2695 995 dicuntur
2724 930 2936 977 inimici.
2970 934 3015 980 8.
3051 936 3096 979 et
3118 947 3222 995 seq.

1904 994 2190 1040 Infidclimn
2216 995 2277 1039 dc
2305 994 2683 1040 Resurrectione
2711 1005 2863 1045 error.
2892 996 2998 1043 105.

1904 1056 2120 1102 Insidias
2156 1058 2205 1101 in
2230 1057 2397 1102 Iesum
2421 1055 2586 1102 Judaei
2618 1055 2916 1103 moliuntur.
2945 1058 3018 1104 4‘2.
3046 1059 3121 1105 43.

1905 1118 2241 1175 Intelligentia
2285 1118 2573 1164 divinarum
2614 1116 2981 1176 Scripturarum
3023 1118 3158 1165 unde
3203 1121 3432 1178 petenda.

1841 1181 1950 1229 279.
1978 1185 2023 1227 et
2046 1193 2152 1229 seq.

1903 1193 2311 1289 i’nfi‘dsifgcontra
2346 1240 2693 1289 Athanasium.
2722 1242 2832 1290 255.
2862 1244 2906 1288 et
2930 1254 3034 1303 seq.

1902 1305 2153 1351 Invocatio
2178 1306 2489 1351 Sanctorum.
2525 1304 2634 1352 186.

1902 1370 2116 1412 Joannes
2141 1363 2225 1428 (8.)
2255 1366 2519 1425 1Egyptius
2546 1365 2677 1423 apud
2696 1366 2881 1428 Lycum
2907 1366 3158 1414 civitatem
3187 1366 3433 1417 habitans.

1839 1429 1948 1478 119.
1974 1429 2045 1475 Ab
2083 1426 2241 1475 astatis
2266 1441 2399 1474 anno
2422 1426 2811 1490 quadragesimo
2832 1428 2894 1474 ad
2920 1431 3303 1490 nonagesimum
3327 1433 3438 1479 nul-

1838 1492 1918 1537 lus
1952 1491 2013 1537 ad
2045 1504 2157 1537 eum
2189 1492 2463 1549 ingressus.
2490 1487 2623 1537 Ibid.
2649 1489 2843 1535 Nullam
2878 1491 3018 1538 videt
3040 1487 3296 1540 feminam.
3327 1494 3433 1543 120.

1837 1553 2026 1601 Cellam
2069 1552 2365 1611 hospitalem
2391 1552 2701 1611 extrinsecus
2732 1551 2839 1597 fieri
2875 1555 3130 1611 permittit.
3163 1551 3289 1603 Ibid.
3316 1556 3430 1602 Pro-

1836 1617 2019 1674 phetim
2058 1610 2244 1674 spiritu
2285 1615 2517 1663 donatus.
2564 1610 2697 1661 Ibid.
2747 1610 3021 1661 Theodosio
3046 1616 3165 1662 belli
3199 1623 3435 1665 eventum

1835 1677 2085 1736 prtedixit.
2122 1674 2254 1726 Ibld.
2282 1678 2337 1723 Et
2361 1677 2583 1722 Romano
2609 1675 2725 1722 duci
2754 1675 3028 1724 victoriam.
3057 1676 3188 1725 Ibid.
3218 1679 3435 1725 Humili-

1837 1746 1909 1787 tas
1941 1740 2069 1797 ejus.
2096 1736 2227 1786 Ibid.
2262 1738 2467 1785 Videtur
2491 1738 2544 1784 in
2568 1737 2760 1783 somnis
2790 1739 2852 1784 ab
2888 1752 3041 1785 uxore
3066 1741 3293 1789 Tribuni.
3322 1745 3429 1790 121.

1834 1805 1998 1861 Longe
2036 1802 2194 1861 posita
2217 1801 2456 1848 intuetur.
2476 1797 2608 1848 Ibid.
2633 1799 2836 1861 Occulta
2858 1802 3023 1847 cordis
3044 1803 3287 1860 agnoscit.
3318 1806 3423 1852 122.

1838 1860 2283 1923 FlagellummDei
2298 1875 2501 1910 caussas
2531 1861 2775 1920 propalat.
2796 1860 2928 1909 Ibid.
2955 1864 3129 1918 digres
3152 1865 3259 1910 oleo
3283 1864 3428 1912 bene-

1832 1922 1964 1973 dicto
1976 1930 2133 1973 sanat.
2150 1922 2284 1974 Ibid.
2303 1926 2411 1979 Quo
2430 1928 2478 1971 et
2500 1925 2702 1971 mulieri
2730 1924 2895 1971 visum
2914 1926 3145 1971 restituit.
3166 1923 3300 1975 Ibid.
3314 1928 3433 1973 Ter-

1835 1991 2019 2035 tianam
2044 1988 2412 2047 quoquepellit.
2431 1987 2537 2035 123.
2567 1987 2684 2043 Ejus
2708 1986 3038 2045 hospitalitas.
3067 1984 3195 2034 Ibid.
3240 1989 3433 2035 Sobrie-

1835 2055 1924 2097 tas.
1950 2048 2081 2098 Ibid.
2108 2048 2420 2097 Humilitatis
2443 2047 2924 2095 commendationem
2948 2048 3192 2108 exemplis
3237 2052 3428 2109 probat.

1833 2115 1944 2163 125.
1979 2115 2025 2160 et
2069 2124 2171 2173 seq.
2209 2111 2521 2173 Mendacium
2567 2110 2795 2157 etiamin
2831 2111 3115 2158 humilitate
3140 2111 3430 2171 fugiendum

1833 2176 1990 2223 docet.
2019 2172 2360 2223 123.7Moritur
2385 2172 2599 2231 genibus
2627 2173 2786 2219 ﬂexis.
2815 2174 2903 2222 137

1893 2240 2114 2284 Joannes
2139 2236 2287 2283 frater
2319 2240 2413 2283 stat
2452 2235 2610 2281 tribus
2652 2236 2802 2281 annis
2846 2235 3117 2283 continuis.
3147 2236 3254 2285 173.
3280 2236 3431 2283 Pedes

1832 2302 1938 2358 ejus
1970 2300 2116 2357 longa
2140 2299 2349 2345 statione
2377 2297 2611 2358 disrupti.
2643 2299 2746 2346 174.
2774 2296 2889 2343 Sola
2918 2297 3233 2345 Eucharistia
3257 2299 3428 2345 Domi-

1834 2356 1948 2409 nica
1968 2356 2169 2420 sumpta
2184 2361 2325 2407 vivit.
2345 2356 2476 2407 Ibid.
2492 2358 2694 2405 Diabolo
2711 2359 3055 2419 presbyterum
3075 2360 3336 2407 simulanti
3359 2375 3430 2408 re-

1832 2426 1999 2483 sistit.
2034 2420 2166 2470 Ibid.
2192 2425 2405 2470 Sanatur
2426 2421 2489 2468 ab
2520 2421 2733 2483 ,Angelo,
2773 2426 2819 2483 et
2840 2422 3052 2483 scientia
3080 2422 3258 2468 divina
3277 2424 3433 2481 reple-

1835 2492 1930 2535 tur.
1956 2482 2093 2534 Ibid.
2118 2487 2464 2532 Jumentorum
2487 2482 2693 2541 cingula
2716 2480 2851 2532 texit.
2891 2480 3026 2533 Ibid.
3054 2483 3302 2532 Claudum
3327 2480 3431 2532 cin-

1833 2549 1942 2609 guli
1982 2550 2112 2594 tactu
2147 2552 2307 2595 sanat.
2353 2543 2484 2592 Ibid.
2540 2546 2789 2609 Sanantur
2812 2546 2933 2609 aegri
2971 2547 3259 2605 paneabeo
3283 2547 3433 2609 bene-

1832 2606 1981 2658 dicto.
2010 2610 2117 2658 175.
2144 2610 2369 2655 Fratrum
2381 2608 2784 2655 conversationes
2798 2607 2979 2654 absens
2995 2610 3271 2667 cognoscit.
3296 2606 3426 2657 Ibid.

1894 2674 2108 2720 Joannes
2130 2671 2265 2717 alius
2288 2671 2432 2718 laetus
2454 2682 2629 2717 omnes
2652 2669 2918 2719 exhilarat.
2953 2671 3063 2719 206.

1894 2735 2074 2792 Joseph
2099 2746 2188 2781 cur
2232 2734 2363 2779 inter
2404 2745 2580 2779 omnes
2615 2731 2793 2779 fratres
2820 2731 2958 2779 ﬁlius
2984 2732 3127 2780 tertio
3149 2732 3429 2792 appelletur

1830 2801 1860 2847 2
1894 2809 1998 2847 sea.

1891 2809 2073 2915 gg‘sleph
2099 2856 2283 2905 Christi
2302 2856 2479 2914 ﬁgura.
2512 2856 2589 2905 43.

1891 2920 2074 2978 Joseph
2101 2918 2398 2966 Patriarchre
2421 2917 2781 2977 interpretatio.
2800 2918 2879 2966 41.

1891 2982 2148 3030 Joviniani
2173 2985 2332 3041 ortus,
2358 2985 2405 3026 et
2430 2980 2564 3038 finis,
2590 2981 2697 3030 267.
2726 2980 2835 3029 268.

1893 3047 2033 3092 Irene
2057 3043 2363 3105 Spiridionis
2386 3042 2560 3103 Cyprii
2585 3042 2816 3101 Episcopi
2842 3041 2947 3089 tilia
2966 3041 3028 3089 ad
3053 3044 3205 3090 vitam
3232 3056 3427 3092 revoca-

1833 3114 1929 3156 tur.
1954 3109 2063 3156 222.

1894 3169 2092 3216 Isachar
2112 3167 2255 3227 quid.
2281 3168 2356 3216 31.
2384 3168 2463 3216 32.
2492 3166 2865 3214 Benedictionis
2886 3167 2998 3224 ejus
3022 3166 3197 3216 forma.
3226 3165 3361 3218 Ibid.

1894 3232 2068 3279 Isidori
2103 3230 2455 3277 Mouasterium
2477 3228 2714 3275 omnibus
2735 3228 2975 3277 abundat.
3010 3231 3117 3279 181.
3153 3230 3247 3285 Qui
3269 3231 3421 3278 semel

1830 3307 1888 3342 eo
1912 3294 2189 3353 ingressus,
2215 3303 2494 3351 numquam
2526 3291 2779 3353 egreditur
2814 3287 2946 3339 Ibid.
2974 3292 3154 3340 Nullus
3181 3293 3253 3340 ibi
3279 3293 3423 3341 infir-

1830 3350 2138 3411 musfetiam
2171 3355 2291 3400 dum
2323 3350 2552 3402 moritur.
2583 3350 2719 3402 Ibid.

1891 3417 2018 3465 Juda
2041 3416 2248 3464 Catulus
2272 3416 2448 3462 Leonis
2479 3415 2729 3475 quomodo
2752 3414 2964 3464 dicatur.
2994 3416 3039 3465 7.
3063 3417 3109 3466 8.

1892 3480 2046 3526 Iudas
2067 3478 2315 3526 confessio
2338 3478 2704 3536 interpretatur.
2734 3477 2809 3527 15.

1891 3542 2034 3588 Judaa
2055 3540 2335 3587 benedictio
2364 3540 2487 3587 tilio.
2516 3543 2561 3589 7.
2588 3543 2635 3586 et
2663 3552 2767 3601 seq.

1890 3604 2034 3651 Judaa
2059 3615 2266 3662 regnum
2289 3602 2534 3661 quamdiu
2559 3602 2834 3651 duraverit.
2861 3605 2937 3652 10.

1891 3666 2069 3712 Judam
2095 3664 2345 3713 Christum
2373 3664 2657 3719 tradidisse,
2690 3664 3068 3712 auctoritatibus
3094 3665 3315 3714 docetur.
3344 3669 3419 3714 82.

1890 3727 2078 3776 Judicii
2101 3727 2308 3774 extremi
2345 3727 2621 3785 prophetia.
2649 3728 2728 3775 96.
2754 3728 2832 3775 97.

1892 3790 2148 3837 Judicium
2175 3788 2550 3848 praedicationis
2574 3788 2943 3849 Apostolorum.
2972 3790 3050 3839 53.

1891 3852 2084 3899 Juliaui
2111 3852 2379 3900 calliditas.
2406 3851 2514 3900 261.

1892 3914 2125 3961 Julianus
2150 3914 2418 3974 imperator
2441 3911 2665 3971 eligitur.
2692 3913 2800 3962 254.

1891 3977 2126 4024 Julianus
2149 3977 2203 4023 in
2229 3975 2361 4023 bello
2387 3976 2582 4022 Persico
2612 3976 2758 4034 perit.
2787 3976 2894 4024 262.

2613 4097 2662 4160 L

1897 4217 2068 4278 Lapsis
2090 4218 2280 4277 absque
2328 4216 2606 4278 tormentis,
2653 4228 2767 4274 qua)
2804 4215 3101 4274 pmnitcntia
3122 4216 3423 4264 adhibenda.

1832 4283 2064 4413 22galeris
2108 4340 2169 4404 (e)
2203 4340 2388 4413 Christi
2420 4340 2725 4413 cur-potius,
2764 4353 2914 4399 quam
2937 4341 3000 4388 ab
3034 4341 3134 4388 alio
3181 4341 3423 4402 membro,

1832 4419 1982 4468 aqua,
2011 4409 2059 4452 et
2081 4403 2291 4462 sanguis
2316 4403 2605 4463 productus.
2638 4404 2717 4452 87.

1894 4467 2140 4528 Latitudo,
2171 4465 2480 4525 profundum
2505 4468 2553 4511 et
2572 4464 2783 4511 altitudo
2806 4464 2981 4513 Crucis
3002 4465 3320 4527 describitur,
3347 4468 3422 4516 76.

1896 4532 2131 4577 Latrones
2155 4528 2385 4576 conversi
2417 4528 2479 4573 ab
2506 4529 2770 4588 Ammone,
2796 4529 2905 4577 158.

1896 4596 2070 4641 Leonas
2093 4603 2301 4638 munus.
2333 4591 2445 4638 274.

1894 4655 2039 4713 Legis
2065 4653 2326 4710 naturalis,
2352 4664 2467 4710 quas
2492 4652 2626 4699 intra
2649 4663 2740 4697 nos
2762 4655 2852 4709 est,
2878 4652 3101 4702 effectus.
3138 4655 3217 4704 ‘26.

1894 4716 2257 4765 Leonculorum
2282 4727 2488 4761 somnus
2516 4713 2798 4762 triduanus.
2826 4714 2922 4764 8.9.

1894 4778 2074 4827 Leonis
2106 4778 2417 4829 acceptiones
2442 4775 2611 4824 varias.
2645 4776 2724 4825 33.
2749 4774 2831 4829 34.

1894 4841 2073 4889 Leonis
2098 4839 2324 4899 Catulus,
2349 4839 2484 4898 quis.
2526 4839 2602 4889 16.
2629 4840 2705 4887 17.

1894 4902 2027 4951 Levi.
2054 4904 2133 4951 27.
2165 4903 2243 4952 28.

1894 4966 2176 5014 Levitarum
2196 4964 2353 5023 origo.
2380 4965 2459 5017 28,
2490 4966 2536 5008 et
2559 4974 2665 5024 seq.

1894 5028 2039 5075 Liber
2062 5030 2199 5086 pater
2221 5040 2282 5073 ex
2305 5024 2439 5072 Jovis
2462 5025 2666 5072 fcemore
2691 5028 2840 5078 natus
2858 5025 3042 5073 esseab
3064 5026 3291 5076 Ethnicis
3316 5041 3422 5075 cre-

1832 5091 1983 5138 ditur.
2009 5090 2086 5138 71.

1895 5152 2121 5200 Liberius
2143 5150 2289 5199 Urbis
2317 5150 2481 5196 Roma:
2515 5148 2805 5208 Episcopus.
2830 5148 2939 5199 251.
2967 5150 3022 5195 In
3057 5151 3295 5197 exsilium
3323 5154 3423 5198 tru-

1830 5215 1984 5325 glittg.
2194 5212 2266 5260 Ah
2287 5211 2468 5259 exsilio
2512 5212 2809 5271 regreditur,
2834 5213 3034 5258 vivente
3079 5213 3245 5260 adhuc
3265 5214 3425 5261 Cons-

1882 5291 1911 5325 n
1938 5292 2004 5325 ιο.
2131 5309 2141 5321 .

1831 5279 2004 5325 tantio.
2032 5278 2141 5326 254.

1894 5338 2142 5387 Libidinis
2184 5349 2271 5397 per
2300 5336 2684 5399 impatientiam,
2701 5336 2787 5395 qui
2811 5348 2865 5381 se
2889 5334 3201 5398 exciderunt,
3226 5350 3255 5382 a
3282 5337 3425 5384 cleri-

1829 5406 1942 5451 catu
1975 5403 2227 5448 arcentur.
2253 5400 2364 5448 225.

1893 5464 2153 5510 Librorum
2177 5461 2360 5508 veteris
2384 5460 2678 5506 Testamenti
2713 5470 2971 5508 numerus.
2998 5460 3106 5509 100.
3141 5462 3249 5510 101.

1893 5526 2107 5583 Lignum
2132 5524 2306 5572 Crucis
2323 5523 2506 5569 Christi
2530 5523 2589 5569 ad
2602 5526 2881 5569 contactum
2906 5522 3128 5580 corporis
3143 5535 3270 5583 pene
3292 5534 3421 5570 mor-

1832 5586 2588 5661 tui.anademazeeass:

1891 5648 2086 5696 Lucifer
2105 5660 2196 5694 cur
2216 5645 2350 5709 exul.
2382 5646 2493 5694 249.
2525 5645 2769 5709 Exoratur
2800 5645 3117 5709 abiEusebio,
3136 5650 3191 5693 ut
3213 5645 3424 5695 Alexan-

1828 5710 1990 5758 driam
2013 5710 2075 5756 ad
2097 5707 2425 5755 Athanasium
2457 5711 2644 5767 pergat.
2677 5708 2788 5757 254.
2820 5707 2966 5754 Mittit
2996 5707 3123 5755 illuc
3150 5709 3421 5757 Diaconum

1829 5786 1998 5835 suum,
2026 5772 2143 5835 ipse
2176 5768 2498 5835 Antiochiam.
2522 5782 2577 5835 se
2612 5770 2818 5835 confert.
2846 5767 2984 5835 Ibid.
3023 5771 3170 5831 Egre
3203 5772 3297 5820 fert
3319 5785 3422 5820 non

1831 5830 2074 5893 recipiat)
2108 5831 2323 5879 Eusebio
2364 5830 2648 5883 Paulinum.
2682 5833 2791 5882 257.
2835 5832 3026 5889 Cogitat
3057 5830 3158 5882 non
3205 5836 3424 5895 recipere
