3866 6206
446 338 577 394 1191

439 451 797 500 Alexandrinte
848 452 1027 511 synodi
1073 454 1286 498 Decreta.
1313 448 1445 502 Ibid.
1483 453 1705 499 Fluctuat
1750 454 1938 510 animo,
1990 461 2036 501 et

438 528 614 575 quare.
640 511 775 561 Ibid.
804 514 935 567 Quid
962 514 1160 560 tandem
1191 516 1387 561 statuat.
1414 511 1549 563 Ibid.

500 575 933 624 Luciferianorum
966 576 1203 624 schisma.
1236 577 1343 626 258.

500 638 686 686 Lucius
710 636 983 696 Episcopus
1008 638 1225 685 Arianus
1248 638 1514 685 Ecclesiam
1538 638 1930 687 Alexandrinam
1954 640 2033 686 in-

439 702 595 749 vadit.
622 700 732 750 269.
757 701 805 773 et
831 700 1074 773 seq-aliine
1100 699 1154 746 in
1172 700 1479 773 Orthodoxos
1491 701 2033 773 saevitia._27_0.'l‘urpia

437 776 639 823 quoque
665 765 802 821 gesta
834 761 1145 821 in’Virgines
1169 767 1215 808 et
1246 764 1576 810 continentes.
1607 761 1742 810 Ibid.
1773 764 1863 809 Per
1883 768 2029 810 totam

435 838 657 873 eremum
671 824 920 871 solitarios
942 824 1035 870 tria
1054 825 1250 871 circiter
1264 825 1427 872 millia
1447 826 1583 872 viros
1606 830 1879 884 oppugnat.
1895 823 2029 875 Ibid.

434 891 481 935 et
508 900 613 949 seq.
639 887 783 949 Jubet
803 885 1053 944 deportari
1084 892 1281 934 sanctos
1303 889 1653 934 Monachorum
1677 894 1841 946 patres
1862 888 1915 933 in
1947 888 2030 935 in-

434 947 597 996 sulam
634 947 899 1008 paludium
939 949 1159 1011 Egypti,
1192 949 1277 996 ubi
1305 950 1479 996 nullus
1501 954 1603 996 erat
1626 949 1959 1007 Christianus,
1983 954 2029 997 et

433 1024 606 1070 quare.
644 1012 757 1060 272.
782 1012 829 1057 et
859 1023 963 1072 seq.
991 1012 1283 1069 Appellante
1307 1012 1369 1058 ad
1396 1011 1615 1059 insulam
1652 1012 1903 1068 navicula,
1928 1025 2029 1071 qua

433 1073 759 1131 vehebantur,
796 1073 898 1119 tilia
921 1073 1189 1120 sacerdotis
1219 1075 1399 1132 pagani
1434 1087 1463 1119 a
1488 1075 1716 1121 Dmmone
1741 1073 2023 1132 corripitur.

431 1137 538 1185 173.
566 1135 687 1193 Ejus
730 1135 1110 1182 vociferationes
1157 1140 1205 1181 et
1231 1137 1464 1195 querelae.
1491 1134 1624 1183 Ibid.
1660 1135 1917 1183 Liberatur
1939 1148 2028 1194 per

431 1200 630 1245 sanctos
653 1197 805 1256 viros,
826 1197 960 1244 unde
976 1202 1022 1243 et
1048 1197 1273 1244 insulani
1299 1198 1358 1244 ad
1378 1199 1631 1246 Christum
1649 1202 2024 1256 convertuntur,

431 1261 703 1319 statimque
715 1259 883 1305 diruto
903 1260 1105 1319 templo,
1123 1260 1390 1307 Ecclesium
1410 1260 1676 1309 aediﬁcant.
1693 1257 1823 1308 Ibid.
1843 1259 2027 1307 Lucius

432 1321 641 1381 proinde
692 1326 889 1369 sanctos
932 1323 1097 1369 Patres
1153 1322 1344 1369 occulte
1370 1328 1581 1385 revocat,
1618 1323 1922 1381 remittilque
1971 1324 2024 1369 in

430 1396 672 1431 eremum.
688 1385 799 1432 274.

493 1448 662 1506 Lupus
686 1458 837 1506 rapax
865 1445 1123 1503 Benjamin
1148 1445 1328 1495 dictus.
1353 1447 1432 1495 49.
1457 1447 1534 1496 50.

1195 1567 1258 1631 Μ

455 1674 688 1784 ιΜξιεῖιὸἱέ
723 1674 824 1722 duo
856 1675 1081 1723 Monachi
1120 1676 1379 1723 sanctitate
1402 1676 1629 1735 insignes
1667 1682 1712 1723 et
1755 1678 2027 1728 virtutibus

474 1750 566 1784 ari.
694 1774 707 1784 .

425 1738 566 1785 clari.
597 1738 707 1788 193.

485 1800 728 1846 Macarius
753 1800 1018 1859 )Egyptius
1048 1802 1365 1849 innocentem
1389 1814 1416 1846 a
1437 1814 1585 1859 pcena
1611 1801 1871 1850 homicidii
1900 1802 2022 1851 libe-

425 1865 514 1909 rat.
546 1863 651 1925 194.
674 1865 712 1909 Α
736 1868 934 1909 mortuo
958 1867 1006 1910 et
1026 1864 1223 1923 sepulto
1252 1865 1594 1911 testimonium
1624 1865 1863 1922 exposcit.
1891 1864 2021 1915 Ibid.

422 1924 700 1986 Virginem_
725 1925 935 1986 magicis
981 1926 1173 1973 artibus
1223 1938 1402 1986 equam
1436 1926 1593 1972 visam
1633 1927 1740 1973 oleo
1764 1928 2025 1975 benedicta

422 1987 621 2035 liberat.
656 1983 790 2035 Ibid.
828 1986 946 2035 Oleo
989 1983 1438 2036 benedicto'aliam
1463 1988 1685 2046 puellam
1710 1994 1871 2047 sanat,
1898 1995 1945 2035 et
1968 1992 2020 2036 in

421 2050 587 2095 virum
612 2050 775 2095 vertit.
800 2049 905 2097 195.
932 2049 1230 2097 Hieracitam
1255 2050 1544 2097 hmreticum
1562 2052 1621 2097 ad
1645 2052 1829 2098 mortui
1859 2053 2025 2099 susci-

422 2112 660 2170 tationem
686 2110 740 2157 in
765 2110 884 2157 ﬁdei
903 2112 1243 2159 testimonium
1262 2116 1515 2170 provocat.
1541 2110 1671 2160 Ibid.
1687 2114 1935 2160 Mortuum
1962 2115 2023 2161 ad

421 2168 535 2219 iidei
560 2173 903 2231 probationem
930 2175 1153 2223 suscitat.
1182 2168 1293 2224 196.

478 2236 720 2282 Macarius
738 2235 1113 2283 Alexandrinus
1139 2236 1319 2283 ultima
1342 2236 1521 2282 deserti
1547 2240 1813 2286 scrutatur.
1842 2238 1950 2287 196.
1984 2242 2023 2285 A

418 2298 645 2343 daemone
657 2298 716 2343 ad
735 2297 1002 2344 Collectam
1021 2304 1241 2355 vocatur,
1265 2299 1373 2347 198.
1392 2299 1537 2344 Videt
1551 2300 1801 2345 daamones
1827 2301 2018 2347 λειωθ-

418 2372 536 2417 pum
568 2359 732 2416 specie
764 2359 993 2405 Collectis
1052 2360 1310 2408 interesse.
1379 2357 1512 2407 Ibid.
1552 2361 1709 2406 Variae
1732 2362 2019 2408 daemonum

417 2421 761 2477 suggestiones
803 2425 1025 2478 tempore
1068 2423 1311 2468 orationis
1353 2421 1414 2466 ab
1448 2434 1506 2467 eo
1537 2421 1859 2481 deteguntur.
1884 2420 2019 2472 Ibid.

421 2483 583 2529 Merita
613 2487 657 2527 et
684 2482 923 2529 demerita
945 2484 1456 2539 communicantium,
1482 2488 1529 2529 et
1546 2483 1812 2533 illusiones
1835 2484 2022 2533 dieme-

421 2556 540 2591 num
567 2544 719 2591 vxdet.
762 2545 867 2593 199.

478 2606 717 2653 Macarius
748 2605 881 2652 idem
912 2605 1294 2653 Alexandrinus
1318 2609 1365 2657 S.
1413 2607 1618 2655 Antonii
1644 2608 1944 2668 discipulus,
1973 2616 2018 2657 et

418 2669 594 2716 Ruﬁno
612 2668 840 2725 junctus.
864 2671 974 2717 271.
993 2670 1194 2716 Aridam
1216 2676 1374 2716 sanat.
1389 2668 1522 2719 Ibid.
1538 2672 1679 2718 Caeco
1692 2672 1855 2718 visum
1872 2674 2018 2719 resti-

419 2731 530 2779 tuit.
543 2732 651 2779 272.
682 2730 790 2784 Qua
814 2732 1005 2777 ratione
1028 2744 1191 2778 caecus
1213 2745 1241 2777 a
1264 2734 1480 2779 caicitate
1502 2732 1742 2780 liberatus
1774 2734 1855 2782 sit.
1881 2732 2014 2786 Ibid.

420 2795 588 2840 Οωοιιε
599 2792 729 2838 redit
745 2804 858 2838 cum
877 2793 1015 2839 omni
1038 2794 1185 2840 domo
1197 2806 1305 2851 sua,
1330 2799 1382 2840 ut
1410 2795 1596 2854 gratias
1619 2800 1747 2852 agat.
1771 2793 1902 2844 Ibid.
1931 2798 2017 2844 Ca-

427 2855 553 2901 tulos
577 2858 694 2917 ante
721 2854 833 2917 ejus
857 2854 1008 2913 pedes
1030 2869 1059 2901 a
1102 2858 1262 2903 Leone
1307 2858 1495 2915 positos
1526 2869 1555 2902 a
1592 2859 1810 2903 caacitate
1832 2859 2014 2917 pariter

421 2920 580 2966 curat.
770 2917 1092 2982 _Regreditur
1127 2919 1188 2965 ad
1215 2913 1384 2982 ipsum
1407 2921 1568 2965 Leana
1602 2932 1718 2965 cum
1743 2913 2012 2982 leunculis,

418 2984 568 3037 atque
592 2980 733 3025 aii‘ert
755 2977 887 3025 dono
930 2981 1176 3038 plurimas
1200 2980 1354 3038 pelles
1378 2981 1567 3027 lanatas
1596 2981 1788 3032 ovium.
1814 2979 1945 3032 Ibid.

484 3040 950 3089 Macedonianorum
976 3055 1130 3088 error.
1154 3043 1265 3091 253.

480 3102 974 3168 Macedonius_._252.
1020 3104 1163 3151 Pauli
1208 3104 1378 3168 locoa
1422 3105 1707 3153 Constantio
1740 3106 2009 3168 Episcopus

422 3167 735 3225 subrogatus.
759 3163 893 3214 Ibid.
919 3166 1041 3223 Ejus
1063 3172 1220 3225 gesta.
1252 3167 1362 3216 253.

480 3228 777 3275 Manducare
817 3235 1011 3276 recusat
1034 3228 1235 3288 Paulus,
1280 3229 1381 3277 nisi
1407 3229 1651 3278 Dominus
1670 3235 1824 3291 curet,
1856 3244 2005 3291 quem

418 3291 682 3339 desiderat.
711 3292 818 3340 205.

476 3352 739 3399 Manichaei
770 3351 1107 3401 conciliabula
1130 3353 1381 3405 Ecclesia.
1412 3357 1516 3408 102.

473 3415 862 3462 Manichaaorum
884 3428 1039 3464 error.
1069 3420 1174 3467 105.

474 3478 651 3524 Manus
674 3477 989 3536 Christi,qui.
1021 3482 1095 3529 i3.

474 3540 740 3586 Marcionis
766 3540 987 3586 haeretici
1013 3542 1258 3601 iniquitas
1288 3543 1349 3591 de
1372 3545 1488 3593 Deo.
1514 3545 1626 3595 102.

473 3601 626 3647 Maria
650 3602 803 3659 Virgo
829 3602 883 3647 in
909 3607 1054 3659 partu
1077 3605 1383 3663 incorrupta.
1412 3609 1489 3654 72.
1518 3608 1596 3655 73.

476 3663 793 3709 Matrimonia
815 3663 876 3707 ad
893 3664 1017 3720 quid
1042 3664 1291 3715 instituta.
1317 3670 1398 3715 57.

476 3724 736 3770 Matthams
758 3724 1060 3781 Ethiopiam
1078 3727 1140 3772 ad
1164 3729 1611 3786 evangelizandum
1634 3732 1868 3781 mittitur.
1892 3734 2002 3783 230.

412 3789 457 3835 et
479 3799 585 3835 sea.

474 3799 671 3916 ftegdvia
703 3847 1058 3916 Saracenorum
1100 3850 1265 3916 gentis
1294 3852 1469 3912 regina
1505 3858 1663 3902 vastat
1684 3856 1881 3916 imperii
1906 3858 2006 3904 Ro-

408 3911 1057 3979 mani__provin_cias._27_5.
1095 3913 1239 3979 Orata
1267 3911 1404 3977 pace,
1444 3929 1545 3964 non
1581 3917 1727 3965 aliter
1756 3911 2000 3979 concedit,

406 3973 505 4040 nisi
538 3972 966 4040 MoysesEremita
989 3974 1073 4020 fiat
1099 3972 1455 4040 Saracenorum
1480 3979 1776 4040 Episcopus.
1802 3980 1939 4030 Ibid.

465 4037 711 4100 Maximus
731 4035 1155 4100 Jerosoiymorum
1193 4039 1487 4100 Episcopus.
1512 4035 1621 4091 2.55.

465 4097 739 4166 hii-iniimus,
753 4098 861 4144 sive
881 4098 1184 4166 Maximinus
1226 4097 1511 4166 Praefectus.
1551 4107 1662 4155 283.
1687 4108 1806 4166 Ejus
1826 4108 2002 4159 litterae

404 4159 465 4233 ad
491 4160 899 4233 Valentinianum
936 4172 1026 4219 pro
1063 4162 1183 4233 Fide
1211 4165 1475 4233 catholica.
1501 4169 1608 4233 287.
1632 4159 1996 4233 itaiimappro-

404 4223 682 4290 pinquante
701 4221 917 4281 Iustina,
934 4234 1077 4290 curn
1092 4225 1195 4272 tilio
1228 4239 1282 4273 se
1305 4226 1423 4287 fuga
1452 4230 1682 4290 proripit.
1708 4230 1840 4282 Ibid.

464 4285 517 4329 In
542 4284 701 4331 Medio
723 4295 833 4331 esse
857 4284 1002 4343 quid.
1025 4286 1103 4335 32.

464 4347 688 4413 Mel_eti_us
716 4346 1468 4413 ΔοοιιῐξιξΑ(ἰεξειιιβίίιμ-Αῐιιίοειιὶεςειι
1509 4353 1784 4413 Episcopus
1804 4364 1999 4408 creatur

405 4413 514 4480 post
537 4409 967 4480 EudoxiuniL251.
995 4411 1308 4461 Catholicum
1332 4415 1512 4475 dogma
1533 4409 1834 4480 prsidi—cans,
1854 4435 2000 4470 exsu-

402 4469 506 4517 lare
524 4472 737 4530 cogitur.
773 4471 883 4520 252.

462 4533 643 4605 Meletii
683 4537 948 4605 sectatores
986 4536 1041 4583 in
1066 4536 1278 4586 exilium
1303 4538 1438 4600 pulsi
1464 4542 1676 4592 minime
1699 4558 1750 4593 se
1771 4547 1996 4605 jungunt

403 4593 762 4641 Eustathianis.
790 4595 903 4645 257.

462 4658 679 4704 Membra
703 4657 904 4718 Christi,
930 4661 1020 4718 qui
1051 4660 1301 4710 dicantur.
1330 4666 1406 4713 14.

460 4695 1276 4778 ﬁéidIéuvﬁi'EEEie‘ﬁE‘u‘S-CW
1361 4695 1480 4778 T25.

460 4781 595 4828 Mens
618 4784 805 4839 nostra,
831 4786 1081 4841 quomodo
1110 4793 1310 4844 generat
1332 4791 1570 4840 Verbum.
1597 4793 1674 4842 58.
1701 4794 1787 4843 59.

462 4844 601 4889 Mens
630 4855 807 4890 serena
829 4847 1046 4904 Spiritus
1070 4849 1233 4896 Sancti
1273 4851 1635 4904 habitaculum.
1669 4858 1773 4905 127.

460 4906 695 4969 Mercator
719 4905 1097 4969 Alexandrinus
1118 4914 1303 4960 saeculo
1332 4916 1604 4966 renuntiat.
1632 4920 1740 4969 181.
1766 4919 1994 4969 Feliciter

396 4967 624 5015 moritur.
650 4964 783 5015 Ibid.

458 5032 648 5081 Merces
672 5028 792 5076 boni
816 5033 999 5090 operis.
1028 5036 1106 5085 32.

458 5094 639 5139 Merces
661 5092 777 5137 Filii
804 5092 909 5141 Dei.
947 5096 1025 5143 31.

458 5155 708 5221 Meropius
731 5155 1067 5221 P_h_ilosophus
1100 5159 1292 5209 Indiam
1317 5164 1559 5221 pervadit.
1586 5168 1671 5217 231
1701 5170 1874 5217 Secum
1900 5171 1992 5220 du-

394 5218 465 5289 ευ
482 5217 728 5289 puerulos
748 5217 983 5289 Edesium
1009 5217 1439 5289 etfrumenti—um.
1470 5226 1601 5278 Ibid.
1628 5232 1748 5289 Ejus
1768 5217 1988 5282 navis—ad

391 5279 715 5344 Barbarorum
737 5286 936 5344 portum
957 5282 1219 5344 applicuit.
1245 5282 1381 5337 Ibid.
1407 5289 1627 5344 Quorum
1646 5279 1837 5340 crudeli
1864 5279 1986 5344 con:

393 5296 715 5325 barbarorum
737 5296 936 5337 portum
957 5296 1219 5389 aplpucuit.
1245 5296 1381 5337 Ibid.
1407 5296 1627 5344 Quorum
1646 5296 1837 5340 crudeli
1864 5308 1983 5344 con-

393 5341 663 5407 suetudine
684 5342 955 5407 occiditur.
981 5343 1007 5390 I
1042 5343 1116 5393 id.
1140 5346 1287 5407 Pueri
1313 5349 1637 5400 Barbarorum
1664 5354 1983 5407 miseratione

391 5404 573 5451 servati
597 5403 660 5449 ad
684 5404 860 5462 Regem
883 5404 1158 5457 ducuntur.
1184 5406 1317 5457 Ibid.

451 5465 759 5533 Metrodorus
778 5467 1119 5533 Philosophus
1135 5471 1331 5519 indiam
1358 5480 1601 5533 penetrat.
1620 5480 1728 5530 231.

451 5527 674 5590 Minerva
688 5527 749 5574 de
770 5529 906 5575 Jovis
928 5532 1128 5578 cerebro
1156 5538 1272 5580 nata
1293 5527 1531 5589 creditur.
1560 5542 1637 5590 74.

452 5588 1010 5667 Miia-biliitsanctorum
1033 5596 1406 5659 Monachorum,
1432 5601 1521 5659 qui
1539 5588 1807 5653 fueruntin
1832 5607 1981 5667 IEgy-

388 5651 770 5715 pto.__27i._272.
796 5654 843 5697 et
864 5664 968 5715 seq.

453 5710 748 5786 iiii-aculam
771 5710 940 5786 crucis
959 5716 1172 5786 Christi._
1185 5721 1298 5786 229.
1336 5726 1381 5771 et
1402 5737 1505 5786 seq.

452 5771 750 5836 Miraculum
781 5775 842 5836 ad
879 5788 1047 5834 preces
1069 5771 1319 5835 mulieris.
1342 5771 1450 5836 251.

455 5832 723 5880 Monachus
737 5832 944 5892 quidam
962 5837 1133 5897 lapsus
1153 5855 1211 5891 ex
1238 5832 1572 5905 vana'gloria.
1606 5854 1708 5902 129.
1730 5854 1982 5913 Decipitur

1971 338 2198 393 INDEX

3610 337 3733 394 1192

2138 467 2167 498 a
2189 452 2385 499 diabolo
2421 449 2587 509 specie
2610 449 2859 499 mulieris.
2886 448 3025 501 Ibid.
3049 453 3296 513 Deceptus
3339 453 3584 501 irridetur
3607 454 3736 501 δυε-

2136 515 2392 562 monibus.
2421 513 2525 575 130.
2549 513 3107 575 Desperatussazculum
3132 516 3313 575 repetit
3357 513 3499 565 Ibid.

2196 575 2423 624 Monachi
2451 574 2659 632 plurimi
2702 587 2766 621 ex
2808 574 3014 624 viciniis
3059 574 3202 636 Cplis
3235 577 3611 627 Macedoniam.
3633 580 3718 627 223

2134 639 2358 686 Monachi
2385 636 2519 695 apud
2542 637 2960 695 Mesopotamiam.
3004 640 3115 689 2'79.

2194 700 2420 748 Mouachi
2465 710 2592 757 opus
2625 700 2935 757 praecipuum
2964 713 3126 749 orare.
3154 703 3267 751 127.

2195 763 2383 826 Montes
2415 766 2780 826 permanentes,
2803 765 2913 826 qui.
2930 764 3010 813 44.
3036 768 3082 811 et
3103 775 3212 826 seq.

2193 825 2433 871 Montium
2458 822 2754 872 benedictio.
2780 825 2856 873 45.

2192 887 2390 933 Morbus
2417 885 2654 943 corporis,
2681 887 2867 934 animas
2888 888 3145 947 purgatio.
3177 890 3289 938 123.

2201 950 2329 997 Mors
2352 946 2557 1007 Christi,
2581 948 2865 995 daemonum
2898 951 3177 1007 oppressio.
3209 952 3290 1000 10.

2190 1018 2316 1064 Mors
2338 1023 2427 1069 pro
2450 1010 2692 1070 mercede,
2725 1010 2921 1057 Christo
2944 1012 3098 1059 illata.
3128 1014 3205 1062 85.

2189 1077 2347 1125 Motus
2376 1072 2571 1135 species
2595 1078 2709 1119 tres.
2735 1074 2812 1119 27.
2844 1076 2889 1119 et
2911 1085 3016 1135 seq.

2188 1139 2346 1187 Motus
2371 1133 2553 1179 animas
2578 1136 2693 1182 tres.
2717 1136 2797 1183 28.

2188 1205 2378 1256 Moyses
2405 1196 2553 1244 Abas.
2587 1198 2696 1245 277.

2187 1267 2379 1319 Moyses
2402 1258 2673 1304 Monachus
2708 1257 2946 1317 insignis.
2971 1260 3081 1308 275.
3111 1261 3420 1319 Exposcitur
3444 1260 3728 1319 Episcopus.

2125 1323 2260 1375 Ibid.
2289 1320 2494 1367 Ducitur
2534 1319 2905 1378 Alexandriam,
2944 1334 3045 1380 quo
3068 1324 3302 1370 sacerdos
3351 1323 3729 1371 initietur.276.

2125 1383 2303 1437 Benuit
2325 1382 2551 1429 ordinari
2573 1395 2603 1428 a
2625 1382 2776 1429 Lucio
2791 1383 3147 1433 Alexandrina:
3162 1385 3302 1432 sedis
3326 1386 3587 1432 invasere.
3605 1382 3730 1433 Ibid.

2126 1445 2465 1498 Sacerdotium
2488 1443 2728 1507 sumitab
2752 1444 3007 1507 Episcopis
3040 1447 3455 1507 Coniessoribus,
3486 1460 3617 1506 quos
3638 1450 3732 1494 Lu-

2126 1514 2237 1560 cius
2263 1514 2315 1558 in
2341 1507 2576 1553 exsilium
2603 1505 2821 1556 miserat.
2843 1503 2974 1556 Ibid.

2188 1569 2411 1621 Mulieris
2437 1568 2734 1617 Christianas
2756 1570 2968 1627 captiva;
2982 1570 3248 1618 miraculis
3271 1572 3416 1619 Ibera
3435 1583 3559 1631 gens
3595 1572 3733 1621 Chri-

2125 1637 2443 1683 stianismum
2478 1632 2728 1693 suscepit.
2766 1632 2875 1680 233.
2912 1632 3033 1693 Ejus
3057 1634 3333 1693 pervigiles
3361 1633 3733 1681 obsecrationes

2126 1700 2187 1746 ad
2205 1700 2359 1747 Deum
2384 1692 2583 1739 Barbari
2608 1694 2877 1741 mirantur.
2901 1692 3036 1744 Ibid.
3058 1692 3334 1743 Parvulum
3360 1696 3564 1742 sanitati
3588 1700 3731 1743 resti-

2128 1762 2242 1823 tuit,
2266 1767 2613 1823 superponens
2629 1755 2845 1823 Cilicio,_
2837 1760 2883 1802 et
2896 1756 3143 1823 invocans
3164 1759 3353 1806 Christi
3367 1770 3572 1805 nomen.
3597 1756 3724 1806 Ibid.

2125 1817 2307 1871 Benuit
2347 1817 2571 1864 conferre
2613 1829 2666 1864 se
2711 1817 2773 1863 ad
2818 1819 3059 1877 Reginam
3103 1821 3365 1868 Iberorum
3387 1825 3725 1878 agrotantem.

2123 1883 2257 1933 Ibid.
2288 1885 2448 1943 Ipsam
2472 1879 2757 1943 seiRegina
2794 1879 2974 1927 deferri
2995 1883 3059 1943 ad
3079 1894 3190 1943 eam
3207 1882 3376 1943 jubet,
3400 1895 3430 1927 a
3450 1896 3552 1941 qua
3579 1895 3726 1929 sana-

2124 1952 2223 2014 tur.
2251 1941 2361 1997 234.
2380 1942 2532 2014 Quid
2542 1942 2779 2014 Reginam
2803 1941 3154 2014 monetalbid.
3176 1946 3277 1991 Rex
3309 1941 3375 1991 ob
3397 1948 3610 1992 salutem
3634 1947 3725 1992 lle-

2125 2012 2257 2069 gina)
2287 2004 2471 2067 gratias
2499 2003 2714 2062 Captivos
2746 2005 2867 2064 agit.
2891 2001 3023 2051 Ibid.

2186 2068 2409 2134 Mulieris
2431 2065 2646 2134 mirifica
2658 2066 2773 2134 fidei
2800 2066 3188 2134 alacritas._27é.
3210 2068 3483 2134 Prasfectus
3509 2080 3617 2134 eam
3643 2081 3725 2126 ap-

2122 2132 2367 2192 prehendi
2387 2128 2546 2186 jubet.
2567 2126 3004 2192 IbidrCommotus
3020 2131 3133 2188 ejus
3147 2132 3431 2177 constantia
3456 2128 3721 2177 Praefectus

2121 2190 2182 2242 ad
2222 2193 2463 2243 Palatium
2495 2202 2609 2237 cum
2646 2190 2818 2251 cilicio
2831 2192 3125 2251 regreditur.
3149 2194 3259 2242 275.
3287 2195 3638 2251 Imperatorem
3660 2194 3723 2238 de

2121 2259 2231 2315 ejus
2254 2258 2439 2303 virtute
2458 2252 2750 2315 alloquitur.
2775 2249 2909 2301 Ibid'.

2184 2317 2406 2367 Mulieris
2429 2314 2685 2361 calumnia
2710 2315 2763 2360 in
2793 2317 2841 2377 S.
2875 2315 3230 2366 Athanasium.
3262 2320 3375 2367 244.
3395 2317 3461 2363 De
3485 2316 3594 2377 ipsa
3618 2329 3713 2363 non

2120 2382 2422 2441 permittitur
2444 2378 2719 2441 inquirere.
2736 2375 2865 2441 245,

2182 2443 2359 2491 Mulier
2381 2440 2702 2487 semimortua
2726 2439 2910 2487 Christi
2941 2452 3089 2488 cruce
3108 2447 3334 2489 sanatur.
3361 2442 3470 2493 229.

2181 2506 2352 2552 Mundi
2390 2501 2536 2550 corde
2558 2502 2807 2560 quomodo
2836 2503 2991 2549 Deum
3016 2504 3239 2553 videant.
3272 2506 3380 2553 128.

2180 2568 2384 2625 Mutius,
2403 2576 2491 2612 seu
2515 2564 2652 2609 Pater
2674 2564 2858 2610 Mutius
2881 2565 3172 2625 oiimrlatro.
3191 2570 3300 2616 160.
3329 2566 3722 2621 Divinituscon-

2115 2631 2326 2676 vertitur
2354 2624 2406 2675 in
2431 2630 2545 2673 actu
2576 2625 2929 2675 latrocinandi.
2974 2624 3107 2677 Ibid.
3143 2630 3220 2676 Ad
3248 2629 3523 2681 Ecclesiam
3544 2637 3723 2683 deduci

2113 2692 2346 2750 postulat.
2372 2686 2507 2736 Ibid.
2528 2688 2822 2751 Baptizatur.
2847 2686 2984 2738 Ibid.
3006 2690 3189 2751 Tribus
3213 2693 3365 2751 primi
3408 2698 3593 2744 Psalmi
3611 2712 3719 2744 ver-

2111 2749 2291 2800 siculis
2314 2753 2589 2799 instructus
2618 2749 2680 2794 ad
2703 2762 2928 2797 eremum
2953 2751 3074 2799 abit.
3089 2749 3228 2801 Ibid;
3245 2755 3521 2806 Radicibus
3535 2761 3714 2806 herba-

2112 2830 2224 2862 rum
2241 2815 2448 2863 victitat.
2487 2813 2596 2861 161.
2612 2812 2721 2857 Post
2737 2817 2925 2871 septem
2944 2826 3195 2861 annorum
3214 2817 3577 2867 abstinentiam
3589 2824 3712 2869 Scri-

2110 2884 2282 2937 pturas
2305 2874 2555 2925 divinitus
2578 2874 2742 2937 discit.
2776 2872 2909 2923 Ibid.
2940 2877 3103 2923 Semel
3128 2878 3183 2923 in
3216 2878 3532 2930 hebdomada
3551 2886 3722 2930 Domi-

2110 2935 2225 2986 nico
2248 2940 2330 2987 die
2364 2950 2503 3002 pane
2528 2935 2896 3002 molitusallato
2918 2940 3161 2997 pascitur.
3187 2938 3322 2991 Ibid.
3349 2945 3588 2992 Studium
3614 2948 3720 3002 ejus

2107 2994 2795 3065 mortuos_s_e_peliendi.Ibid.
2822 3002 2861 3046 Α
2885 2994 3083 3047 mortuo
3125 3001 3377 3065 discipulo
3423 2994 3718 3065 responsum

2109 3064 2269 3115 audit.
2295 3061 2428 3111 Ibid.
2448 3061 2608 3108 Solem
2633 3060 2782 3119 sistit,
2802 3074 2865 3108 ne
2880 3067 3029 3109 noctu
3044 3060 3285 3114 ambulet.
3312 3069 3422 3116 162.
3451 3060 3717 3117 osculatus

2110 3131 2383 3191 mortuum,
2426 3123 2590 3191 ab__eo
2611 3122 2696 3191 __de
2732 3123 2846 3169 vita;
2869 3123 3119 3191 desiderio
3153 3139 3449 3186 responsum
3473 3134 3715 3191 exposcit.

2109 3185 2244 3238 Ibid.
2268 3184 2389 3246 Ejus
2409 3184 2721 3233 orationibus
2751 3197 2803 3231 se
2832 3188 3166 3246 commendat.
3195 3184 3300 3239 163.
3327 3184 3569 3241 nocenter
3588 3209 3715 3241 mor-

2108 3255 2251 3297 tuum
2275 3245 2629 3309 sepeliendum,
2667 3248 2829 3296 vestit.
2857 3245 2991 3295 Ibid.
3026 3249 3262 3298 Iuducias
3283 3256 3532 3303 morituro
3558 3259 3713 3304 trium

2105 3308 2354 3359 annorum
2401 3310 2465 3357 ad
2500 3308 2844 3369 pmnitendum
2878 3310 3129 3369 impetrat.
3177 3311 3309 3364 Ibid.
3359 3318 3517 3365 Pedes
3539 3320 3709 3366 Nilum

2107 3376 2303 3423 transit.
2336 3370 2472 3422 Ibid.
2500 3371 2686 3437 .lanuis
2722 3371 2910 3437 clausis
2941 3373 3004 3437 ad
3038 3373 3241 3437 Fratres
3263 3378 3574 3437 ingreditur.
3610 3384 3717 3432 164.

2106 3439 2219 3485 Post
2243 3435 2565 3484 hebdomadis
2571 3433 2826 3492 jejunium
2841 3435 2990 3493 panis
3001 3436 3048 3481 ei
3066 3436 3130 3481 ab
3145 3433 3556 3496 ignotobirertur.
3577 3444 3715 3495 Ibid.

2106 3501 2297 3548 Aurum
2323 3512 2353 3545 a
2375 3499 2606 3545 Dzamone
2635 3499 2890 3543 ostensum
2913 3499 3211 3548 contemnit.
3238 3499 3377 3551 Ibid.

2167 3561 2508 3621 Myrmidones
2527 3572 2585 3606 ex
2610 3558 2798 3617 quibus
2822 3560 2947 3608 nati.
2973 3562 3050 3608 74.

2168 3624 2418 3683 Myrrhato
2437 3622 2557 3670 vino
2579 3621 2807 3670 Christus
2831 3626 3029 3680 potatus
3049 3626 3144 3674 est.
3171 3625 3251 3676 88.

2168 3809 2412 3859 Nativitas
2438 3810 2635 3871 triplex.
2661 3811 2738 3861 46.

2166 3872 2422 3949 Securi-ius
2434 3888 2505 3949 ex
2518 3876 2730 3949 Praetori}
2748 3874 2942 3949 Urbano
2957 3877 3138 3949 adhuc
3155 3881 3565 3949 Catechumenus
3592 3890 3705 3949 Epi-

2102 3947 2285 3993 scopus
2300 3935 2754 3995 Constantinopolis
2780 3938 3058 3988 ordinatur.
3083 3943 3193 3993 291.

2164 3998 2315 4045 Nemo
2339 3999 2392 4045 in
2410 3999 2503 4047 hoc
2523 3998 2709 4046 saaculo
2731 3999 3105 4059 despiciendus.
3133 4008 3244 4055 180.

2165 4060 2393 4124 hleophiti
2421 4065 2564 4124 caute
2587 4061 2640 4107 in
2658 4061 2857 4109 Clarum
2884 4064 3174 4124 adeptandi.
3208 4071 3321 4119 225.

2165 4122 2447 4181 Nephtalim
2469 4123 2837 4183 interpretatur.
2864 4126 2941 4175 40.

2164 4184 2855 4261 Ιξξεξξιξωηίξςθὶρξᾳωριαω.
2899 4190 3007 4261 224ἐ
3045 4191 3303 4241 Νἱοωιιιιιῃ
3329 4198 3637 4261 Concilium,
3660 4208 3709 4247 et

2102 4246 2343 4310 Capones.
2368 4243 2500 4295 Ibid.
2526 4251 2572 4294 et
2586 4243 2715 4310 seqf
2728 4261 2891 4308 usque
2909 4253 3023 4299 227.

2161 4309 2330 4355 Nitriae
2346 4309 2718 4368 monasterium,
2746 4311 2880 4358 unde
2906 4312 3117 4365 dictum.
3146 4318 3254 4366 186.

2162 4370 2338 4419 Nitria.
2363 4372 2475 4421 278.

2160 4432 2478 4544 Etetzzttiaggg,
2501 4434 2706 4494 quando
2735 4436 2796 4482 ad
2835 4436 3105 4485 Ecclesium
3135 4440 3423 4506 redeuntes,
3450 4448 3701 4506 suscipere

2097 4499 2335 4555 oporteat.
2362 4499 2477 4544 226.

2159 4558 2330 4622 iiovatl
2356 4558 2579 4622 haaresis.
2617 4560 2726 4610 103.
2751 4564 2798 4608 et
2829 4572 2938 4622 seq.

2160 4620 2380 4685 ﬁovatus
2394 4620 2550 4680 lapsis
2572 4620 2919 4680 paenitentiam
2952 4624 3183 4685 denegat.
3210 4632 3321 4679 104.

2158 4682 2340 4728 Novitii
2366 4681 2420 4730 in
2443 4695 2544 4743 quo
2565 4685 2785 4732 maxime
2813 4685 3037 4734 laborare
3060 4681 3293 4742 debeant.
3320 4696 3429 4743 128.

2870 4772 2924 4837 Ο

2156 4868 2389 4935 Occidere
2412 4870 2666 4935 hominem
2690 4885 2793 4919 non
2822 4886 3018 4935 semper
3041 4876 3402 4930 criminosum.
3430 4882 3535 4932 105.

2157 4931 2302 4978 Oculi
2327 4931 2530 4992 Christi,
2566 4934 2673 4993 qui.
2712 4936 2788 4984 13.

2158 4993 2345 5040 Oculus
2368 4995 2509 5041 solus
2530 5008 2683 5054 capax
2713 4996 2842 5045 lucis
2860 5002 2951 5048 est.
2989 5001 3070 5050 76.

2155 5054 2273 5118 Oleo
2292 5056 2549 5118 benedicto
2574 5060 2696 5118 tegri
2720 5065 2980 5108 sanantur.
3015 5064 3126 5111 122.
3153 5063 3308 5110 Visus
3333 5067 3536 5116 mulieri
3558 5073 3692 5118 resti-

2094 5114 2438 5191 tuiturnlbid.
2460 5114 2686 5191 Tertiana
2709 5121 2863 5191 febris
2892 5124 3115 5183 pellitur.
3142 5127 3254 5178 123.
3281 5129 3456 5177 Puella
3478 5114 3688 5191 sanatur,

2092 5185 2139 5227 et
2164 5180 2216 5226 in
2242 5180 2407 5227 virum
2442 5181 2672 5231 vertitur.
2708 5184 2816 5234 189.

2151 5242 2394 5301 Olympus
2428 5243 2703 5291 Gentilium
2734 5246 2856 5296 dux.
2892 5248 3001 5297 292.

2155 5299 2467 5365 Οιὶοιόῦσιον.
2501 5306 2612 5356 252.

2145 5365 2419 5429 Ομοούσιον
2453 5368 2596 5426 quid.
2621 5369 2729 5417 224.

2145 5429 2311 5501 gratio
2333 5431 3103 5501 communicationissymbolum
3119 5438 3259 5497 apud
3285 5440 3681 5501 .Bgyptios.122.

2145 5490 2379 5556 Ordinari
2404 5504 2549 5539 nemo
2575 5497 2730 5556 potest
2754 5490 2861 5543 nisi
2870 5497 2932 5542 de
2964 5490 3169 5546 licentia
3193 5501 3277 5548 sui
3299 5490 3561 5556 ordinarii.
3578 5490 3676 5555 226.

2144 5553 2385 5622 Origenes
2407 5555 2684 5622 monachus
2710 5556 2877 5622 bonus
2892 5558 3250 5622 laudatusque.
3277 5567 3392 5617 191.

2144 5614 2294 5674 Origo
2327 5617 2697 5675 Apostolorum.
2729 5621 2805 5668 40.

2144 5675 2481 5745 Οχγιᾚιοὴμε
2500 5680 2743 5745 civitasin
2768 5681 3019 5731 Thebaide
3043 5685 3196 5745 plena
3211 5693 3555 5743 monasteriis.
3578 5696 3675 5742 141.

2082 5741 2128 5812 et
2152 5750 2255 5801 seq.
2275 5740 2473 5812 _Ej_us.in
2492 5741 2587 5812 {ide
2609 5742 2886 5812 integritas.
2913 5749 3024 5798 142.
3045 5740 3171 5812 item
3197 5740 3675 5812 hospitalitasdibid.

2078 5802 2216 5911 in“?
2238 5802 2421 5912 Sig-ign
2444 5803 2608 5850 millia
2643 5803 2922 5870 virginum,
2948 5813 2995 5856 et
3033 5808 3210 5860 decem
3237 5802 3406 5863 millia
3429 5802 3681 5868 monacho-
