3866 6206
166 256 319 310 1193

982 374 1034 436 Ρ

231 464 490 510 Panibus
517 463 802 511 Monachus.
831 465 942 513 278.

227 525 399 592 Panis
423 526 639 592 coalitus
654 526 808 592 datus
831 527 886 572 tit
906 539 966 573 ex
994 527 1227 591 candido,
1241 533 1538 580 remissione
1553 533 1803 592 accipien-

164 586 252 644 tis,
287 586 553 636 deterior.
577 588 687 636 134.

233 650 408 695 Panis
436 655 568 697 Aser
595 649 847 707 quomodo
870 650 1078 709 pinguis
1101 651 1303 704 dicitur.
1332 658 1410 706 39.

228 712 379 757 Pnne
408 712 684 759 benedicto
708 717 951 758 sanantur
972 713 1113 771 :egri.
1143 717 1249 766 175.

228 773 581 839 Paphnutius
598 773 869 839 Episcopus
892 774 1226 839 etAConl'essor
1247 778 1484 839 insignis.
1511 782 1621 829 221.
1650 780 1806 825 Verbo

160 835 454 882 daamones
482 837 702 894 fugabat.
720 834 853 883 Ibid.
879 837 1004 883 Aliae
1027 838 1136 894 ejus
1160 834 1385 890 virtutes:
1422 839 1555 888 Ibid.
1585 843 1730 888 Favet
1754 844 1804 889 S.

159 898 492 952 Athanasio,
518 903 564 944 et
587 897 852 944 Maximum
875 901 1053 947 avocat.
1073 914 1099 946 e
1123 903 1477 952 conciliabula.
1504 906 1614 952 241.

230 960 581 1019 Paphnutius
603 964 725 1017 orat,
754 964 805 1005 nt
828 961 1079 1007 reveletur
1102 963 1165 1022 ei,
1192 966 1273 1011 cui
1305 967 1369 1011 sit
1392 966 1599 1012 similis.
1625 967 1734 1013 176.
1750 964 1805 1010 Ei

160 1022 617 1080 symphoniacus,
642 1034 731 1085 seu
770 1022 951 1069 tibicen
996 1030 1239 1082 aequatur.
1279 1026 1411 1076 Ibid.
1437 1030 1555 1074 Item
1581 1034 1807 1085 protoco-

162 1096 301 1141 mes,
331 1097 435 1130 seu
468 1085 571 1130 vici
596 1084 884 1142 primarius.
916 1087 1015 1133 177.
1056 1087 1150 1134 Nec
1180 1102 1280 1135 non
1308 1094 1548 1137 mercator
1584 1084 1805 1136 Alexan-

160 1144 390 1193 drinus.
428 1148 541 1194 178.

226 1208 429 1253 Partus
455 1207 624 1253 omnis
648 1220 707 1252 ex
734 1207 891 1253 tribus
915 1212 1118 1254 constat.
1148 1213 1223 1261 73.

232 1270 528 1334 Parvulus,
552 1268 699 1325 cujus
720 1270 858 1334 salus
880 1268 1243 1334 deplorabatur,
1259 1275 1492 1334 precibus
1508 1274 1802 1322 Christianae

163 1331 425 1377 mulieris
451 1335 676 1378 sanatur.
704 1332 815 1378 250.

234 1393 392 1439 Pater
418 1393 542 1439 Filii
566 1398 717 1452 pater.
747 1393 822 1440 57.
850 1392 929 1439 58.

232 1456 391 1501 Pater
416 1454 675 1514 quomodo
698 1454 761 1500 sit
785 1453 901 1499 Filii
926 1459 1193 1513 pater,non
1215 1459 1611 1506 discutiendum.
1627 1461 1703 1508 59.
1719 1460 1797 1508 60.

233 1518 508 1581 Paulinus
530 1520 848 1581 consecratur
871 1518 1210 1581 Antiochenns
1238 1522 1469 1581 Episcop.
1495 1522 1606 1571 254.

230 1579 393 1625 Pauli
422 1580 735 1626 Samosateni
765 1590 916 1623 error.
956 1580 1060 1628 104.

237 1641 448 1688 Paulus
493 1640 706 1698 simplex
735 1641 1041 1688 convertitur
1063 1644 1322 1690 occasione
1344 1645 1581 1691 adulterii
1609 1644 1798 1691 uxoris.

165 1704 286 1751 202.
356 1703 412 1748 Β.
469 1702 745 1765 Antonium,
782 1701 901 1765 adit.
950 1701 1083 1750 Ibid.
1120 1706 1423 1765 Simpliciter
1455 1707 1637 1754 obedit.
1663 1705 1797 1754 Ibid.

166 1766 336 1822 Opere
378 1776 633 1827 manuum
658 1764 980 1827 solitudinem
1002 1764 1259 1814 uelandam
1284 1768 1438 1827 docet;
1478 1770 1583 1818 203.
1607 1769 1803 1815 Silentii

168 1828 488 1872 observator
512 1825 749 1883 insignis.
773 1823 907 1872 Ibid.
940 1827 1246 1876 Obedienlize
1261 1823 1802 1887 variisoperibnsexer-

166 1894 348 1940 cetur.
368 1889 493 1936 204.
518 1887 735 1933 Antonio
758 1888 940 1933 virtute
963 1892 1220 1946 potentior.
1249 1890 1379 1939 Ibid.
1396 1893 1674 1939 Dtemonem
1692 1906 1803 1939 ora-

170 1951 320 1996 tione
348 1949 514 2008 pellit.
540 1950 650 1997 205.
680 1949 764 1995 Dei
786 1949 992 1996 deliciae.
1012 1949 1144 2000 Ibid.

237 2012 408 2059 Pedes
442 2011 771 2071 Christi,qui.
807 2012 877 2058 13.

238 2074 593 2120 Perfectornm
621 2078 774 2133 pater,
802 2072 1042 2120 Christus.
1080 2077 1159 2123 47.

238 2135 592 2182 Perfectorum
619 2135 813 2180 solidus
835 2134 996 2184 cibus.
1024 2139 1099 2186 16.
1131 2141 1211 2187 17.

238 2198 487 2261 Pericula
516 2196 668 2257 varia,
696 2197 896 2261 (Egypti
911 2201 1211 2261 monasteria
1230 2201 1455 2258 visitare,
1482 2204 1571 2261 qui
1599 2202 1797 2260 volunt,

174 2260 405 2324 subeant
432 2271 633 2305 necesse
654 2263 745 2304 est.
771 2260 1020 2324 206.7207.
1046 2264 1092 2307 et
1114 2275 1220 2324 seq.

240 2322 620 2429 Persaeupaiicem
646 2325 871 2378 poscunt.
884 2322 992 2370 267.
1015 2322 1341 2382 Componitur
1364 2326 1418 2371 in
1435 2324 1801 2385 vigintinovem

240 2397 369 2429 nos.
470 2397 489 2428 ι
535 2419 546 2429 .

174 2395 369 2430 annos.
405 2395 546 2429 ιοια.

242 2445 561 2502 Persecutio,
584 2457 697 2502 qua)
714 2442 811 2488 fuit
832 2445 966 2501 apud
991 2445 1242 2496 Edessam.
1280 2451 1389 2497 274.

246 2507 472 2553 Phaenix
496 2507 607 2551 siue
629 2505 843 2562 conjuge
867 2506 1102 2554 nascitur.
1131 2511 1207 2558 73.

247 2569 628 2615 Pharisaeorum
655 2568 833 2626 ﬁgura.
852 2568 931 2615 27.
1556 2608 1559 2609 ν

246 2630 525 2677 Philemon
535 2629 775 2676 choraula
792 2630 1158 2678 famosissimns
1169 2633 1489 2691 Apollonium
1509 2637 1713 2691 injuriis
1726 2636 1804 2683 la-

178 2693 360 2739 cessit.
393 2694 506 2741 183.
533 2691 1512 2755 MansuetudineApolloniiconvertitnr.
1535 2691 1664 2745 Ibid.
1685 2698 1802 2755 Ejus

181 2755 430 2801 conversi
448 2756 599 2801 zelus.
620 2750 751 2800 Ibid.
780 2750 984 2810 Ignibus
1006 2768 1122 2801 cum
1147 2758 1410 2815 Apollonio
1438 2761 1662 2805 traditur.
1688 2750 1799 2810 184.

184 2818 317 2863 Cum
359 2816 541 2863 eodem
564 2817 616 2861 in
648 2817 765 2874 igne
790 2816 1058 2863 incolumis
1082 2823 1281 2875 perstat.
1309 2818 1439 2867 Ibid.
1473 2823 1524 2868 In
1549 2834 1684 2868 mare
1712 2822 1801 2869 de-

183 2879 462 2986 llnbezgitur.
495 2876 631 2925 Ibid.
676 2879 867 2934 Corpus
896 2879 1006 2936 ejus
1028 2879 1279 2927 illibatum
1307 2882 1459 2930 littori
1504 2883 1799 2933 restituitur.

248 2954 267 2985 ι
316 2975 329 2986 .

248 2954 329 2986 ιιι.

249 3002 523 3048 Piammon
563 3001 823 3059 Presbyter
867 3001 999 3048 videt
1035 3002 1281 3061 Angelum
1302 3005 1445 3061 juxta
1474 3007 1644 3053 altare.
1685 3008 1792 3055 205.

184 3063 408 3110 Paenitet
430 3076 545 3109 cum
576 3063 935 3122 peccatoribus.
950 3061 1083 3111 Ibid.
1117 3066 1454 3115 Verberatnsa
1478 3068 1799 3116 Daemonibus

184 3130 406 3171 sanatur
430 3125 493 3170 ab
515 3125 734 3184 Angelis.
762 3127 871 3175 206.

250 3187 585 3253 Piraterium,
602 3188 876 3253 piratarum
898 3188 1219 3253 conspiratio.
1246 3191 1322 3238 37.
1338 3193 1384 3237 et
1406 3203 1512 3253 seq.

250 3249 669 3308 Pithagoreorum
695 3249 981 3296 concilium.
1009 3250 1118 3297 103.

252 3310 523 3369 Pithyrion
543 3312 589 3354 S.
627 3311 831 3359 Antonii
854 3311 1151 3368 discipulus.
1180 3314 1287 3361 172.
1313 3313 1798 3363 Clarns‘dlscretione

183 3369 635 3431 spirituumJbid.
664 3372 759 3425 Qui
790 3373 1044 3418 daemones
1061 3375 1793 3434 expellendisint,docet.1bid.

257 3434 568 3480 Paenitentia
590 3434 871 3481 Theodosii.
896 3435 1005 3482 289.
1042 3437 1086 3480 et
1109 3448 1213 3496 seq.

250 3497 544 3542 Penitentes
579 3495 669 3553 qui
694 3498 995 3555 moriuntur,
1021 3495 1297 3545 vacni’non
1327 3499 1661 3547 dimittantur.
1686 3503 1795 3551 237.

238 3559 479 3623 Pretium
507 3558 858 3623 unusquisque
878 3559 1063 3623 animae
1074 3572 1179 3605 suae
1194 3562 1533 3623 consequitur,
1551 3576 1664 3610 cum
1682 3576 1797 3609 con-

182 3620 520 3679 cupiscentia)
544 3619 851 3668 satisfecerit.
878 3617 958 3670 77.

249 3683 499 3739 Princeps
522 3694 580 3727 ex
603 3682 732 3727 Juda
751 3681 921 3728 deesse
942 3694 1041 3728 non
1065 3683 1258 3741 poterit.
1286 3688 1362 3734 17.

251 3744 499 3802 Princeps
521 3755 749 3789 caussam
769 3744 972 3789 concilii
1000 3746 1146 3791 refert
1164 3746 1225 3791 ad
1251 3746 1411 3804 Episc.
1438 3748 1549 3797 218.

252 3806 452 3851 Probus
475 3805 755 3862 Prtsfectus,
780 3806 989 3865 ejusque
1008 3807 1258 3855 industria
1279 3814 1326 3855 et
1349 3809 1488 3858 fides.
1514 3811 1623 3859 284.

252 3866 627 3913 Protlcientinm
658 3867 937 3925 proprium.
963 3870 1039 3918 35.

252 3929 585 3990 Protocomes,
610 3942 698 3975 seu
726 3929 824 3974 vici
837 3930 1409 3991 primarius,Paphnntio
1426 3936 1792 3991 sequatur.177.

188 3992 244 4055 in
270 3991 597 4055 matrimonio
618 3991 821 4055 triginta
837 3992 990 4055 annis
1001 3994 1285 4055 continens.
1308 3996 1416 4042 178.
1436 3995 1555 4052 Ejus
1574 3996 1797 4055 hospita-

186 4053 306 4115 l_i_tas_
336 4056 387 4099 et
409 4052 757 4115 eleemosynze.
768 4049 898 4115 Ibid.
920 4054 1151 4110 Ejusdem
1168 4049 1791 4115 incorruptnmjudicium.

189 4111 323 4163 Ibid.
376 4115 569 4161 Smculo
600 4112 851 4161 valedicit.
888 4116 995 4164 179.
1023 4117 1076 4161 In
1105 4128 1325 4162 eremum
1350 4111 1402 4165 se
1426 4111 1629 4165 confert.
1656 4117 1773 4166 Ibid

188 4177 312 4283 Ejus
335 4176 561 4284 qgigam
585 4176 649 4222 ab
671 4176 876 4234 Angelis
897 4176 952 4222 in
977 4176 1161 4223 coelum
1179 4176 1378 4238 deferri,
1396 4180 1530 4226 videt
1556 4181 1793 4239 Paphnu-

212 4251 315 4284 ius.
405 4252 425 4284 ι
469 4272 481 4284 .

193 4239 315 4286 tius.
345 4237 481 4285 Ibid.

252 4299 552 4364 Provincize,
576 4312 690 4364 quas
735 4299 953 4364 Thomas,
990 4300 1234 4364 Matthreo,
1278 4302 1632 4351 Bartholomaao
1668 4308 1793 4364 Apo-

187 4362 333 4408 stolis
367 4362 431 4408 ad
458 4361 872 4409 annuntiandum
898 4362 1148 4409 Christum
1171 4364 1501 4415 obvenerunt.
1526 4367 1633 4416 230.

253 4424 438 4533 Puezllza;
452 4437 482 4469 a
509 4425 735 4471 daamone
757 4428 1039 4470 sanctorum
1054 4426 1403 4474 Confessorum
1420 4429 1652 4487 precibus
1674 4429 1794 4475 libe-

269 4498 319 4533 a.
446 4520 459 4533 .

194 4491 319 4536 rata.
347 4488 459 4534 274.

254 4549 528 4594 Puerorum
552 4546 703 4612 ludus
731 4546 1039 4596 imitantium
1052 4549 1353 4608 Episcopum
1365 4554 1413 4599 et
1428 4565 1542 4612 quae
1561 4553 1614 4600 in
1631 4554 1793 4601 Eccle-

189 4607 283 4655 siis
298 4613 559 4667 geruntur.
587 4610 697 4658 257.

256 4672 392 4718 Pulli
416 4670 636 4733 nomine,
667 4672 791 4729 quid
817 4672 1149 4731 intelligatur.
1177 4676 1253 4724 17.
1288 4677 1360 4724 18.

254 4733 436 4779 Pullus
459 4732 839 4783 asinaa'Christi.
879 4737 953 4781 11.
981 4737 1055 4783 12.

256 4794 547 4853 Pyramides
566 4795 865 4854 Mempheos.
888 4797 989 4844 182.

968 4882 1022 4953 Q

254 4972 661 5033 Quadragesima)
692 4972 815 5019 dies.
843 4975 921 5021 21.

256 5034 352 5089 Qui
377 5039 525 5082 natus
550 5040 623 5082 est
646 5034 707 5081 de
731 5033 918 5092 Spiritu
942 5035 1119 5081 Sancto
1140 5047 1200 5081 ex
1223 5035 1375 5082 Maria
1402 5036 1624 5096 Virgine.
1653 5040 1728 5085 71.

967 5120 1028 5182 R

258 5210 401 5256 Ratio
426 5211 600 5258 Crucis
623 5224 723 5257 non
752 5208 988 5257 omnibus
1014 5223 1114 5257 una
1137 5210 1413 5270 eademque
1435 5218 1523 5261 est.
1550 5215 1628 5262 81.

259 5271 448 5329 Regina
490 5272 744 5319 Iberorum
788 5271 1227 5320 Christianismum
1258 5274 1571 5333 amplecitur.
1605 5275 1716 5324 234.
1750 5282 1796 5323 et

196 5343 484 5453 “(Regnum
518 5408 618 5442 non
643 5396 697 5441 in
726 5408 966 5455 sermone,
992 5397 1077 5444 sed
1100 5396 1153 5442 in
1185 5396 1367 5443 virtute
1388 5397 1632 5446 consistit.
1663 5400 1769 5447 218.

260 5457 485 5515 Regnum
506 5457 645 5504 Judae
672 5455 818 5515 regis.
848 5461 922 5507 11.

262 5519 484 5578 Regnum
508 5520 751 5566 castorum
773 5519 1014 5565 fermento
1037 5523 1367 5577 comparatur.
1395 5521 1474 5567 64.

258 5580 498 5640 Religiosi
530 5580 722 5628 mundo
743 5581 984 5640 illudunt,
1009 5582 1337 5628 saecularibus
1358 5581 1581 5627 mundus
1602 5581 1792 5630 illudit.

202 5640 594 5817 igelitquigo
640 5705 850 5751 Joannis
886 5704 1116 5764 Baptista)
1138 5704 1271 5764 apud
1295 5703 1648 5753 Alexandriam
1668 5718 1791 5753 con-

290 5778 346 5813 va
371 5780 436 5816 aa.
569 5804 581 5814 .

259 5777 413 5814 rvataa
425 5802 436 5816 .
473 5777 581 5816 301.

486 5853 776 5909 PATROL.
815 5852 985 5908 XXI.

1301 260 1688 312 VERBORUM
1724 261 1813 311 ET
1848 260 2427 312 SENTENTIARUM.

3374 260 3507 315 1194

1969 400 2215 447 Remissio
2244 406 2555 458 peccatorum
2578 415 2666 461 per
2692 404 3116 451 communionem.
3144 405 3253 453 155.

1969 464 2301 524 Renuntiasse
2330 463 2524 510 diabolo
2546 466 2710 524 quid?
2737 467 2842 515 126.

1970 523 2199 582 Reposita
2221 538 2335 583 qua:
2359 523 2631 573 dicuntur?
2665 529 2743 577 10.
2770 531 2847 576 11.

1968 587 2182 644 Requies
2206 587 2351 644 bona,
2378 587 2619 634 Christus.
2647 591 2723 638 31.

1967 648 2295 695 Restitutione
2322 649 2440 694 furti
2464 655 2667 696 sanatur
2692 652 2908 698 rabidus.
2936 655 3043 701 203.

1966 711 2284 757 Resnrrectio
2303 711 2485 758 Christi
2511 713 2764 769 probatur.
2791 716 2869 763 92.

1969 773 2361 819 Resurrectionis
2387 773 2571 820 Christi
2598 775 2773 831 ﬁgura.
2800 778 2876 822 10.

1966 835 2270 881 Resurrectio
2311 836 2477 880 carnis
2498 835 2856 893 scripturarum
2879 841 2924 884 et
2945 836 3099 882 variis
3120 835 3501 882 auctoritatibus

1907 896 2156 954 probatur.
2186 899 2295 945 111.
2321 900 2427 945 112.
2456 900 2501 943 el
2524 910 2630 958 seq.

1968 959 2278 1004 Resnrrectio
2298 971 2326 1002 a
2346 958 2532 1016 quibus
2558 963 2783 1016 negetur.
2814 963 2915 1008 111.

1968 1020 2365 1066 Resurrectionis
2387 1021 2565 1067 virtus.
2594 1022 2702 1069 112.

1968 1084 2065 1127 ltex
2102 1083 2275 1128 Iberus
2298 1081 2351 1127 in
2378 1083 2641 1128 venatione
2661 1082 2986 1140 periclitatur.
3013 1084 3119 1131 234.
3149 1082 3223 1128 Fit
3248 1084 3497 1132 Christia-

1908 1156 2018 1190 nus.
2051 1140 2179 1190 Ibid.
2210 1143 2439 1189 Nondum
2464 1145 2621 1190 sacris
2642 1145 2888 1205 initiatus,
2907 1147 2958 1191 tit
2979 1158 3083 1191 snas
3106 1145 3266 1202 gentis
3288 1149 3498 1205 Aposto-

1905 1180 2976 1262 ἤι’ὲῖ’ρ’ἔῖὶῗξεὲὲῖἷιῖίῖῐὶὑυῖὲέἱιὶιέἷέιῖἱῗὶὲἴᾰ.

1964 1267 2255 1313 Rhodanins
2278 1268 2331 1313 in
2354 1268 2590 1313 exsilium
2607 1269 2835 1315 mittitur.
2863 1270 2973 1319 249.

1963 1329 2135 1375 Ruben
2173 1329 2354 1386 prioris
2378 1332 2568 1390 populi
2615 1331 2794 1389 ﬁgura,
2823 1345 2912 1378 seu
2938 1344 3165 1390 persons.
3193 1332 3271 1379 25.
3304 1330 3501 1379 Paterni

1903 1390 2027 1435 thori
2050 1392 2339 1437 maculatur.
2365 1389 2496 1437 Ibit.
2524 1393 2625 1440 Cur
2647 1393 2695 1438 ei
2715 1393 2910 1451 aliquid
2937 1394 3104 1441 laudis
3136 1394 3387 1440 tribuitur.
3418 1393 3495 1439 26.

1962 1452 2132 1498 Ruben
2159 1454 2467 1500 temerarius.
2490 1455 2565 1503 26.
2592 1454 2797 1513 Mystice
2820 1456 2960 1513 quid.
2986 1453 3122 1505 Ibid.

2678 1592 2720 1654 S

1959 1752 2164 1799 Sabellii
2187 1752 2409 1797 haeresis.
2434 1752 2543 1800 256.

1963 1814 2245 1860 Sacerdotes
2270 1815 2325 1860 in
2348 1814 2560 1860 lberiam
2587 1814 2871 1862 mittuntur.
2899 1817 3009 1863 242.

1962 1877 2244 1922 Sacerdotes
2279 1876 2411 1922 unde
2435 1875 2609 1923 exorti.
2636 1876 2711 1923 27.

1962 1938 2296 1985 Sacerdotium
2328 1949 2429 1983 non
2457 1943 2636 1983 temere
2657 1938 3054 1995 suscipiendum.
3088 1940 3190 1987 128.

1962 1999 2209 2047 Salustius
2231 1999 2422 2046 Juliani
2449 2000 2847 2049 Prazl'ectus.261.
2875 2000 3188 2047 Theodorum
3212 2000 3498 2049 adolescen-

1902 2068 1994 2109 tem
2018 2060 2286 2170 crqgegter
2310 2066 2503 2120 torquet
2524 2075 2554 2107 a
2572 2063 2737 2120 prima
2760 2062 2871 2108 luce
2897 2074 3059 2121 usque
3080 2063 3141 2109 ad
3160 2063 3333 2110 horam
3359 2064 3497 2111 deci-

1902 2137 2049 2170 mam.
2148 2137 2166 2169 ι
2209 2159 2221 2170 .

1900 2137 2049 2171 mam.
2087 2137 2221 2171 una.

1963 2186 2268 2233 Samosateni
2293 2186 2431 2232 Pauli
2455 2185 2728 2231 concilium
2752 2184 3002 2232 vanitatis.
3040 2188 3144 2235 103.

1962 2249 2187 2293 Sanctam
2210 2248 2478 2294 Ecclesium
2502 2248 2798 2293 catholicam
2824 2248 3149 2307 credendum,
3175 2261 3275 2294 non
3299 2248 3353 2295 in
3378 2264 3498 2297 sau—

1902 2315 2030 2357 ctam
2056 2310 2347 2357 Ecclesiam.
2373 2311 2480 2357 101.

1963 2372 2178 2429 Sanguis
2213 2385 2327 2419 cum
2378 2383 2511 2429 aqua
2533 2375 2561 2417 e
2600 2371 2749 2418 latere
2773 2370 2957 2418 Christi
2993 2371 3045 2418 in
3068 2384 3216 2419 cruce
3240 2373 3493 2431 proﬂuxit.

1903 2435 2012 2483 186.
2038 2437 2085 2480 et
2112 2446 2217 2483 sea.

1964 2447 2667 2541 gctfi‘sgginciferianorum.
2696 2496 2807 2543 257.

1963 2556 2247 2603 Scribarum
2271 2561 2433 2614 typus.
2466 2557 2542 2603 27.

1962 2618 2228 2676 Scriptnree
2258 2618 2447 2664 divinas
2468 2616 2816 2677 intelligentia,
2843 2617 2975 2664 unde
3003 2617 3232 2675 petenda.
3262 2619 3368 2667 279.

1960 2680 2171 2738 Scyrion
2196 2680 2484 2726 Monachus.
2510 2681 2619 2727 278.

1962 2743 2110 2788 Secta:
2136 2745 2231 2787 tres
2263 2755 2321 2788 ex
2344 2741 2610 2787 schismate
2632 2739 2757 2787 Arii.
2780 2741 2890 2788 253.

1961 2803 2153 2849 Semita:
2180 2804 2400 2862 nomine,
2426 2802 2547 2859 quid
2579 2801 2911 2859 intelligatur.
2941 2802 3016 2850 35.

1960 2866 2145 2911 Sensus
2166 2864 2298 2922 pulli
2327 2865 2530 2911 nomine
2555 2863 2876 2921 intelligitur.
2908 2865 2982 2910 17.

1961 2928 2197 2984 Serapion
2223 2927 2392 2973 decem
2437 2926 2656 2973 millium
2704 2925 3057 2972 Monachorum
3099 2929 3252 2983 pater.
3297 2927 3403 2974 182.
3440 2927 3497 2972 Ut

1896 2989 2202 3048 pauperibus
2237 2989 2517 3048 subveniat,
2553 3000 2669 3034 cum
2703 2987 2883 3033 iisdem
2914 2998 3111 3044 operam
3149 2999 3292 3032 suam
3317 2988 3495 3035 messis

1901 3047 2116 3109 tempore
2141 3050 2310 3097 elocat.
2350 3047 2482 3096 Ibid.

1959 3113 2154 3171 Serapis
2199 3111 2437 3167 templum
2476 3110 2610 3168 apud
2656 3108 3006 3159 Alexandriam
3039 3109 3355 3159 describitur.
3383 3110 3493 3161 293.

1894 3176 2002 3224 294.
2051 3178 2097 3220 et
2131 3187 2233 3236 seq.
2276 3172 2501 3220 Nominis
2523 3176 2724 3236 etymon
2759 3176 2803 3236 et
2827 3172 3096 3236 corruptio.
3123 3173 3230 3219 297.
3269 3174 3495 3236 Simula-

1896 3238 2075 3283 chrum
2099 3234 2216 3293 ejus
2238 3235 2464 3282 caeditur.
2484 3234 2591 3282 295.
2620 3234 2739 3291 Ejus
2765 3234 2870 3279 loco
2892 3234 3187 3292 martyrium
3206 3238 3251 3281 et
3278 3234 3494 3282 Ecclesia

1896 3299 2185 3345 aediﬁcatur.
2203 3299 2310 3346 301.
2330 3299 2494 3344 Totius
2505 3294 2641 3341 orbis
2655 3295 2924 3341 Christiani
2950 3295 3133 3352 plausu
3157 3301 3489 3345 consecratur.

1894 3362 2001 3408 303.
2036 3361 2231 3417 Dejecto
2263 3358 2515 3417 Serapidis
2549 3357 2702 3417 idolo,
2739 3362 2915 3404 czelera
2938 3355 3055 3403 fana
3090 3358 3366 3405 diruuntur
3392 3371 3490 3404 non

1894 3424 2055 3468 solum
2096 3421 2425 3477 Alexandria},
2465 3419 2552 3465 sed
2597 3419 2745 3465 etiam
2780 3432 2867 3477 per
2893 3422 3039 3464 totam
3065 3420 3350 3479 .Egyptum.
3381 3421 3489 3469 302.

1895 3485 1984 3530 Pro
2018 3482 2271 3541 Serapidis
2294 3484 2526 3539 Thorace,
2555 3481 2742 3539 ubique
2764 3481 2968 3539 signum
3002 3482 3273 3527 Dominicis
3312 3482 3386 3529 cis
3415 3483 3495 3529 de-

1896 3547 2105 3604 pictum.
2134 3542 2272 3591 Ibid.
2298 3548 2343 3590 et
2360 3556 2466 3604 seq.

1955 3607 2208 3664 Serpentis
2230 3602 2537 3664 acceptioues
2553 3602 2721 3650 varias.
2750 3604 2827 3655 33.
2855 3604 2932 3653 34.

1959 3668 2172 3717 Sicinini
2201 3668 2449 3714 basilicas.
2479 3667 2587 3715 283.

1958 3731 2111 3778 Sidon
2137 3733 2343 3776 venator
2376 3729 2583 3775 dicitur.
2610 3729 2688 3776 29.

1956 3793 2113 3850 Signa
2136 3793 2197 3837 ab
2221 3791 2425 3838 Antonii
2451 3789 2717 3847 discipulis
2740 3789 2881 3835 facta.
2920 3789 3030 3838 279.

1955 3855 2167 3913 Signum
2202 3852 2484 3911 spiritualis
2502 3851 2765 3912 profectus,
2781 3864 2880 3897 non
2905 3851 3039 3897 affici
3068 3852 3360 3902 mundanis.
3384 3855 3488 3903 147.

1955 3916 2222 3963 Silentium
2267 3914 2619 3961 Monachorum
2668 3913 3068 3959 Tabennensium
3114 3918 3329 3972 tempore
3361 3914 3489 3962 refe-

1890 3976 2218 4029 ctionis.141.
2249 3975 2450 4023 Silentii
2475 3977 2760 4021 observator
2784 3974 3000 4033 insignis
3038 3976 3223 4022 Paulus
3255 3977 3489 4036 simplex.

1955 4098 2259 4159 Simplicitas
2286 4099 2420 4159 ﬁdei,
2444 4101 2688 4157 quantum
2714 4097 2915 4144 virtutis
2939 4098 3133 4145 habeat.
3160 4100 3268 4149 291.

1952 4164 2066 4209 Sion
2087 4162 2160 4217 in,
2186 4162 2267 4207 die
2284 4161 2468 4221 jndicli
2490 4160 2784 4207 salvationis
2809 4164 2943 4206 tutus
2966 4161 3491 4220 locusmysticelnter—

1926 4229 2130 4271 retatur.
2154 4223 2259 4273 179.
2466 4258 2473 4265 .

1892 4238 2130 4284 premtur.
2154 4238 2259 4273 1'19.
2466 4258 2473 4265 .

1954 4286 2166 4333 Siricius
2183 4285 2378 4332 Damasi
2404 4296 2677 4330 successor.
2713 4283 2822 4333 291.

1955 4348 2257 4395 Solitudinis
2280 4346 2618 4393 commodum.
2638 4346 2744 4395 120.

1952 4412 2169 4456 Somnus
2192 4408 2538 4455 leoncnlorum
2566 4406 2846 4453 triduanns.
2877 4410 2921 4455 7.
2947 4409 2992 4457 8.

1955 4474 2070 4519 Sors
2093 4472 2235 4530 quid.
2262 4472 2338 4520 32.

1952 4534 2168 4580 Sortiurn
2194 4534 2415 4589 nomine,
2441 4530 2673 4578 mandata
2698 4530 2782 4576 Dei
2815 4531 3034 4588 intelligi
3064 4537 3292 4591 possunt.
3317 4536 3392 4584 33.

1953 4596 2208 4655 Spiridion
2233 4593 2448 4654 Cyprius
2471 4592 2817 4655 Episcopnsin
2840 4594 3017 4640 ordine
3031 4596 3388 4654 prophetarum
3401 4597 3494 4643 ha-

1889 4650 2041 4705 bitus.
2072 4659 2182 4707 222.
2211 4650 2391 4703 Ov'ium
2417 4650 2597 4702 Pasior.
2638 4650 2769 4701 Ibid.
2802 4650 3048 4711 Ejusdem‘
3070 4650 3331 4705 miracula.
3356 4655 3488 4707 Ibid.

1888 4723 1936 4767 et
1955 4733 2064 4782 seq.
2093 4720 2158 4765 De
2186 4719 2373 4782 Spiritu
2396 4719 2572 4782 Sancto
2588 4716 2857 4782 decretum.
2886 4718 2993 4766 255.

1958 4778 2090 4829 Stola
2110 4781 2313 4839 Christi,
2341 4794 2430 4839 pro
2453 4778 2687 4825 Ecclesia.
2713 4780 2791 4827 11.
2817 4780 2891 4827 12.

1955 4844 2102 4891 Stolaa
2125 4843 2439 4901 acceptiones
2456 4841 2626 4887 variae.
2652 4840 2727 4888 16.
2755 4842 2834 4889 17.

1953 4905 2138 4952 Stolam
2161 4917 2303 4951 suam
2328 4903 2381 4948 in
2403 4903 2733 4965 vinolavare,
2746 4901 2897 4965 quid.
2926 4904 3004 4952 17.
3032 4906 3078 4951 et
3100 4915 3202 4965 seq.

1952 4967 2295 5015 Subsistentias
2331 4969 2427 5011 tres
2452 4965 2504 5009 in
2531 4964 2643 5010 Deo.
2671 4964 2777 5011 256.

1954 5028 2240 5075 Substantla
2276 5027 2360 5074 Del
2385 5026 2690 5082 incorporea.
2720 5025 2793 5073 76.

1954 5090 2255 5137 Substantia)
2278 5092 2325 5135 et
2351 5087 2689 5134 subsistentia:
2713 5086 3007 5137 ditferentia.
3042 5092 3153 5140 256.

1954 5152 2248 5211 Symbolum
2282 5150 2624 5209 Apostolorum
2662 5161 2753 5194 cur
2775 5150 3071 5210 confectum,
3096 5155 3143 5197 et
3164 5149 3384 5208 quando.
3410 5153 3487 5199 54.

1894 5216 1967 5265 55.
1999 5217 2045 5260 et
2066 5226 2170 5265 seq.

1958 5249 1967 5259 .
1999 5228 2045 5260 et
2066 5228 2170 5275 seq.

1956 5277 2009 5322 In
2036 5275 2274 5335 Symbolo
2297 5287 2386 5320 cur

1958 5334 2249 5396 Symbolum
2279 5336 2406 5382 inter
2428 5335 2632 5382 milites.
2661 5334 2738 5381 54.

1956 5400 2249 5457 Symbolum
2268 5399 2402 5455 justo
2425 5398 2498 5458 sic
2525 5399 2753 5442 vocatum
2777 5397 2866 5439 est.
2893 5399 2939 5441 et
2970 5408 3073 5458 seq.
3091 5397 3164 5445 55.

1958 5456 2249 5517 svmbolum
2277 5461 2426 5506 etiam
2447 5456 2695 5505 indicium
2727 5462 2949 5507 vocatur.
2976 5456 3053 5507 54.

1959 5522 2191 5580 Symeon.
2216 5522 2295 5570 26.
2319 5522 2376 5569 27
2388 5555 2398 5565 .

1953 5582 2369 5641 Symphoniacus,
2400 5582 2508 5628 sive
2542 5581 2744 5642 tibicen,
2775 5581 3057 5639 Paphnutio
3083 5585 3327 5641 aequatur.
3383 5579 3491 5630 176.

1892 5645 2019 5704 Ante
2056 5646 2198 5702 latro,
2248 5644 2465 5701 virginis
2517 5644 2611 5689 Deo
2656 5644 3004 5691 consecranda-
3040 5644 3278 5704 pudorem
3304 5646 3488 5690 tuetur.

1892 5703 2025 5754 Ibid.
2051 5705 2290 5751 Aliiictam
2316 5704 2552 5766 feminam
2584 5705 2903 5766 eleemosyna
2913 5703 3071 5765 juvat.
3088 5704 3495 5758 177.Triennalis

1889 5769 2004 5825 ejus
2024 5766 2335 5828 pcenitentia.
2364 5762 2498 5813 Ibid.
2532 5768 2678 5813 Beate
2701 5762 2931 5817 moritur.
2954 5767 3084 5819 Ibid.

3071 5857 3141 5914 38

2409 5271 2639 5332 quaedam
2674 5271 2880 5327 adjecta.
2907 5273 2984 5322 55.
3016 5274 3095 5323 56.
