3866 6206
443 318 578 371 1195

504 433 679 489 Syrus,
724 430 899 488 Isaias,
924 434 969 476 et
993 429 1175 477 Paulus
1200 427 1393 487 navigii
1434 427 1682 475 auxilium
1720 427 1781 472 ad
1807 428 1899 472 iter
1922 438 2031 471 ora-

440 494 574 540 tione
599 494 885 552 impetrant.
915 492 1020 540 167.
1212 558 1262 620 Τ

500 688 692 733 Taurus
735 686 893 732 Filius
938 685 1025 732 Dei
1081 686 1135 731 in
1168 685 1536 744 Scripturarum
1591 684 1768 741 ﬁguris
1808 682 2030 741 appella-

444 756 540 803 tur,
564 749 641 797 27.

498 812 689 858 Taurus
713 810 850 856 varie
873 806 1130 867 accipitur.
1164 808 1243 857 33.
1270 810 1314 854 et
1337 820 1440 869 seq.

498 873 757 932 Templum
781 870 1253 929 Jerosolymltanum
1277 873 1550 928 reparatur.
1588 869 1694 917 262.

497 930 756 993 Templum
792 934 1083 991 miriﬁcum,
1129 932 1217 979 ubi
1262 946 1384 978 crux
1429 936 1620 989 reperta
1653 935 1743 983 est.
1790 930 2036 976 construi-

440 1004 538 1045 tur.
562 999 672 1045 229.

497 1032 733 1104 Teii-abre
756 1053 1089 1104 densissimas.
1116 1055 1225 1104 256.

497 1119 744 1167 Tenebras
772 1118 938 1165 fuisse
975 1118 1029 1163 in
1054 1117 1241 1165 Christi
1272 1122 1429 1163 morte
1460 1116 1521 1163 ab
1546 1118 1666 1163 hora
1688 1120 1843 1169 sexta,
1867 1128 2031 1173 usque

435 1182 495 1227 ad
522 1182 693 1227 horam
720 1193 903 1227 nonam
927 1179 1185 1237 probatur.
1211 1179 1289 1228 86.
1317 1181 1394 1227 87.

492 1245 647 1301 Terga
676 1243 792 1289 dare
830 1243 943 1289 Deo.
968 1243 1012 1289 7.

498 1307 647 1352 Terra
667 1305 838 1351 omnia
862 1303 1070 1359 habens,
1109 1315 1242 1360 quae.
1270 1304 1345 1349 47.

500 1369 662 1415 Terrae
688 1367 893 1413 nomine
916 1378 1031 1412 caro
1056 1364 1243 1412 Christi
1268 1367 1427 1422 potest
1448 1363 1658 1422 mystice
1689 1362 1926 1421 intelligi.
1956 1364 2030 1411 44.

500 1431 663 1475 Terra)
686 1433 851 1475 motus
872 1428 1127 1473 maximus
1149 1425 1493 1483 Jerosolymis.
1517 1426 1627 1475 263.
1652 1429 1699 1472 et
1719 1438 1825 1487 seq.

500 1491 801 1537 Testamenti
825 1490 1017 1536 Veteris
1041 1494 1087 1534 et
1111 1488 1233 1535 Novi
1260 1487 1505 1533 librorum
1530 1500 1775 1534 numerus
1800 1491 1847 1534 et
1870 1487 2031 1533 nomi-

439 1568 519 1608 na.
549 1556 655 1602 101.
693 1555 798 1601 102.

496 1618 864 1663 Testamentum
885 1617 1028 1659 vetus
1052 1624 1142 1671 per
1166 1611 1499 1659 concubinam
1525 1611 1843 1668 intelligitur.
1863 1611 1940 1658 41.

497 1676 785 1725 Theodorus
816 1676 1021 1733 juvenis
1056 1679 1243 1733 quanta
1269 1677 1512 1720 tormenta
1543 1674 1609 1719 sit
1631 1686 1828 1731 passus.
1854 1674 1965 1722 261.
1990 1675 2035 1719 et

436 1752 542 1802 seq.
579 1737 835 1802 Reclpitur
872 1737 1215 1802 incarcerem.
1261 1733 1395 1784 Ibid.
1422 1736 1738 1781 Postmodum
1765 1738 1913 1781 notus
1937 1736 2031 1781 Ru-

438 1799 539 1849 ﬁn'o
564 1801 698 1858 apud
718 1799 1052 1845 Antiochiam.
1086 1799 1198 1848 262.

497 1862 807 1909 Theodosius
819 1874 991 1907 necem
1004 1860 1227 1907 Gratiani
1252 1858 1532 1907 ulciscitur.
1552 1860 1661 1907 288.
1676 1860 1840 1906 Roma)
1858 1859 2032 1905 trium-

435 1926 556 1984 phat
576 1925 637 1970 de
661 1925 911 1982 Tyranno.
925 1921 1061 1969 Ibid.
1084 1922 1609 1984 Thessalonicensium
1627 1922 1900 1984 multorum
1916 1934 2035 1984 nece

440 1980 596 2033 unius
628 1980 930 2032 occisionem
968 1984 1149 2030 militis
1174 1984 1453 2030 ulciscitur.
1492 1980 1624 2029 Ibid.
1650 1983 1755 2036 Qua
1778 1983 1838 2028 de
1861 1982 2036 2039 argui-

439 2056 567 2095 tura
612 2046 961 2094 Sacerdotibus
1011 2045 1181 2092 Italiae.
1232 2042 1362 2092 Ibid.
1403 2045 1657 2091 Publicam
1691 2045 2036 2103 paenitentiam

435 2112 557 2169 agit.
581 2106 713 2157 Ibid.
753 2110 886 2155 Nova
918 2109 1029 2166 ejus
1063 2108 1159 2165 lex,
1185 2113 1241 2154 ut
1271 2108 1525 2153 exsecutio
1548 2106 1896 2169 Imperialium
1922 2118 2035 2152 sen-

439 2172 705 2218 tentiarum
752 2171 807 2216 in
843 2171 953 2218 dies
978 2170 1182 2228 triginta
1227 2169 1502 2215 diﬁ‘eratur.
1527 2170 1638 2218 289.
1687 2168 1759 2214 Ad
1785 2169 2036 2215 Orientem

436 2247 713 2291 regressus.
759 2232 903 2290 pellit
947 2232 1210 2278 haereticos
1248 2231 1309 2277 ab
1336 2232 1592 2285 Ecclesiis,
1617 2244 1743 2289 quas
1769 2230 2038 2278 Catholicis

438 2296 604 2341 tradit.
623 2292 757 2341 Ibid.
784 2294 904 2351 Ejus
928 2295 1100 2340 multas
1131 2293 1245 2340 alite
1270 2293 1461 2340 laudes.
1488 2290 1623 2339 Ibid.
1648 2292 1900 2338 idolorum
1926 2290 2035 2337 cul-

437 2361 536 2411 tus,
583 2368 641 2402 eo
685 2361 944 2413 regnante,
968 2356 1235 2413 collapsus.
1274 2352 1407 2401 Ibid.
1457 2354 1673 2411 Corripit
1698 2366 1837 2399 arma
1868 2358 2040 2399 contra

436 2417 719 2476 Eugenium
768 2429 859 2474 pro
897 2417 1267 2476 Valentiniano.
1283 2417 1404 2476 304.
1428 2415 1663 2472 Explorat
1687 2428 1775 2472 per
1794 2416 2037 2460 Joannem

433 2474 737 2526 monachum
752 2478 835 2523 Dei
861 2478 1185 2523 voluntatem.
1211 2474 1346 2524 Ibid.
1375 2476 1566 2522 Bellum
1596 2476 1826 2533 jejuniis,
1854 2482 1901 2522 et
1923 2489 2034 2522 ora-

436 2541 863 2601 tionibusimagis,
886 2552 1038 2597 quam
1063 2539 1216 2585 armis
1241 2542 1398 2601 parat.
1425 2535 1554 2601 Ibid.
1574 2538 1809 2596 Confligit
1826 2538 2034 2601 ancipiti

433 2615 623 2662 pugna.
649 2600 792 2650 Idid.
806 2599 1042 2648 Precibus
1066 2601 1127 2647 ad
1142 2603 1299 2647 Deum
1311 2600 1439 2646 fusis
1455 2600 1658 2645 coalitus
1675 2601 1933 2646 victoriam
1945 2599 2037 2645 ob—

434 2666 574 2711 tinet.
589 2665 699 2714 305.
723 2667 768 2710 et
790 2663 1181 2719 scq.Arcadium
1204 2663 1366 2709 ﬁlium
1393 2663 1586 2709 Orienti
1610 2662 1838 2719 praaﬁcit,
1866 2662 2041 2708 Honos

436 2676 574 2711 tinet.
589 2676 699 2714 30.5.
723 2676 768 2710 et
790 2676 843 2710 ac
883 2676 1181 2712 .Arcamum
1204 2676 1366 2709 nuum
1393 2676 1586 2709 urienn
1610 2676 1838 2719 praancu,

436 2728 569 2773 rium
606 2726 820 2772 alterum
844 2676 1008 2772 alium
1035 2724 1311 2773 Occidenti.
1338 2725 1446 2773 306.
1472 2724 1698 2771 Moritur.
1724 2721 1858 2772 Ibid.

496 2788 698 2835 Thema)
738 2786 971 2846 Apostolo
996 2787 1194 2834 Parthia
1216 2786 1278 2833 ad
1302 2787 1387 2833 Dei
1411 2786 1627 2833 Verbum
1654 2786 2033 2844 praedicandum

438 2854 568 2895 sorte
598 2850 795 2908 obtigit.
817 2850 925 2898 230.

416 2912 425 2915 ’
502 2911 703 2958 Titulus
728 2911 902 2959 Crucis
925 2910 1113 2958 Christi
1137 2913 1384 2968 repertus.
1409 2911 1521 2960 228.

503 2973 686 3020 Tribus
710 2972 813 3020 Gad
846 2971 1187 3019 habitaculum
1213 2971 1319 3020 ubi.
1345 2972 1423 3020 37.
1448 2974 1523 3023 38.

504 3035 764 3082 Trinitatis
789 3034 1126 3081 Sanctissimae
1146 3034 1445 3092 cooperatio.
1471 3038 1549 3085 72.
1577 3037 1653 3083 73.

502 3096 725 3143 Tristitia
747 3110 776 3143 a
793 3097 946 3154 justis
966 3096 1110 3142 debet
1145 3095 1337 3142 abesse.
1369 3098 1478 3146 154.

502 3158 675 3229 Turris
694 3158 964 3229 superbire,
988 3162 1037 3229 et
1067 3158 1205 3229 ﬁdei,
1229 3171 1360 3229 quin.
1386 3161 1465 3207 55.

501 3220 672 3280 Typus
703 3221 887 3267 veteris
909 3220 1226 3267 Testamenti.
1248 3222 1325 3270 26.

360 3339 363 3343 _
502 3279 687 3341 Tyrum
713 3280 802 3343 (in)
850 3294 1005 3340 quare
1042 3283 1377 3329 comminatur
1416 3284 1563 3330 Deus.
1591 3279 1642 3334 7.
1667 3283 1823 3343 Apud
1855 3284 2037 3343 Tyrum

439 3345 677 3392 scissura
704 3344 767 3390 ob
790 3344 1060 3392 Diodorum
1096 3345 1417 3405 Episcopum.
1447 3346 1553 3394 291.
1581 3344 1653 3392 Ibl
1678 3346 1811 3394 alius
1834 3345 2035 3405 Episco-

440 3420 536 3464 pus
581 3406 901 3453 constituitur
943 3420 972 3452 a
1014 3404 1307 3454 Meletianis.
1332 3404 1467 3456 Ibid.

1162 3500 1319 3565 U-V

505 3629 688 3677 Valens
708 3629 911 3677 Arianis
934 3630 1083 3679 favet.
1105 3632 1216 3680 268.
1238 3630 1541 3679 Vulneratur
1563 3631 1618 3678 in
1640 3643 1831 3689 pugna.
1855 3630 2037 3681 280.ln

1975 311 2200 367 INDEX

3622 309 3730 364 1196

2141 423 2343 483 tugurio
2366 422 2671 471 incenditur.
2707 420 2839 471 Ibid.

2199 485 2583 533 Valentinianus
2619 486 2821 545 Imperii
2845 485 3041 534 socium
3073 484 3295 533 adscivit
3334 484 3543 531 fratrem
3571 486 3727 533 Valen-

2137 553 2251 595 tem.
2276 551 2385 596 258.
2412 547 2466 593 In
2491 547 2693 606 Illyrico
2709 549 2940 596 moritur.
2967 548 3080 596 284.

2196 609 2582 657 Valentinianus
2603 622 2747 668 puer,
2767 623 2881 657 cum
2908 610 3150 657 Gratiano
3170 608 3327 657 fratre
3355 616 3557 669 regnat.
3580 612 3684 662 286.
3703 620 3729 658 Α

2135 679 2289 717 matre
2313 672 2549 731 deceptus
2574 672 2629 718 in
2657 672 2919 733 Ecclesiae,
2945 677 2992 719 et
3015 673 3239 721 maxime
3264 674 3321 720 in
3352 674 3403 718 S.
3432 673 3729 721 Ambrosium

2134 735 2369 791 insurgit.
2394 732 2529 783 Ibid.
2565 735 2762 793 Laqueo
2785 732 2932 793 perit.
2963 734 3074 783 303.

2193 796 2493 843 Valentinus
2520 796 2787 843 haereticus
2808 797 2976 844 carnis
3000 798 3433 844 resurrectionem
3461 801 3627 856 negat.
3645 800 3729 847 104.

2192 858 2417 905 Valentis
2441 863 2488 903 et
2516 857 3030 905 Valentinianiortus.
3056 860 3169 907 268.

2195 919 2416 965 Valentis
2439 919 2689 965 interitus.
2714 920 2823 969 285.

2195 983 2331 1027 Vana
2373 982 2533 1040 gloria
2562 981 2821 1039 fugienda.
2846 984 2956 1032 156.
2990 983 3146 1028 Vana}
3169 983 3353 1042 gloria:
3378 995 3567 1030 caussa
3587 983 3732 1041 lapsus

2136 1044 2432 1103 monachus,
2447 1044 2672 1089 Fratrum
2697 1044 3026 1090 contubernio
3050 1045 3284 1102 erigitur.
3306 1046 3423 1094 133.
3442 1046 3603 1091 Tinea
3618 1059 3732 1091 vane

2136 1105 2308 1163 gloriae
2332 1106 2522 1152 sensim
2542 1106 2710 1162 justus
2740 1107 3100 1165 corrumpitur.
3129 1104 3268 1154 Ibid.
3306 1110 3404 1155 etc.

2196 1168 2504 1214 Vaticinium
2535 1167 2597 1213 de
2624 1170 2885 1214 tormentis
2911 1169 3119 1216 Christi.
3146 1170 3225 1217 84.
3253 1171 3338 1219 85.

2198 1230 2355 1276 Ubera
2381 1229 2682 1288 Apostolica.
2723 1227 2798 1277 47.

2198 1292 2467 1341 Venatores
2487 1291 2711 1350 Apostoli
2744 1292 2883 1338 dicti.
2920 1293 2999 1341 29.

2197 1353 2406 1400 Veneris
2428 1353 2755 1400 simulacrum
2780 1355 2833 1400 in
2859 1354 2969 1400 loco
3003 1355 3195 1401 Crucis.
3223 1358 3340 1406 228.

2196 1416 2366 1462 Venus
2395 1415 2455 1462 de
2480 1428 2659 1474 spuma
2682 1417 2836 1462 maris
2860 1420 2975 1461 nata
3005 1417 3250 1467 creditur.
3280 1421 3364 1467 74.

2196 1477 2508 1523 Vcrccundia
2532 1479 2626 1524 Deo
2651 1483 2789 1535 grata
2813 1478 3058 1524 miraculo
3081 1480 3342 1537 probatur.
3383 1481 3506 1528 201.

2198 1540 2621 1585 Vestimentorum
2647 1540 2835 1586 Christi
2869 1539 3054 1586 divisio
3077 1542 3338 1599 probatur.
3375 1543 3463 1592 88.

2199 1601 2418 1647 Vestitus
2443 1601 2846 1648 Tabennensium
2871 1602 3249 1652 Monachorum.
3280 1606 3396 1654 140.

2198 1664 2422 1709 \‘estium
2445 1664 2721 1710 mundities
2745 1663 2877 1722 apud
2912 1665 3196 1714 Monachos.
3222 1667 3333 1714 148.

2199 1727 2290 1771 Via
2312 1731 2525 1782 angusta
2557 1729 2603 1771 et
2629 1725 2741 1776 lata.
2769 1738 2882 1785 quae
2904 1726 2987 1774 sit.
3015 1727 3123 1776 130.

2199 1784 2407 1835 Vincula
2434 1786 2620 1834 Christi
2649 1784 3004 1834 vaticinantur.
3031 1789 3109 1837 84.

2200 1850 2385 1895 Vinum
2410 1849 2719 1907 myrrhatum
2749 1850 2930 1897 Christi
2966 1855 3130 1908 polus.
3157 1852 3235 1901 88.

2200 1912 2433 1968 Virgines
2456 1912 2713 1958 monachae
2739 1913 2837 1958 Deo
2866 1914 3212 1962 sacratas.229.

2199 1973 2370 2019 Virtus
2401 1974 2583 2019 animm
2610 1974 2870 2031 tripartite.
2905 1977 2982 2022 28.

2198 2036 2369 2081 Virtus
2390 2036 2653 2095 Altissimi,
2675 2049 2791 2095 quae
2814 2035 2896 2085 sit.
2923 2037 3000 2085 73.

2200 2098 2418 2143 Virtutes
2430 2102 2711 2143 sanctorum
2726 2098 3081 2145 Monachorum
3092 2134 3103 2155 ,
3116 2102 3207 2158 qui
3226 2100 3442 2148 fuerunt
3455 2101 3510 2147 in
3526 2100 3730 2158 Egypto.

2135 2160 2246 2208 271.
2271 2161 2381 2209 272.
2406 2162 2451 2205 ct
2465 2171 2573 2220 seq.

2198 2221 2451 2267 Virtutum
2468 2218 2694 2267 omnium
2720 2218 3005 2279 fastigium.
3031 2226 3106 2272 41.

2199 2282 2429 2329 Visitatio
2462 2283 2797 2331 inﬁrmorum.
2824 2286 2934 2333 188.

2199 2344 2310 2405 Vita
2338 2345 2517 2391 mundi
2541 2345 2594 2390 in
2620 2345 2758 2401 ligno
2786 2348 3131 2405 suspenditur.
3158 2348 3243 2397 86.

2199 2404 2340 2454 Vitis
2358 2406 2587 2455 Christus
2610 2407 2813 2453 dicitur.
2843 2404 2917 2456 11.
2948 2412 3022 2458 12.

2202 2467 2357 2517 Vitem
2384 2467 2487 2528 (ad)
2511 2468 2739 2516 Christus
2764 2470 2963 2527 pullum
2989 2470 3237 2529 alligavit.
3269 2472 3347 2521 11.
3375 2474 3454 2521 12.

2201 2531 2331 2592 Vitia
2351 2530 2537 2592 carnis,
2561 2530 2810 2590 quomodo
2833 2533 2949 2591 quis
2971 2546 3210 2592 superare
3234 2534 3441 2592 poterit.
3467 2535 3546 2583 16.

2208 2590 2426 2652 Unicus,
2457 2597 2504 2638 et
2527 2590 2587 2638 ad
2621 2593 2803 2639 Filium
2828 2590 2875 2640 at
2899 2594 2962 2640 ad
2986 2590 3258 2641 Dominum
3284 2596 3521 2643 refertur.
3543 2600 3618 2644 71.

2201 2655 2363 2702 Unum
2388 2667 2564 2701 verum
2613 2655 2763 2701 Deum
2798 2656 2989 2703 Patrem
3032 2658 3458 2715 omnipotentem,
3506 2664 3552 2703 et
3585 2672 3729 2705 unum

2143 2716 2435 2783 Dominum,
2447 2717 2725 2783 secundum
2748 2717 3048 2765 Orientalem
3074 2719 3373 2783 Ecclesiam,
3398 2721 3648 2779 quomodo
3678 2722 3726 2766 sit

2141 2778 2547 2837 intelligendum.
2574 2780 2650 2828 59.
2675 2781 2751 2829 60.

2200 2842 2368 2888 Ursini
2391 2841 2661 2900 surreptio,
2690 2841 2933 2889 tumultus
2953 2855 3148 2890 caussa.
3177 2845 3289 2893 183.

2199 2904 2388 2959 Usurae,
2412 2907 2460 2949 et
2483 2903 2647 2962 turpia
2671 2903 2811 2950 lucra
2830 2903 3038 2952 Clericis
3070 2904 3358 2954 interdicta.
3383 2907 3497 2957 226.

2201 2966 2360 3011 Vulva
2378 2965 2676 3025 Apostolica.
2695 2968 2771 3015 47.

2201 3027 2375 3074 Vulvaa
2399 3033 2445 3075 et
2468 3028 2681 3075 uberum
2704 3028 3004 3077 benedictio.
3039 3030 3119 3079 44.
3145 3030 3225 3079 45.

2200 3276 2439 3341 Xenium,
2468 3278 2610 3337 quid.
2641 3278 2718 3327 85.

2202 3511 2443 3569 Zabulon,
2466 3510 2610 3571 quid,
2627 3511 2707 3560 29.
2732 3512 2810 3561 30.

2201 3573 2423 3639 gabulon
2449 3574 2803 3639 interpretatur
2824 3573 2994 3621 ﬂuxus
3018 3577 3322 3623 nocturnus.
3348 3577 3429 3639 30,

2201 3635 2345 3683 Zelus
2374 3635 2578 3695 duplex.
2614 3636 2690 3684 46.

1633 3967 2542 4194 INDEX

578 4315 1589 4466 VERBOBUM
1740 4318 1969 4462 ET

2139 4318 3585 4470 SENTENTIABUM

736 4566 964 4690 QUIE
1022 4593 1127 4679 IN
1187 4590 1676 4677 OPERIBUS
1732 4592 2109 4680 RUFINO
2164 4592 2661 4678 ASCRIPTIS
2713 4590 3456 4681 CONTINENTUR.

1417 4772 2729 4814 ψ-

435 4919 555 4998 (In
599 4920 711 4981 hoc
754 4920 964 4983 Indice
1006 4926 1333 4984 revocatur
1373 4919 1564 4982 lector
1609 4919 1694 4980 ad
1734 4936 2014 4980 numeros
2053 4926 2119 4980 in
2171 4926 2347 4982 textu
2402 4920 2670 4999 Operam
2717 4919 2947 4998 Ruﬁno
3006 4926 3412 5002 ascriptonmi
3463 4923 3732 4983 crassiori

1701 5026 2056 5089 charactere
2096 5022 2454 5106 expressos.)

1199 5185 1259 5246 A

497 5313 651 5368 Abiit,
677 5312 828 5368 stetit,
853 5310 999 5369 sedit,
1034 5310 1391 5370 interpretatio.
1419 5312 1466 5360 5.

495 5374 756 5433 Abnegare
812 5373 1156 5433 semetipsum,
1202 5378 1249 5421 et
1292 5374 1582 5421 renuntiare
1627 5373 1877 5435 omnibus,
1921 5387 2035 5433 quae

444 5436 782 5494 possidemus,
809 5441 1008 5496 propter
1029 5437 1203 5496 Deum,
1234 5435 1359 5495 quid
1383 5436 1467 5485 sit.
1491 5438 1598 5485 107.
1622 5436 1730 5485 289.

499 5498 715 5545 Abrahae
739 5498 881 5546 ﬁdes.
917 5500 1021 5548 187.

498 5560 716 5619 Abyssos
739 5561 793 5607 in
818 5561 1086 5607 Thesauris
1110 5572 1292 5619 ponere
1314 5561 1438 5620 quid
1463 5560 1729 5617 signiﬁcet.
1769 5561 1875 5609 243.

498 5621 667 5667 Achab
690 5626 737 5668 et
755 5623 996 5669 Jesabells
1019 5623 1215 5669 familia
1237 5623 1448 5672 deletur.
1475 5626 1585 5673 378.

430 5682 658 5790 obit-16:11:81:
844 5685 1043 5733 Charim
1065 5686 1120 5732 in
1148 5685 1277 5731 valle
1298 5687 1460 5733 Achar
1488 5686 1550 5733 ob
1574 5685 1753 5733 furrim
1778 5683 2034 5743 lapidibus

494 5802 612 5847 Adaa
639 5808 685 5848 et
709 5806 997 5852 Judseorum
1022 5810 1277 5865 peccatum
1311 5822 1373 5855 an
1407 5808 1557 5856 fuerit
1589 5809 1801 5868 aequale.
1830 5811 1934 5857 430.

2198 5186 2350 5233 Adam
2377 5199 2442 5233 an
2472 5187 2611 5235 ﬁlius
2635 5187 2873 5239 hominis.
2904 5190 2981 5239 43.

2191 5248 2537 5296 Adolescentia
2566 5250 2740 5309 populi
2765 5249 3047 5302 lsraelitici.
3073 5253 3183 5301 434.

2195 5309 2498 5359 Adulatores
2520 5313 2786 5370 sepulchra
2808 5314 3030 5371 patentia
3050 5314 3313 5363 dicuntur.
3345 5318 3426 5367 26.

2193 5373 2481 5421 Adulatoris
2505 5375 2639 5434 ﬁnis,
2673 5388 2775 5434 quo
2815 5376 2999 5421 tendat.
3027 5377 3104 5426 53.

2195 5435 2441 5501 Adulterii
2465 5438 2670 5483 nomine
2689 5437 2923 5484 violatam
2936 5438 3241 5497 religionem
3259 5440 3520 5499 Scriptura
3541 5440 3717 5501 signiﬁ-

2133 5500 2225 5544 cat.
2249 5497 2357 5545 372.

2195 5558 2417 5618 JEgyptii
2439 5560 2569 5607 sicco
2598 5560 2775 5607 itinere
2800 5560 3012 5619 pelagus
3045 5566 3329 5611 transeunt.
3356 5567 3468 5615 411.

2194 5621 2417 5679 Egyptii
2441 5635 2557 5669 oves
2582 5634 2682 5668 non
2714 5623 3000 5671 comedunt.
3024 5626 3137 5674 217.

2194 5682 2436 5742 Egyptus
2457 5689 2660 5743 propter
2680 5684 2804 5743 quid
2839 5685 2895 5731 in
2918 5685 3175 5734 desertum
3199 5692 3435 5736 ventura.
3460 5692 3565 5739 504.

2194 5745 2485 5792 IEmulandi
2507 5747 2705 5793 diversa
2727 5748 3012 5805 signiﬁcata
3033 5748 3088 5796 in
3115 5751 3297 5802 sacris.
3329 5753 3436 5801 168.

2195 5807 2490 5865 Enigmatis
2513 5808 2754 5858 deﬁnitio.
2788 5810 2893 5858 242.
