3866 6206
93 440 219 494 1197

144 553 419 612 Equalitas
446 567 474 598 a
508 553 821 611 sapientibus
846 553 1083 600 omnibus
1106 553 1386 611 pradicata.
1410 556 1518 602 413.

149 615 419 674 .Equitatis
441 615 724 662 etJustitim
758 628 957 675 scopus.
988 617 1097 664 215.

143 677 316 724 .Etatis
346 677 499 735 hujus
523 676 888 724 infelicissimae
911 677 1188 736 praedictio.
1219 679 1325 726 414.
1348 679 1393 721 et
1415 689 1517 737 seq.

144 742 359 786 Affectus
380 753 561 786 nomen
587 740 726 798 operi
753 745 920 786 nostro
948 739 1179 797 imponit.
1205 740 1313 788 275.

144 804 358 848 Ati‘ectus
381 803 592 848 sincerae
604 803 786 848 mentis
805 802 1060 856 ubideest,
1083 816 1111 846 a
1139 800 1412 860 crapulatis
1434 800 1546 846 l‘usa
1562 813 1677 857 sup-

84 863 306 924 plicatio,
337 865 429 909 rite
461 863 673 910 ululatio
698 865 1005 910 nominatur.
1031 864 1139 912 337.

141 926 356 973 Atilictio
383 939 580 972 reorum
605 928 874 974 Dominum
898 939 1000 972 non
1037 926 1213 984 placat.
1242 927 1347 975 485.

138 989 351 1034 Aﬂiictio
384 989 548 1034 cordis
593 994 641 1033 et
672 990 912 1047 corporis,
948 1000 1095 1047 pmna
1120 989 1304 1047 peccati
1333 987 1536 1036 dicitur.
1564 989 1670 1037 111.

141 1051 354 1097 Afﬂictio
379 1054 582 1108 generat
606 1051 961 1096 humilitatem.
987 1051 1094 1098 175.

139 1115 387 1169 Agrorum
420 1113 762 1171 pulchritudo,
788 1112 930 1170 quid.
959 1112 1066 1160 486.

141 1174 246 1220 Alte
272 1175 377 1232 Dei,
399 1187 513 1231 quae
541 1174 793 1222 dicantur.
823 1177 900 1223 72.

142 1236 308 1282 Altare
352 1237 456 1289 Dei,
487 1236 608 1294 quid
635 1236 717 1294 sit,
763 1242 808 1282 et
833 1248 933 1295 quo
956 1239 1114 1295 pacto,
1149 1237 1193 1280 et
1217 1247 1244 1279 a
1269 1235 1458 1293 quibus
1482 1235 1671 1293 ample-

79 1303 260 1345 ctatur.
289 1299 396 1346 114.
423 1301 467 1343 et
489 1310 592 1358 seq.
619 1300 726 1347 207.

141 1360 369 1406 Amasias
394 1360 646 1406 Idolorum
677 1359 922 1408 sacerdos.
950 1361 1056 1407 444.

139 1423 358 1468 Amasis:
383 1422 651 1468 sacerdotis
674 1422 922 1469 [dolorum
955 1421 1017 1466 ad
1040 1423 1190 1466 Amos
1217 1420 1386 1466 verba.
1411 1421 1518 1469 446.

138 1487 397 1530 Amatores
442 1484 699 1542 dicuntur,
743 1483 823 1530 vel
852 1483 1089 1530 Gentium
1123 1493 1369 1540 proceres,
1406 1482 1486 1528 vel
1512 1482 1676 1528 natio-

79 1559 202 1593 num
229 1546 323 1608 dii.
350 1546 459 1594 405.
483 1549 528 1592 et
551 1559 656 1608 seq.

142 1607 415 1654 Ambulare
443 1609 496 1653 in
523 1604 739 1655 circuitu
764 1607 964 1665 impios,
993 1604 1137 1666 quid.
1163 1607 1242 1654 60.

137 1673 297 1716 Amen
321 1683 411 1716 cur
434 1671 717 1729 geminetur
738 1670 792 1716 in
809 1670 964 1716 sacris
993 1667 1166 1714 Literis
1183 1680 1211 1713 a
1228 1667 1441 1716 Christo.
1472 1669 1574 1717 197.

139 1736 353 1777 Ammon
378 1735 424 1777 et
448 1733 584 1778 Moab
609 1733 670 1778 de
693 1733 813 1778 Loth
837 1731 992 1790 stirpe
1025 1731 1144 1776 nati.
1173 1731 1280 1779 512.

138 1796 324 1840 Amore
365 1795 635 1904 ngtimore
666 1795 899 1840 ducimur
933 1793 995 1839 ad
1041 1793 1194 1838 Deum
1230 1791 1602 1838 misericordem
1628 1797 1672 1837 et

140 1869 325 1903 racem.
459 1891 470 1902 .

81 1867 325 1903 veracem.
365 1867 470 1903 186.

141 1921 295 1963 Amos
319 1918 402 1963 ubi
428 1917 685 1963 educatus.
715 1917 822 1965 507.

142 1982 295 2025 Amos
319 1979 584 2039 Propheta,
613 1979 730 2035 quis
753 1985 798 2024 et
823 1977 988 2037 qualis
1015 1977 1180 2022 fuerit.
1216 1976 1323 2025 506.
1347 1977 1452 2025 507.

142 2045 295 2087 Amos
319 2042 379 2086 ad
405 2054 592 2087 munus
617 2039 948 2098 prophetandi
973 2039 1177 2086 eiectus.
1209 2039 1318 2086 546.

139 2107 312 2158 Amos,
347 2104 700 2149 armentarium
733 2116 786 2148 se
823 2115 922 2148 non
953 2101 1243 2159 prophetam
1268 2099 1391 2147 dicit
1416 2112 1542 2148 esse.
1569 2102 1676 2148 547.

81 2167 124 2210 et
149 2177 238 2211 sea
249 2202 259 2211 .

140 2179 325 2284 ﬁgam
351 2239 498 2284 opera
522 2238 765 2271 manuum
790 2225 874 2270 Dei
912 2224 1171 2278 dicuntur,
1195 2228 1241 2270 et
1270 2235 1440 2282 quare.
1470 2224 1546 2271 43.

142 2287 368 2345 Angelus
390 2288 608 2333 obviavit
629 2288 774 2333 Jacob
799 2289 851 2332 in
881 2287 1100 2334 hominis
1134 2288 1317 2346 specie.
1343 2285 1452 2335 365.

141 2352 328 2396 Anima
353 2350 485 2395 nihil
519 2351 804 2408 pretiosius.
833 2349 939 2398 539.

143 2412 330 2458 Anima
355 2412 704 2470 provoiuntate
725 2412 1028 2470 quandoque
1056 2411 1263 2470 ponitur
1294 2411 1348 2456 in
1373 2412 1544 2456 sacris.
1577 2414 1679 2460 119.

141 2474 342 2520 Animae
367 2479 410 2519 et
424 2473 742 2520 conscientiae
759 2474 1076 2533 operantium
1095 2473 1225 2519 mala
1240 2472 1293 2518 in
1306 2477 1544 2531 perpetua
1564 2478 1682 2518 sunt

79 2537 339 2594 angustia.
367 2537 442 2584 19.

141 2598 343 2644 Anima)
366 2598 574 2644 turbata:
607 2597 890 2655 descriptio.
918 2599 994 2644 27.

137 2660 337 2706 Animas
360 2659 694 2718 appellatione
717 2657 820 2706 vita
843 2659 1160 2716 intelligitur.
1188 2659 1293 2706 540.

143 2721 381 2768 Animam
405 2735 547 2768 suam
579 2723 631 2766 in
658 2734 786 2767 vano
810 2722 1034 2780 accipere
1057 2721 1199 2779 quid.
1230 2723 1336 2770 106.

144 2783 364 2830 Animus
393 2783 712 2842 parricidalis
725 2789 813 2842 est,
831 2784 991 2829 aliena
1007 2783 1286 2829 Calamitate
1301 2783 1558 2832 ditescere.
1576 2783 1679 2831 426.

143 2845 402 2891 Animalia
424 2846 614 2891 munda
636 2845 690 2890 in
715 2846 880 2891 Veteri
903 2847 1211 2891 Testamento
1231 2859 1360 2904 qum.
1389 2847 1494 2893 232.

145 2911 385 2953 Annuere
419 2908 597 2967 oculis,
633 2908 720 2966 qui
747 2909 995 2958 dicantur.
1027 2909 1133 2955 157.

83 2974 266 3016 Annus
290 2969 614 3025 benignitatis
643 2969 786 3027 quid.
823 2971 935 3018 317.

145 3031 444 3078 Antichristi
472 3032 757 3089 descriptio.
794 3033 872 3081 49.
906 3035 952 3079 et
974 3043 1077 3092 seq.

146 3093 493 3140 Antichristus
514 3107 542 3138 a
566 3093 831 3139 nonnullis
856 3095 983 3140 Deus
1007 3106 1116 3139 esse
1137 3093 1409 3151 putabitur.
1435 3094 1510 3142 50.

148 3155 448 3202 Antichristi
469 3156 745 3214 persecutio
783 3156 835 3201 in
861 3157 1131 3202 Ecclesiam
1159 3155 1493 3201 Christianam
1519 3154 1686 3212 qualis

87 3216 278 3263 futura.
315 3219 392 3266 51.

143 3280 408 3337 Apostasia
433 3279 577 3337 Regis
599 3280 873 3327 Jeroboam.
908 3281 1014 3328 433.

144 3341 372 3398 Apostoli
391 3355 480 3386 cur
504 3342 598 3387 rivi
623 3342 854 3388 dicantur
879 3343 931 3387 in
971 3340 1127 3387 sacris
1152 3339 1328 3386 literis.
1360 3338 1468 3386 317.

146 3403 513 3460 Apostolorum
551 3402 840 3459 prmdicatio
874 3402 1083 3460 perinde
1117 3408 1218 3448 erat
1248 3415 1304 3447 ac
1330 3400 1603 3454 Dominlca,
1631 3402 1686 3449 77

148 3469 409 3522 Aquarum
438 3464 641 3510 nomine
671 3465 886 3522 populus
911 3465 1188 3512 denotatur.
1215 3465 1262 3512 6.

151 3527 448 3584 Aquaequid
469 3527 523 3571 in
540 3527 694 3572 sacris
707 3526 883 3572 Literis
899 3527 1165 3584 designare
1197 3526 1445 3572 dicantur.
1464 3527 1564 3574 125.
1583 3526 1689 3574 126.

114 3655 131 3696 ε
149 3587 422 3647 Aquilonis
445 3587 596 3634 latera
614 3587 737 3647 quid
751 3588 957 3647 mystice
972 3589 1026 3636 in
1043 3586 1251 3635 Psalmis
1263 3587 1561 3644 signiﬁcent.
1584 3589 1693 3637 236.

155 3663 263 3696 sea.

85 3663 131 3696 et
155 3663 263 3710 seq.

151 3715 282 3758 Arca
304 3712 392 3758 Dei
424 3712 485 3757 ab
507 3712 693 3758 Azotiis
716 3716 877 3768 capta.
902 3712 1009 3759 510.

152 3778 315 3821 Arcus
339 3773 562 3829 dolosas,
593 3773 683 3832 qui
709 3775 886 3820 6116611.
931 3774 1035 3822 437.

153 3840 317 3883 Α16116
341 3849 429 3893 pro
470 3837 623 3882 sacris
649 3836 918 3896 Scripturis
953 3835 1169 3882 sumitur
1187 3833 1238 3881 in
1265 3834 1472 3881 Psalmis
1497 3836 1697 3881 Davidis

88 3899 410 4007 pilai-tumque.
461 3898 538 3947 38.
574 3899 772 3957 Sagitta)
797 3901 912 3946 item
960 3911 1048 3956 pro
1089 3897 1387 3956 Apostolicis
1410 3897 1692 3956 praeconiis.

151 3975 172 4007 ι
220 3997 230 4007 .

151 3975 230 4008 ια.

151 4023 315 4071 Arioli
351 4022 762 4079 Samaricaeiegis
806 4023 1037 4080 quaedam
1087 4020 1318 4067 instituta
1363 4021 1694 4068 observabant

93 4087 205 4135 419.

154 4151 306 4195 Arma
340 4146 422 4192 Dei
443 4145 614 4203 qualia
637 4144 757 4202 sint,
782 4149 827 4191 et
859 4157 973 4203 quae
1009 4146 1115 4193 153.

155 4213 308 4256 Arma
327 4209 576 4265 justorum
602 4207 772 4265 qualia
798 4243 809 4255 .
840 4207 946 4255 345.

154 4271 443 4318 Ascendere
465 4270 518 4314 in
542 4274 760 4315 montem
785 4269 888 4320 Dei.
915 4272 1124 4319 etstare,
1149 4265 1272 4324 quid
1303 4265 1385 4315 sit.
1422 4269 1526 4315 106.

157 4333 410 4392 Assyrius
436 4332 537 4377 Rex
571 4332 714 4389 Mors,
746 4335 792 4376 et
816 4331 1048 4378 Infernus
1070 4328 1368 4388 appellatur.
1394 4329 1504 4378 469.

159 4395 376 4442 Attolere
401 4399 564 4451 portas
584 4393 707 4451 quid
733 4393 786 4438 in
812 4393 1028 4440 Psalmo.
1061 4394 1163 4439 107.

159 4462 317 4504 Aures
338 4455 520 4509 cordis,
545 4468 659 4514 qua)
682 4454 799 4503 sint.
827 4457 935 4503 207.

158 4523 322 4567 Aures
345 4517 578 4576 perficere
592 4517 713 4576 quid
736 4518 816 4565 sit.
848 4518 950 4566 185.
984 4517 1084 4565 186.

158 4584 318 4628 Aures
344 4580 428 4627 Dei
454 4584 572 4626 sunt
605 4579 763 4637 gratia
793 4584 840 4624 et
863 4576 1224 4625 misericordia.
1254 4579 1313 4626 70
1337 4578 1447 4626 265.

157 4646 339 4690 Auster
360 4648 405 4688 et
431 4642 614 4700 Aquilo
635 4641 688 4686 in
713 4641 867 4688 sacris
891 4641 1033 4700 quid.
1071 4641 1118 4689 5.

160 4711 354 4752 Avarus
375 4705 523 4750 etiam
548 4703 767 4749 animam
792 4716 933 4750 suam
958 4702 1119 4761 ipsam
1144 4704 1370 4750 venalem
1390 4703 1551 4751 habet.
1588 4702 1694 4750 184.

158 4766 346 4814 Azotiis
370 4765 572 4824 pupulis
594 4765 932 4812 comminatur
955 4767 1104 4813 Deus.
1125 4765 1235 4815 183.

878 4853 930 4914 B

163 4943 352 4990 Baalim
379 4941 708 5000 turpitudinis
735 4943 944 4991 idolum.
979 4943 1087 4990 408.

160 5006 334 5054 Baculi
358 5005 574 5064 etvirgaa
596 5005 786 5053 divina)
814 5005 1100 5051 discrimen.
1136 5005 1244 5052 103.

160 5069 479 5128 Baptismatis
509 5069 743 5115 etlicacia.
778 5069 882 5115 100.
941 5107 944 5110 λ

163 5129 373 5178 Bathuel
399 5130 485 5176 Dei
521 5130 774 5175 fortitudo.
810 5131 915 5177 477.

166 5196 347 5239 Beatus
373 5203 520 5237 nemo
545 5194 703 5250 potest
720 5203 827 5237 esse
850 5191 1037 5248 absque
1060 5189 1254 5235 Christo
1285 5191 1418 5235 Jesu.
1453 5190 1498 5236 4.

167 5257 348 5302 Beatus
374 5254 520 5300 homo
545 5253 732 5311 quibus
756 5253 918 5298 monis
942 5251 1171 5297 eﬂicitur.
1191 5251 1302 5301 185.

169 5317 422 5372 Beeii‘egor
445 5316 610 5374 qualis
637 5316 777 5362 Deus.
825 5314 928 5362 445.

167 5373 542 5426 Benedicere’in
571 5377 804 5423 Ecciesiis
834 5376 1098 5421 Dominum
1124 5373 1246 5432 quid
1267 5374 1349 5420 sit.
1386 5377 1493 5423 116.

167 5445 300 5488 Bene
332 5440 514 5487 factum
536 5453 638 5487 non
676 5439 878 5497 dicitur,
905 5436 1036 5496 quod
1062 5435 1254 5482 invitus
1284 5435 1453 5496 facias,
1482 5435 1702 5482 11601110-

99 5517 224 5551 num
257 5504 338 5550 sit.
369 5505 474 5551 159.

169 5566 416 5612 Beneﬁcia
467 5565 728 5622 praemissa
769 5564 895 5609 Deus
939 5565 1291 5607 commemorat
1313 5561 1374 5605 ad
1409 5560 1713 5618 exprobran-

102 5631 228 5675 dum
257 5629 576 5683 ingratorum
602 5626 819 5674 facinus.
839 5625 946 5675 513.

174 5690 364 5736 Bestias
403 5689 506 5746 agri
543 5689 803 5746 appellata,
844 5688 1067 5732 armenta
1111 5688 1158 5729 et
1203 5697 1377 5743 greges
1408 5683 1532 5730 solet
1576 5695 1714 5729 sacra

102 5753 383 5810 Scriptura.
411 5754 519 5798 417.
553 5752 660 5797 418.

167 5807 418 5860 Bethaveu
437 5814 575 5858 locus
601 5812 753 5859 tribui
777 5812 916 5858 ,1111116
940 5807 1256 5871 conjunctus.
1286 5809 1394 5857 421.

168 5875 338 5922 Bethel
368 5877 488 5922 urbs
513 5874 786 5922 Idolorum.
818 5875 928 5923 458.

168 5937 340 5984 Bethel
365 5938 518 5984 idolis
540 5937 782 5984 scatuisse
813 5936 1197 5983 demonstratur.
1226 5935 1331 5984 522.

1163 438 1551 492 VERBORUM
1585 440 1674 491 ET
1710 440 2289 492 SENTENTIARUM.

3240 437 3376 492 1198

1836 553 2000 599 Bethel
2023 558 2070 597 et
2093 552 2296 609 Gaigala
2318 552 2541 599 civitates
2565 551 2718 599 idolis
2740 551 3056 611 mancipatae.
3086 552 3194 600 528.

1834 615 2006 661 Bibere
2047 627 2227 672 aquam
2257 614 2318 659 de
2349 618 2574 675 torrente,
2607 615 2748 673 quid.
2775 616 2884 663 286.

1837 677 2010 722 Bibere
2034 676 2240 721 calicem
2265 676 2462 722 Domini
2487 689 2698 724 merum.
2733 678 2843 727 384.

1837 741 1969 784 Bona
1990 740 2086 784 Deo
2111 750 2212 784 non
2230 737 2443 798 placent,
2469 751 2582 796 qua)
2606 740 2708 785 sint
2731 738 2951 786 admixta
2983 735 3147 786 malis.
3170 738 3277 788 289.

1839 801 1984 845 Bonis
2026 804 2072 845 et
2101 812 2358 858 prospera,
2399 806 2444 844 et
2467 801 2673 846 adversa
2716 800 2886 847 omnia
2931 801 2985 847 in
3031 800 3220 846 bonum
3262 811 3371 845 ver-

1777 867 1967 909 tuntur.
1990 865 2035 911 9.

1837 924 1958 969 Boni
1983 935 2083 968 non
2105 923 2270 969 solum
2294 936 2396 970 non
2429 921 2672 969 deficiunt
2700 924 2945 970 malorum
2967 923 3372 982 impugnatione,

1774 986 1860 1032 sed
1885 985 2118 1031 meliores
2143 990 2436 1033 noscuntur.
2473 987 2582 1034 120.

1838 1049 2089 1093 Bonorum
2125 1047 2373 1104 possessio
2404 1047 2536 1093 inter
2566 1045 2824 1104 Apostolus
2866 1051 2968 1092 erat
3005 1049 3234 1107 mquaiis.
3264 1049 3370 1097 413.

1836 1109 2026 1155 Bonum
2063 1109 2197 1167 quod
2228 1110 2347 1156 boni
2378 1110 2582 1165 habent,
2617 1121 2647 1152 a
2669 1107 2766 1154 Deo
2800 1109 3040 1170 procedit,
3066 1110 3186 1156 mali
3211 1115 3374 1157 autem

1774 1172 1964 1216 malum
1987 1171 2168 1216 habent
2191 1185 2220 1216 a
2253 1173 2448 1229 seipsis.
2478 1172 2555 1219 55.

1837 1235 2029 1279 Βο1111111
2058 1245 2312 1280 sacrarum
2334 1232 2594 1282 literarum
2619 1230 2766 1279 bonis
2781 1232 2999 1293 prodest,
3027 1233 3177 1279 malis
3202 1238 3370 1280 autem

1775 1295 1928 1342 obest.
1959 1297 2064 1344 120.
2097 1299 2142 1342 ct
2165 1309 2268 1356 seq.

1840 1357 2004 1403 Bonus
2032 1358 2178 1403 homo
2203 1355 2397 1416 patiens
2422 1368 2531 1402 esse
2545 1355 2709 1403 debet.
2737 1355 2845 1404 194.

1836 1421 2001 1465 Bosree
2024 1420 2154 1466 mdes
2177 1419 2490 1466 devorandas.
2520 1418 2625 1466 510.
2652 1421 2698 1464 et
2723 1430 2829 1480 seq.

1838 1481 2063 1530 Bruchus
2086 1486 2131 1528 et
2150 1481 2365 1540 Rubigo.
2395 1481 2502 1530 489.

2549 1565 2598 1629 C

1839 1660 2261 1706 Caeremoniarum
2287 1656 2528 1712 legalium
2543 1658 2732 1703 auctor.
2766 1655 2874 1704 535.

1841 1720 2169 1768 Cmremonias
2205 1719 2459 1776 repellere,
2502 1717 2752 1763 Sacerdoti
2781 1717 3123 1763 contradicere
3147 1720 3236 1764 est.
3267 1718 3376 1766 416.

1841 1783 2125 1841 Calamitas,
2149 1795 2262 1841 quas
2286 1780 2574 1827 Palaestinos
2606 1785 2678 1825 est
2705 1791 3025 1838 oppressura,
3050 1779 3157 1828 510.

1841 1845 2154 1893 Calamitates
2175 1857 2301 1902 quas
2324 1855 2566 1901 passurus
2581 1845 2686 1887 erat
2702 1841 2852 1888 lsrael
2870 1845 3249 1888 enumerantur.

1842 1907 2154 1954 Calamitates
2203 1917 2329 1964 quas
2372 1905 2569 1964 passuri
2600 1906 2742 1950 erant
2784 1903 2965 1963 Judaei,
3000 1906 3375 1950 enumerantur.

1781 1970 1886 2018 469.
1915 1972 1961 2015 et
1993 1981 2097 2018 sea.

1841 1981 2152 2078 zaﬁinisiiztes
2168 2028 2470 2075 criminibus
2506 2028 2686 2075 debitas
2715 2027 3104 2074 donunciantur.
3133 2027 3240 2075 540.
3269 2027 3377 2074 541.

1777 2095 1823 2139 et
1843 2105 1947 2154 seq.
1976 2092 2288 2140 Calamitates
2309 2095 2533 2154 venturas
2555 2102 2706 2154 super
2728 2091 3016 2154 Israelitasq
3032 2089 3140 2138 515.

1842 2151 2148 2203 Calamitatis
2171 2151 2463 2210 magnitudo
2484 2153 2768 2211 exponitur.
2797 2152 2904 2201 482.
2934 2152 3044 2200 483.

1841 2218 2188 2265 Calamitatum
2216 2216 2500 2262 Judaaorum
2527 2214 2839 2262 vaticinium.
2864 2215 2972 2263 539.

1841 2280 2156 2331 Calcaneum,
2183 2277 2306 2336 quid
2332 2278 2384 2324 in
2409 2278 2566 2324 sacris
2599 2276 2867 2335 signiticet.
2899 2276 3010 2324 243.

1840 2341 1980 2388 Calix
2005 2353 2178 2386 eorum
2204 2352 2291 2398 per
2319 2352 2446 2398 quos
2461 2352 2646 2385 nomen
2670 2338 2757 2384 Dei
2781 2339 3173 2396 blasphematur.
3204 2336 3282 2383 55.

1842 2403 2156 2450 Calumniam
2183 2400 2301 2460 pati,
2329 2400 2453 2458 quid
2474 2403 2555 2447 sit.
2586 2403 2695 2449 427.

1840 2465 2268 2512 Calumniatorurn
2287 2463 2558 2520 captiones.
2591 2464 2696 2511 178.

1843 2526 2121 2573 Calvicium
2154 2537 2306 2581 super
2331 2529 2480 2582 caput
2505 2536 2710 2581 ponere.
2742 2524 2850 2572 549.

1844 2592 2060 2636 Canaam
2084 2585 2227 2644 quid.
2258 2585 2363 2633 465.

1843 2650 2001 2698 Canes
2027 2649 2080 2694 in
2111 2647 2266 2693 sacris
2295 2646 2490 2706 Literis,
2515 2645 2658 2703 quid.
2675 2646 2786 2694 290.

1843 2712 2105 2759 Canticum
2124 2708 2323 2765 Psalmi,
2351 2707 2492 2767 quid.
2522 2710 2566 2754 1.
2592 2711 2637 2753 et
2657 2709 2703 2756 9.

1845 2773 2104 2820 Canticum
2131 2770 2254 2828 quid
2280 2771 2361 2816 sit.
2399 2772 2476 2818 10.

1847 2826 2162 2894 Captivitatis
2181 2833 2404 2878 Judaieaa
2433 2844 2626 2878 caussa.
2659 2826 2772 2878 443.

1846 2892 2002 2956 Caput
2026 2897 2080 2942 in
2105 2895 2260 2941 sacris
2275 2893 2492 2956 eloquiis
2516 2906 2604 2950 pro
2627 2895 2816 2956 mente.
2842 2892 2924 2956 15.

1847 2953 2005 3018 Caput
2039 2956 2267 3002 omnium
2293 2955 2527 3002 vitiorum
2553 2953 2903 3018 estsuperbia.
2928 2954 3004 3001 89.

1847 3016 2006 3079 Caput
2037 3019 2146 3065 oleo
2170 3018 2506 3075 impinguare,
2528 3016 2652 3074 quid
2676 3016 2758 3079 sit.
2786 3017 2893 3079 102.
2919 3017 2964 3061 ει
2995 3026 3098 3079 seq.

1849 3076 2121 3130 Cardinum
2145 3092 2382 3138 percussu
2406 3079 2527 3138 quid
2555 3077 2961 3137 intelligendum.
2994 3076 3106 3124 555.

1845 3144 2058 3192 Carmeli
2082 3146 2245 3188 vertex
2258 3142 2553 3188 exsiccatus.
2584 3141 2694 3188 507.

1850 3209 1971 3255 Caro
1996 3204 2318 3262 sepulchrum
2335 3207 2407 3248 est
2431 3204 2634 3251 animae.
2666 3203 2772 3250 330.

1849 3267 2197 3326 Castigationis
2208 3265 2497 3324 praemissae,
2515 3268 2702 3323 quanta
2725 3262 2917 3310 utilitas
2931 3275 2985 3308 ac
3003 3273 3196 3307 morum
3215 3272 3384 3306 emen-

1788 3331 1937 3379 datio.
1975 3332 2056 3378 411
2070 3363 2080 3375 .

1854 3395 2216 3440 Cataractarum
2242 3402 2354 3445 vox,
2379 3388 2502 3447 quid
2529 3390 2584 3433 in
2607 3387 2762 3434 sacris
2787 3386 2998 3432 dicatur.
3026 3385 3134 3433 203.

1857 3454 2097 3500 Cathedra
2119 3452 2436 3512 pestilentias,
2454 3450 2596 3509 quid.
2630 3452 2675 3497 7.

1855 3518 2041 3564 Caussa
2069 3507 2158 3560 cur
2190 3513 2349 3560 Judaai
2386 3507 2575 3559 reatum
2620 3524 2771 3557 suum
2802 3522 2904 3557 non
2929 3507 3242 3567 agnoverint.
3276 3509 3388 3556 424.

1857 3580 2057 3626 Caussa;
2079 3576 2141 3622 ob
2178 3588 2303 3634 quas
2339 3574 2656 3622 incommoda
2685 3572 2846 3618 multa
2889 3583 3036 3631 passa
3057 3574 3130 3616 est
3153 3582 3275 3628 gens
3300 3571 3393 3615 Ju-

1795 3642 1952 3688 daica.
1982 3641 2088 3688 483.
2131 3639 2239 3686 484.

1856 3702 1999 3749 Cervi
2028 3706 2223 3747 natura.
2250 3700 2337 3748 197
2350 3731 2363 3746 .

1856 3765 2082 3812 Charitas
2117 3763 2221 3808 sola
2246 3761 2401 3820 legem
2426 3759 2617 3825 implet.
2645 3759 2691 3806 7.
2717 3758 2767 3825 et
2788 3759 2863 3805 11.
2922 3818 2952 3825 __
3190 3815 3225 3825 υ

1857 3826 2081 3873 Charitas
2105 3816 2613 3883 legemfprophetias,
2643 3826 2689 3867 et
2717 3818 3046 3877 Evangelium
3071 3816 3328 3876 pradicet,
3345 3819 3392 3860 et

1793 3891 2121 3937 consummat.
2149 3891 2168 3934 1
2187 3889 2224 3932 1.

1858 3949 2082 3997 Charitas
2107 3961 2194 4006 per
2223 3946 2425 4004 sagittas
2453 3945 2786 4003 signiﬁcatur.

1857 4010 2124 4059 Charitatis
2147 4011 2366 4055 effectus.
2392 4009 2501 4055 167.

1855 4072 2120 4121 Charitatis
2143 4071 2221 4116 vis
2253 4072 2299 4115 et
2355 4068 2580 4114 ﬁrmitas.
2607 4066 2719 4116 239.
2749 4067 2932 4124 Estque
2953 4064 3122 4111 anima
3145 4065 3389 4110 virtutum

1793 4136 1902 4194 ipsa
1924 4134 2159 4181 charitas.
2189 4128 2318 4178 Ibid.
2335 4133 2401 4194 et
2426 4141 2546 4194 seq.

1856 4196 2121 4244 Charitatis
2145 4191 2396 4252 perfectio.
2420 4189 2528 4240 344.

1856 4260 2013 4305 Chore
2036 4255 2256 4303 calvaria
2285 4256 2655 4313 interpretatur.
2694 4253 2803 4300 236.

1856 4320 2040 4368 Christi
2063 4325 2110 4366 et
2134 4317 2336 4365 Davidis
2361 4316 2646 4363 antithesis.
2673 4315 2749 4364 10.

1856 4380 2040 4430 Christi
2085 4393 2272 4440 osores,
2303 4379 2433 4425 miro
2472 4377 2637 4434 modo,
2673 4375 2944 4424 consilium
2971 4374 3052 4420 Dei
3078 4371 3324 4428 nolentes,
3351 4377 3398 4416 et

1794 4445 2069 4491 nescientes
2094 4442 2321 4500 implent.
2352 4443 2427 4489 11.

1853 4506 2037 4552 Christi
2065 4505 2318 4562 generatio
2345 4502 2546 4561 duplex.
2579 4503 2651 4549 12.
2684 4505 2732 4548 et
2753 4513 2858 4561 seq.

1857 4569 2042 4616 Christi
2063 4567 2230 4625 passio
2251 4566 2417 4624 qualis
2442 4564 2520 4610 illi
2558 4578 2585 4609 a
2610 4565 2705 4625 Deo
2729 4563 2857 4609 data.
2880 4562 2953 4608 13.

1858 4629 2042 4678 Christi
2065 4624 2763 4691 dormitio,etsomnusqui_d-
2791 4625 2865 4691 17-
2958 4685 2966 4691 _
3224 4681 3234 4691 .
3364 4680 3392 4690 ..

1857 4692 2040 4740 Christi
2081 4693 2204 4750 jugo
2249 4681 2380 4736 colla
2425 4687 2595 4735 subire
2637 4681 2834 4740 nolunt,
2882 4685 2969 4742 qui
3017 4681 3156 4728 vitiis
3191 4681 3397 4728 obnoxii

1799 4757 1933 4803 sunt.
1972 4755 2050 4802 89.

1860 4815 2044 4864 Christi
2068 4826 2202 4860 mors
2223 4812 2392 4872 qualis
2439 4810 2604 4858 fuerit.
2632 4810 2710 4859 96.

1864 4877 2048 4926 Christi
2075 4869 2375 4923 vestimenta
2398 4873 2640 4926 dividere,
2665 4871 2790 4930 quid
2827 4869 2906 4915 sit.
2941 4870 3021 4917 98.

1863 4939 2048 4988 Christi
2074 4937 2361 4996 exemplum
2385 4937 2437 4982 in
2462 4929 2732 4981 tolerandis
2750 4931 3157 4990 adversitatibus,
3182 4933 3274 4977 etc.
3290 4929 3397 4977 123.

1865 5002 2051 5049 Christi
2079 5002 2212 5048 vocis
2231 4999 2447 5045 eillcacia
2471 5001 2518 5044 et
2541 4996 2718 5044 virtus.
2759 4996 2866 5042 126.

1863 5065 2046 5111 Christi
2073 5065 2242 5109 anima
2264 5073 2363 5119 quo
2387 5064 2527 5119 pacto
2553 5056 3024 5115 redemptadicatur.
3057 5057 3165 5103 131.

1863 5126 2049 5174 Christi
2072 5124 2320 5171 adventus
2344 5129 2538 5181 tempus
2561 5124 2920 5178 opportunum.
2950 5119 3058 5167 187.

1866 5188 2051 5236 Christi
2077 5199 2259 5232 nomen
2287 5187 2339 5231 in
2364 5178 2500 5232 0111111
2529 5190 2655 5228 terra
2670 5182 2902 5246 auditum
2931 5178 3182 5246 est,__239.
3255 5238 3264 5246 ι
3350 5237 3358 5246 ν

1867 5251 2095 5298 Christus
2123 5261 2334 5304 regnum
2369 5246 2548 5294 mundi
2573 5244 2890 5303 contempsit.
2922 5243 3000 5289 12.
3037 5239 3151 5284 Vult
3185 5238 3322 5282 enim
3346 5238 3397 5282 in

1803 5313 2036 5360 cordibus
2061 5311 2245 5358 nostris
2270 5323 2493 5369 regnare.
2519 5305 2652 5355 Ibid.

1867 5375 2096 5422 Christus
2121 5374 2175 5419 in
2200 5360 2352 5419 carne
2373 5371 2557 5419 humili
2581 5371 2908 5425 contemptus.
2939 5360 3015 5430 12.
3041 5362 3257 5430 Eiquem
3270 5360 3399 5406 elata

1802 5420 1973 5483 Iudaea
1997 5420 2471 5493 repulit,humiliata
2496 5431 2756 5480 Gentilitas
2775 5420 3013 5493 suscepit.
3046 5420 3177 5472 Ibid.

1867 5491 2095 5546 Christus
2119 5491 2336 5544 salutare
2362 5502 2604 5543 nostrum.
2643 5493 2721 5540 58.
2755 5494 2800 5538 et
2824 5491 2902 5540 60.

1866 5561 2095 5606 Christus
2113 5571 2204 5605 nos
2217 5559 2425 5605 redemit
2455 5557 2692 5603 charitate
2727 5567 2826 5599 non
2862 5550 3170 5598 necessitate.
3198 5549 3276 5596 67.

1866 5623 2111 5682 Christus,
2151 5633 2263 5678 quea
2286 5620 2543 5667 commoda
2569 5616 2740 5664 tulerit
2773 5617 2995 5662 humano
3019 5613 3206 5672 generi.
3255 5611 3333 5659 68.
3360 5611 3404 5654 et

1801 5699 2097 5812 sethristus
2120 5745 2228 5812 vias
2253 5741 2823 5812 duras-custodiuit..70.

1866 5807 2092 5855 Christus
2116 5807 2314 5853 dextera
2342 5804 2429 5850 Dei
2455 5805 2611 5850 Patris
2636 5803 2840 5849 dicitur.
2868 5803 2946 5848 72.

1866 5869 2092 5918 Christus
2123 5867 2352 5922 humilis,
2376 5866 2512 5912 venit
2527 5867 2586 5913 ad
2610 5863 2896 5922 superbiam
2910 5862 3174 5908 hominum
3191 5860 3403 5908 confun-

1804 5933 2040 5980 dendam.
2067 5933 2144 5981 89.
