3866 6206
442 394 581 450 1199

504 508 731 556 Christus
753 520 845 555 cur
863 515 998 567 petra
1021 508 1229 554 dicatur.
1270 508 1375 556 119.

503 570 727 617 Christus
755 570 985 617 Ecclesiae
1009 569 1407 616 fundamentum.
1436 569 1564 617 Ibid.

504 633 734 679 Christus
754 633 1041 679 Judseorum
1062 630 1340 690 proximus.
1367 634 1471 681 123.

506 694 735 742 Christus
757 706 848 741 cur
871 707 1058 752 pauper
1090 693 1302 740 dicatur.
1340 695 1444 743 149.

506 756 734 804 Christus
760 758 1029 815 potentiam
1055 755 1108 801 in
1135 756 1289 802 Cruce
1313 770 1411 802 non
1440 754 1725 815 perdiderat
1748 756 1831 800 sed
1859 760 2036 814 poten-

444 818 561 865 tiam
586 818 972 867 demonstrabat.
998 818 1105 866 158.

504 880 733 927 Christus
755 893 846 926 cur
875 885 981 926 orat
1004 892 1119 925 cum
1143 879 1209 927 sit
1234 883 1377 927 Deus.
1408 883 1517 929 159.

504 941 733 988 Christus
756 947 829 988 est
865 942 982 988 linis
1018 942 1171 987 nostri
1197 943 1381 1004 operis,
1406 947 1453 988 et
1482 955 1671 988 merces
1696 942 1882 987 laboris
1931 942 2035 989 179.

444 1005 489 1049 et
522 1016 629 1050 sca.

504 1018 733 1112 attigimus
756 1065 901 1112 nobis
924 1066 1155 1113 sacerdos
1178 1071 1225 1113 et
1245 1066 1569 1113 sacriﬁcium.
1596 1068 1703 1115 186.

505 1127 734 1174 Christus
764 1128 905 1174 ﬁrma
929 1134 1081 1186 petra.
1109 1131 1217 1177 191.

504 1189 732 1236 Christus
756 1190 891 1235 unde
915 1190 1095 1237 dictus.
1123 1192 1230 1239 221.

503 1250 731 1297 Christus
753 1251 880 1297 Deus
913 1256 1026 1297 ante
1049 1265 1246 1298 carnem
1276 1257 1321 1298 et
1345 1252 1398 1298 in
1423 1265 1585 1298 carne.
1618 1252 1727 1299 236.

502 1312 731 1358 Christus
770 1325 860 1358 cur
883 1313 1221 1361 misericordia
1254 1315 1332 1361 Dei
1371 1314 1583 1359 dicatur.
1615 1314 1723 1361 239.

504 1374 735 1420 Christus
757 1375 1013 1421 accinctus
1036 1377 1256 1434 potentia
1278 1376 1529 1435 quomodo
1549 1375 1762 1421 dicatur.
1790 1377 1895 1424 315.

502 1436 728 1482 Christus
752 1434 1014 1483 brachium
1041 1438 1126 1484 Dei
1151 1434 1363 1485 dicatur.
1393 1440 1499 1485 359.

502 1497 901 1544 Christianorum
924 1499 1068 1544 firma
1092 1512 1205 1557 spes
1230 1499 1280 1545 in
1306 1500 1517 1546 Christo.
1545 1499 1650 1547 119.

502 1560 897 1605 Christianorum
922 1561 1160 1608 securitas
1183 1566 1272 1619 est,
1310 1563 1462 1607 Deum
1488 1560 1671 1606 habere
1712 1572 1899 1609 secum.
1930 1564 2033 1610 102.

505 1622 758 1667 Christum
782 1622 1139 1669 annuntiantes
1183 1635 1285 1669 non
1310 1628 1460 1683 caste,
1482 1622 1571 1681 qui
1596 1623 1714 1668 81111.
1743 1623 1818 1669 58.

503 1682 736 1729 Civitates
768 1683 956 1741 quibus
982 1688 1159 1742 praeest
1180 1684 1431 1740 diabolus,
1452 1682 1503 1730 et
1525 1685 1635 1741 ejus
1657 1684 1791 1730 cives
1812 1684 1920 1743 qui.
1946 1687 2028 1733 47.

501 1745 724 1791 Clamare
747 1744 808 1790 ad
836 1745 1385 1804 Dominum,quomodo
1415 1750 1653 1805 oporteat.
1680 1747 1786 1794 136.

502 1806 669 1852 Cieros
694 1806 878 1868 Graece,
904 1807 1075 1855 Latine
1098 1822 1205 1855 sors
1234 1810 1436 1855 dicitur.
1462 1810 1571 1857 335.

502 1867 829 1925 Cog.tationes
856 1882 1103 1928 perversae
1127 1871 1419 1928 iniquorum
1445 1876 1563 1917 sunt
1586 1869 1808 1918 vincula.
1836 1872 1911 1920 51.

502 1930 729 1989 Cognitio
752 1944 856 1976 suae
878 1931 1188 1979 infelicitatis
1210 1946 1423 1992 magnus
1440 1939 1512 1979 est
1538 1945 1765 1979 accessus
1777 1932 1836 1977 ad
1865 1934 2035 1979 Deum.

501 2052 727 2111 Cognitio
755 2054 979 2101 nominis
1009 2055 1109 2112 Dei,
1139 2055 1262 2113 quid
1289 2056 1370 2102 sit.
1412 2058 1492 2105 48.

501 2115 897 2162 Comessationes
921 2130 978 2162 ex
1005 2118 1186 2175 preciis
1208 2119 1549 2164 innocentium
1578 2118 1737 2164 factm.
1778 2120 1886 2166 514.

500 2177 923 2241 Commutationes
940 2185 1113 2225 contra
1136 2180 1400 2228 lsraelitas.
1428 2181 1535 2229 534.
1566 2182 1677 2230 535.
1706 2185 1752 2227 et
1784 2193 1888 2241 seq.

500 2238 861 2284 Commentaria
894 2240 946 2286 in
979 2244 1126 2287 Amos
1150 2242 1459 2300 Prophetam.
1491 2243 1599 2291 505.

501 2301 781 2361 Compungi
810 2300 863 2346 in
889 2302 1166 2360 cubilibus,
1193 2304 1316 2361 quid
1341 2304 1422 2349 sit.
1446 2306 1524 2351 21.

499 2360 756 2406 Confessio
776 2364 1077 2421 quandoque
1112 2360 1308 2410 laudem
1339 2366 1591 2421 significat
1641 2366 1721 2413 85.

499 2421 755 2468 Confessio
779 2428 1093 2479 peccatorum
1118 2429 1192 2470 est
1218 2425 1419 2471 initium
1444 2425 1708 2473 bonorum.
1737 2426 1843 2473 352.

498 2482 838 2530 Confessionis
860 2491 1175 2542 peccatorum
1203 2487 1407 2533 fructus.
1436 2489 1544 2535 192.
1571 2491 1616 2533 et
1640 2490 1747 2536 329.

500 2545 848 2591 Conﬂtentium
885 2552 1081 2603 peccata
1106 2560 1198 2592 sua
1220 2549 1407 2605 optima
1432 2562 1559 2607 spes.
1588 2551 1697 2599 381.

498 2606 737 2653 Confusio
759 2608 1022 2653 obscmnos
1058 2606 1564 2667 comprehendit.447
1581 2645 1591 2656 .

497 2668 800 2715 Confusione
823 2670 1010 2726 peccati
1028 2672 1239 2717 vertitur
1265 2673 1411 2718 homo
1440 2672 1500 2718 ad
1528 2674 1694 2719 Deum.
1725 2676 1832 2725 339.

498 2730 801 2787 Conjugium
827 2731 947 2777 Osee
972 2745 1087 2778 cum
1118 2733 1305 2778 femina
1332 2734 1598 2782 vilissima.
1624 2736 1732 2783 395.

499 2791 803 2858 Conquestio
827 2794 1195 2858 indignationis
1220 2795 1384 2853 plena.
1416 2794 1526 2843 437.
1553 2800 1598 2843 ct
1620 2809 1724 2858 seq.

501 2853 777 2899 Consensio
820 2856 1171 2913 Apostolorum
1206 2870 1310 2902 una
1331 2863 1435 2903 erat
1464 2858 1515 2903 in
1540 2853 1739 2905 virtute.
1770 2864 1877 2911 413.

501 2915 792 2977 Consentire
814 2917 963 2977 malo,
983 2930 1132 2975 quam
1158 2932 1399 2977 magnum
1423 2920 1583 2966 scelus
1599 2922 1679 2966 sit.
1705 2924 1813 2971 250.

500 2975 778 3043 Consilium
814 2975 1014 3043 pietatis
1036 2980 1223 3026 divinas
1246 2975 1543 3043 ostenditur,
1570 2984 1679 3032 533.

502 3038 782 3101 Consilium
806 3040 1060 3100 vanitatis,
1088 3043 1209 3101 quid
1236 3044 1318 3091 sit.
1346 3044 1460 3093 115.

500 3099 781 3165 Consilium
807 3099 1253 3165 impiorum,quid.
1275 3106 1317 3154 7.
1338 3105 1393 3151 Et
1427 3106 1508 3151 via
1541 3115 1872 3165 peccatorum.
1900 3107 2031 3157 Ibid.

499 3160 778 3225 Consilium
803 3163 857 3209 in
880 3165 1051 3210 anima
1075 3160 1275 3225 ponere,
1301 3167 1425 3224 quid
1461 3160 1555 3217 sit.
1579 3172 1657 3218 59.

498 3223 779 3285 Consolatio
808 3226 862 3271 in
888 3223 1325 3285 persecutionibus’
1344 3230 1405 3275 ob
1432 3232 1635 3277 verbum
1663 3232 1767 3278 Dei.

496 3284 809 3352 Consortium
857 3284 1256 3352 eumimeretrice
1283 3291 1359 3336 lex
1405 3297 1550 3339 vetus
1582 3295 1875 3352 prohibebat
1919 3298 2026 3347 395.

496 3346 813 3410 Consuetudo
851 3351 1156 3408 prophetica,
1191 3353 1425 3410 quotiens
1454 3346 1945 3405 Deus'annunciatur
1967 3360 2027 3405 ad

430 3409 877 3479 propugnandum,
900 3412 975 3479 vel
1001 3414 1061 3479 ad
1090 3409 1449 3461 ulciscendum.
1468 3417 1583 3479 7496.
1608 3421 1653 3464 et
1685 3431 1789 3479 seq.

492 3470 811 3517 Consuetudo
836 3476 883 3517 et
905 3473 1124 3527 dignitas
1151 3482 1437 3523 sanctorum
1466 3478 1702 3525 Vivorum
1748 3470 1858 3531 395.

454 3532 810 3642 ilCogistgmptus
838 3535 1194 3593 Prophetarum
1216 3544 1461 3595 quantum
1488 3542 1609 3587 mali
1632 3542 1822 3589 Judmis
1846 3544 2027 3590 attule-

429 3606 509 3640 111.
552 3606 664 3641 1155.

491 3655 632 3716 Conti
659 3667 748 3711 pro
773 3655 993 3701 verubus
1015 3662 1061 3703 et
1095 3658 1295 3704 subulis
1318 3660 1486 3716 positi.
1513 3664 1621 3711 521.

490 3714 809 3760 Continentia
836 3716 1007 3761 hordei
1035 3719 1238 3764 nomine
1263 3714 1476 3768 notatur.
1509 3725 1616 3771 415.

490 3775 759 3842 Conversio
795 3781 965 3842 nostra
998 3783 1225 3842 paratum
1252 3783 1404 3826 Deum
1431 3796 1625 3842 semper
1646 3786 1858 3837 invenit.
1883 3791 1960 3838 29.

491 3836 649 3882 Corda
674 3835 934 3883 hominum
957 3840 1091 3897 apud
1118 3842 1241 3887 Deus
1262 3842 1399 3889 velut
1430 3835 1553 3891 vasa
1572 3847 1761 3897 ﬁctilia.
1790 3852 1846 3898 14

489 3898 601 3975 Cor,
626 3898 1098 3975 qpomododicatur
1121 3902 1470 3975 derelinquere
1496 3921 1606 3957 nos.
1634 3912 1741 3959 109.
1766 3916 1810 3958 el
1834 3926 1938 3975 seq.

492 3962 583 4005 Cor
606 3965 680 4005 est
702 3960 848 4005 statio
868 3969 913 4007 et
936 3962 1079 4009 sedes
1101 3960 1357 4014 vitiorum.
1383 3969 1493 4017 214.

489 4022 584 4089 Cor
617 4021 946 4089 voluntatem,
976 4027 1204 4073 allectum
1231 4033 1277 4073 et
1315 4028 1644 4080 intentionem
1671 4035 1887 4085 denotat.
1913 4039 2020 4089 375.

488 4082 685 4146 Cornua
721 4082 1059 4145 unicornium,
1090 4089 1230 4146 quid.
1257 4092 1338 4139 99.

491 4145 689 4191 Cornua
712 4151 1043 4203 peccatorum.
1077 4145 1187 4199 384.

490 4206 697 4260 Corona,
726 4208 848 4266 quid
874 4209 1124 4267 signiticet
1148 4212 1201 4257 in
1234 4214 1389 4261 sacris
1417 4216 1611 4264 Literis.
1642 4221 1751 4267 317.

487 4268 736 4336 Correctio
761 4272 1114 4336 pmnitentium
1141 4274 1405 4323 Dominum
1434 4278 1611 4336 placat.
1646 4283 1751 4329 485.

488 4329 830 4396 Corruptionis
842 4335 1031 4396 species
1043 4341 1257 4394 quatuor
1270 4329 1586 4387 incommoda
1598 4343 1890 4394 deterentes.
1908 4346 2015 4396 489.

487 4393 800 4503 {gurggndum
840 4395 992 4456 viam,
1032 4393 1130 4443 non
1164 4398 1523 4449 adhmrendum
1558 4404 1611 4450 in
1638 4406 1718 4452 via
1743 4393 1897 4464 hujus
1920 4393 2016 4455 8814

508 4467 543 4503 1.
646 4489 657 4501 .

420 4466 543 4512 cuti,
577 4466 657 4503 85.

485 4514 700 4578 Crapuia
732 4519 780 4562 et
794 4517 1033 4578 ebrietate
1054 4529 1358 4571 accusantur
1382 4525 1633 4577 Israelilw.
1660 4531 1767 4578 537.

482 4577 761 4624 Criminum
780 4577 977 4628 foeditas
991 4583 1106 4630 vita:
1119 4587 1448 4644 prosperitate
1463 4577 1739 4648 aliquando
1759 4592 1889 4639 latet.
1905 4596 2013 4643 407.

1192 4694 1245 4757 D

478 4804 674 4873 0111111011
709 4807 897 4873 quibus
928 4809 1129 4857 vicinus
1163 4813 1349 4861 dicitur
1382 4829 1508 4873 esse,
1547 4818 1626 4865 vel
1655 4819 1870 4870 medius.
1898 4825 2005 4873 423.

476 4865 697 4938 Dagonis
718 4870 880 4938 st‘atua
909 4873 1214 4922 comminuta
1256 4876 1318 4922 ab
1342 4879 1479 4937 Arce,
1500 4865 1591 4926 ’081
1637 4865 1870 4938 potentia:

473 4925 698 5001 Damasci
722 4931 1096 5001 popu_lus_sa3pe
1118 4949 1237 4983 arva
1260 4925 1868 5001 Israelis'populatuswest:

415 4989 795 5099 420111111111110118
819 4993 918 5055 ((18)
943 4989 1159 5045 fraterna
1183 5001 1419 5059 exultare,
1453 4989 1603 5062 grave
1625 4989 1879 5063 peccatum
1899 4989 1999 5056 Esi.

473 5084 630 5159 David
651 5113 925 5184 tria_mill_ia
945 5118 1205 5184 hominum
1231 5124 1380 5184 elegit
1402 5126 1464 5172 ad
1489 5127 1772 5176 Psalmosin
1793 5131 1876 5178 Dei
1901 5132 2007 5179 lau-

546 5177 838 5225 cantandos.
867 5181 911 5227 4.
948 5180 1217 5230 Etcentum
1240 5174 1608 5247 quinquaginta
1632 5174 2003 5251 iiiis"p}&;rééﬁ.

472 5297 673 5347 Davidis
698 5305 916 5359 etymon.
940 5306 1012 5353 11.

471 5359 621 5434 David
664 5368 867 5434 mortem
903 5366 1109 5434 Christi
1130 5379 1232 5434 non
1272 5370 1461 5429 futuro,
1504 5374 1585 5421 sed
1615 5377 1864 5434 prmterito
1889 5384 2007 5427 tem-

406 5433 526 5479 pore
548 5425 786 5485 narravit,
814 5433 860 5472 et
887 5441 1058 5485 quare.
1095 5432 1167 5479 11.

470 5483 674 5546 Davidis
698 5483 959 5545 propinet—ia
984 5492 1277 5541 certissima.
1303 5498 1411 5546 360.

471 5545 671 5617 Davidis
694 5550 969 5617 prophetim
986 5554 1048 5617 de
1074 5555 1257 5617 Christi
1289 5559 1559 5617 mysteriis.
1587 5562 1696 5610 253.

470 5608 640 5680 Decem
669 5610 870 5680 chordae
893 5614 1134 5675 psalterii,
1168 5620 1292 5675 quid
1322 5608 1537 5680 signent.
1589 5608 1634 5672 4.

468 5668 733 5738 Delectatio
757 5668 929 5738 rerum
951 5681 1023 5721 ter
1047 5668 1280 5726 ranarum
1309 5668 1792 5738 renibus—tribuitur.
1824 5691 1902 5738 37.

470 5727 727 5790 Deiectatio
750 5747 881 5779 curae
905 5736 1022 5782 linis
1057 5744 1148 5787 est.
1174 5742 1251 5790 38.

408 5788 662 5899 (“3:111:31
685 5796 888 5900 (figulum
934 5799 1099 5845 eordis
1136 5788 1477 5869 obtbnebrant,
1528 5809 1738 5870 ipsaque
1786 5814 1998 5861 tenebrae

1980 394 2207 445 INDEX

3615 392 3741 447 1200

2196 507 2366 571 Dentes
2404 512 2721 571 peccatorum
2768 506 2821 552 in
2862 505 3019 553 sacris
3048 504 3255 561 Litoris,
3284 506 3418 565 quid
3450 507 3741 571 signiﬁcent,

2134 573 2179 614 et
2204 568 2325 626 quid
2365 568 2611 615 mordere.
2655 569 2733 617 19.

2200 633 2332 677 Deus
2357 642 2500 675 verus
2523 631 2658 687 quis.
2683 628 2776 678 245
2813 630 2859 675 et
2882 640 2988 689 seq.
3015 630 3146 676 Deus
3174 634 3428 689 quantum
3454 634 3516 677 ad
3546 644 3741 690 parcen-

2136 692 2255 739 dum
2282 691 2572 749 promptior.
2602 692 2710 740 509.
2746 690 2819 737 Ad
2855 692 3053 737 veniam
3092 696 3378 751 promptus.
3431 694 3540 742 431.
3569 696 3742 753 Populo

2134 754 2313 801 habitu
2331 754 2491 799 leonis
2503 766 2555 799 se
2566 752 2797 812 promisit
2831 764 3113 801 occurrere.
3133 754 3242 802 429.
3264 756 3506 801 Luctatus
3529 752 3641 803 cum
3665 760 3737 804 Ja-

2132 818 2243 865 cob.
2260 816 2366 863 465.
2393 815 2447 860 in
2476 814 2757 860 miserando
2780 813 2940 862 dives.
2967 816 3075 863 520.
3105 818 3144 861 Α
3175 828 3439 874 quoquam
3464 830 3565 863 non
3587 818 3738 866 auter.

2136 885 2236 926 tur.
2273 879 2380 926 425.
2414 878 2581 923 Preces
2603 882 2795 922 nostras
2827 876 3089 923 exaudivit
3122 890 3226 923 non
3239 890 3304 923 ex
3329 880 3520 925 nostris
3545 882 3738 936 meritis,

2135 941 2219 987 sed
2244 953 2337 986 sua
2364 944 2535 985 sancta
2558 937 2925 985 misericordia.
2958 940 3040 987 17.
3068 940 3290 987 Labores
3320 952 3533 987 suorum
3559 944 3741 1001 aspicit,

2134 1001 2516 1066 vindictamque
2539 1004 2703 1066 sumet
2727 1001 2801 1066 de.
2822 1001 3262 1066 persequentibus.
3291 1002 3371 1049 53.
3395 1005 3443 1048 et
3475 1016 3582 1066 seq.
3624 1006 3745 1059 Quos

2135 1068 2264 1110 amat
2286 1063 2508 1121 castigat.
2553 1063 2636 1126 782.
2671 1059 2973 1126 Laudandus
3006 1068 3377 1126 opereLmente
3410 1059 3745 1126 contemptu.

2138 1126 2252 1179 dus,
2277 1138 2395 1171 voce
2431 1124 2784 1183 prmdicandus
2809 1128 2901 1180 est,
2927 1129 2981 1169 ut
3004 1131 3134 1171 recte
3158 1124 3245 1170 illi
3268 1125 3469 1184 lingua,
3502 1124 3747 1177 conscien-

2139 1188 2208 1234 tia
2235 1192 2282 1233 et
2304 1188 2408 1233 vita
2432 1185 2830 1249 consonent._4_9.
2846 1184 3146 1249 Qualisipse
3167 1188 3519 1249 estsanctitate
3535 1195 3745 1249 81810111-

2139 1254 2249 1309 tate,
2270 1249 2388 1295 tales
2405 1261 2503 1294 non
2524 1259 2632 1294 esse
2648 1246 2910 1309 desiderat.
2933 1248 3011 1295 56.
3052 1250 3190 1301 Quos
3209 1248 3410 1309 dicatur
3451 1246 3740 1299 humiliare.

2137 1313 2248 1361 217.
2275 1312 2329 1357 Et
2352 1310 2405 1356 in
2430 1310 2685 1369 prosperis
2707 1313 2751 1355 et
2774 1308 3000 1354 adversis
3028 1310 3182 1356 rebus
3213 1308 3612 1360 benedicendus.
3646 1317 3743 1363 150.

2140 1376 2287 1419 Dator
2297 1379 2369 1419 est
2388 1373 2616 1418 omnium
2641 1374 2961 1429 potestatum.
2988 1372 3098 1420 376.
3117 1371 3259 1432 Quos
3280 1373 3334 1419 in
3349 1375 3623 1431 reprobum
3642 1390 3747 1422 sen-

2139 1448 2251 1482 sum
2274 1433 2450 1482 tradat.
2465 1434 2543 1482 49.
2570 1434 2648 1482 50.
2675 1432 2736 1481 Et.
2758 1444 2888 1489 quos
2908 1432 3109 1480 irritare
3126 1434 3340 1481 dicatur.
3355 1432 3495 1484 Ibid.
3521 1438 3748 1485 Persona-

2139 1510 2250 1560 rum
2276 1500 2501 1560 aceeptor
2523 1507 2623 1560 non
2649 1498 2740 1541 est.
2768 1494 2852 1560 55.
2872 1493 3043 1560 Justus
3066 1496 3123 1560 _i_n
3148 1496 3307 1560 bonos
3340 1502 3389 1543 et
3411 1499 3594 1560 malos,
3626 1513 3749 1559 quo-

2138 1558 2286 1605 modo
2308 1558 2520 1605 dicatur.
2554 1557 2631 1605 40.
2658 1568 2753 1603 sua
2784 1555 3135 1602 misericordia
3165 1559 3227 1603 ab
3259 1562 3446 1605 aeterno
3472 1555 3747 1608 humanum

2138 1633 2297 1679 genus
2329 1618 2573 1666 redimere
2604 1618 2913 1681 decreverat.
2932 1618 3282 1681 110.Quando
3307 1633 3581 1679 pauperem
3605 1624 3750 1681 adju-

2136 1682 2629 1730 vetintribulatione.
2651 1682 2697 1728 4.
2723 1679 2898 1725 Merita
2930 1680 3197 1727 hominum
3231 1694 3333 1739 quo
3362 1689 3507 1741 pacto
3535 1679 3749 1733 attendat

2136 1744 2185 1790 in
2211 1744 2491 1790 exhibenda
2521 1755 2615 1789 sua
2637 1740 2999 1788 misericordia.
3026 1742 3139 1790 303.
3195 1744 3330 1797 Quos
3364 1740 3660 1803 1801011818.
3702 1754 3751 1793 et

2137 1819 2237 1865 qua
2276 1807 2464 1852 ratione
2508 1805 2721 1851 dicatur.
2757 1804 2835 1851 81.
2872 1802 2928 1847 Ut
2948 1803 3259 1861 diligendus,
3287 1806 3354 1851 ita
3378 1802 3749 1857 et’laudandust

2139 1869 2215 1919 85.
2244 1869 2476 1914 Eternus
2500 1867 2658 1924 portio
2682 1868 3074 1913 estsanclorum.
3101 1869 3182 1915 68.
3196 1868 3293 1913 Nos
3314 1880 3344 1912 a
3367 1869 3508 1915 vitiis
3529 1872 3744 1920 abacum.

2142 1930 2214 1975 dit
2238 1934 2283 1975 et
2319 1929 2531 1987 protegit
2554 1928 2607 1974 in
2634 1927 2846 1982 Christo,
2875 1934 2929 1972 ut
2955 1926 3008 1971 in
3037 1927 3152 1984 ipso
3176 1941 3275 1974 non
3302 1931 3483 1977 exaltet
3511 1934 3576 1979 ad
3600 1935 3747 1980 virtu-

2141 1997 2230 2039 tes.
2278 1992 2385 2039 119.
2408 1991 2549 2036 Nunc
2572 1987 2911 2053 spiritualiter
2934 1987 2991 2053 in
3024 1989 3173 2053 nobis
3194 1996 3448 2050 operatur,
3472 1996 3608 2053 quod
3629 1997 3744 2042 olim

2141 2052 2737 2116 patricusicorporaliter
2774 2049 3067 2116 exhibebat.
3089 2052 3198 2100 213.
3243 2056 3355 2102 214.
3384 2049 3552 2102 Bonus
3584 2071 3672 2116 per
3699 2072 3747 2104 se

2138 2111 2626 2163 est.219.Terminat
2661 2111 2872 2170 gratiam
2921 2124 3089 2171 suam,
3126 2127 3278 2172 quam
3312 2111 3747 2166 distribuit-Eccle-

2140 2178 2244 2225 sim.
2282 2177 2391 2225 378.
2428 2175 2600 2223 Oculis
2632 2172 2925 2220 carnalibus
2948 2173 3158 2219 minime
3189 2182 3261 2221 est
3281 2180 3607 2234 quaerendus.
3636 2183 3739 2230 199.

2139 2241 2247 2288 200.
2266 2238 2487 2300 Quorum
2511 2235 2835 2300 viasdicatur
2856 2246 3080 2300 noscere.
3104 2238 3131 2281 7
3136 2237 3373 2300 9.AVerba
3397 2253 3491 2287 sua
3514 2241 3625 2300 igne
3651 2244 3739 2289 tri-

2140 2298 2414 2347 bulationis
2454 2297 2723 2345 examinat.
2755 2293 2890 2343 Ibid.
2942 2297 3071 2342 Dura
3129 2298 3278 2345 nobis
3315 2301 3479 2358 jubet,
3515 2293 3741 2351 sadmira

2139 2368 2257 2409 sunt
2282 2375 2396 2420 quae
2419 2361 2677 2419 promittit.
2695 2358 3050 2406 71.Nolentem
3089 2362 3353 2418 prmvenit,
3381 2370 3435 2410 ut
3458 2365 3737 2413 benevelit:

2139 2425 2386 2470 volentem
2416 2424 2642 2481 adjuvat.
2689 2422 2803 2483 103.
2837 2420 3124 2483 Quohpacto
3157 2436 3251 2468 nos
3295 2432 3448 2483 regat.
3494 2425 3629 2476 Ibid.
3667 2430 3739 2475 Est

2134 2487 2385 2543 justorum
2420 2485 2657 2530 exaltatio
2702 2486 2749 2527 et
2793 2481 3079 2531 haereditas.
3105 2486 3185 2531 27.
3218 2481 3397 2532 Coacta
3418 2490 3624 2535 servitia
3645 2504 3736 2536 non

2140 2548 2333 2605 recipit.
2368 2549 2474 2595 123.
2518 2548 2573 2593 in
2605 2544 2793 2604 quibus
2819 2543 3042 2590 habitare
3084 2545 3301 2595 dicatur.
3332 2550 3445 2598 380.
3476 2552 3575 2597 Suo
3594 2553 3734 2598 bene-

2139 2610 2339 2669 placito,
2364 2614 2412 2654 et
2436 2609 2597 2666 gratia
2615 2605 2969 2662 solajustiiicat
2990 2606 3275 2669 hominem.
3298 2612 3415 2659 191.
3440 2612 3541 2658 Cur
3557 2614 3741 2659 differat

2138 2668 2375 2718 exaudire
2422 2671 2673 2716 orationes
2695 2680 2919 2713 suorum.
2949 2668 3213 2732 29._.iudex
3233 2671 3407 2727 justus
3422 2673 3599 2721 ultimo
3610 2675 3737 2732 judi~

2138 2734 2235 2787 cio,
2254 2733 2486 2778 ultimam
2522 2742 2725 2795 poenam
2763 2735 2998 2776 reservat.
3025 2730 3102 2778 39.
3136 2731 3285 2778 Solus
3308 2736 3509 2780 animos
3529 2742 3574 2781 et
3597 2730 3737 2795 opera

2139 2800 2308 2841 nostra
2333 2794 2493 2851 novit,
2534 2791 2702 2847 corda,
2739 2795 2787 2837 et
2829 2803 2973 2855 renes
2996 2796 3270 2855 scrutatur.
3299 2795 3377 2845 38.
3404 2791 3733 2855 Reproborum

2139 2869 2309 2916 preces
2334 2868 2434 2901 non
2477 2855 2637 2910 audit,
2683 2856 2731 2898 et
2753 2864 2931 2916 quare._
2955 2854 3035 2901 83.
3057 2855 3134 2916 84.
3165 2855 3271 2909 Quo
3305 2863 3447 2914 pacto
3474 2854 3731 2907 timendus.

2140 2914 2248 2967 100.
2268 2920 2371 2963 Non
2401 2917 2584 2962 nostris
2616 2914 2828 2969 meritis,
2850 2914 2936 2960 sed
2959 2927 3049 2961 sua
3078 2915 3210 2962 bona
3236 2920 3497 2966 voluntate
3513 2921 3733 2968 Ecclesia:

2139 2980 2401 3026 henefacit.
2428 2980 2538 3027 259.
2564 2976 2877 3040 Oblivionem
2896 2977 3073 3040 nescit.
3091 2978 3169 3026 49.
3190 2981 3230 3025 Α
3253 2979 3483 3039 Domino,
3510 2982 3632 3040 quid
3645 2983 3733 3029 dif-

2142 3044 2278 3089 ferat.
2317 3042 2392 3089 75.
2420 3042 2556 3088 Bona
2583 3038 2819 3085 voluntas
2854 3039 3091 3096 praecedit
3114 3046 3335 3087 nostram
3364 3038 3546 3091 bonam
3568 3047 3733 3092 volun-

2139 3108 2301 3149 tatem.
2329 3105 2408 3151 27.
2435 3100 3021 3163 Omnipotentisrjustum
3045 3101 3305 3158 judicium
3327 3105 3495 3163 quale.
3520 3108 3597 3156 50.

2201 3164 2460 3222 Deigioria
2476 3170 2593 3210 tunc
2632 3161 2924 3222 percipitur,
2955 3175 3070 3207 cum
3095 3164 3270 3209 omnia
3295 3161 3545 3214 laboriosa
3567 3171 3732 3215 termi-

2138 3232 2340 3273 nantur.
2368 3227 2444 3274 50.
2472 3225 2633 3272 Verba
2654 3222 2866 3282 sagittae,
2890 3228 2937 3270 et
2960 3223 3163 3280 gladius
3184 3226 3444 3275 dicuntur.
3471 3232 3734 3278 221.Boni-

2139 3293 2212 3335 tas
2235 3288 2425 3350 quibus
2448 3289 2513 3334 sit
2547 3285 2764 3350 cognita.
2793 3284 2900 3350 367.
2938 3286 3037 3331 080
3058 3286 3114 3331 111
3131 3286 3201 3350 ad
3212 3290 3386 3348 versis,
3414 3292 3731 3350 supplicandi

2138 3352 2262 3396 ratio
2288 3349 2494 3408 duplex.
2522 3348 2629 3397 428.
2659 3351 2704 3394 et
2734 3358 2836 3407 seq.
2861 3347 2969 3409 Deo
3012 3347 3287 3409 servientes
3319 3347 3534 3409 regnare
3555 3354 3731 3402 dicun-

2137 3418 2233 3460 tur.
2261 3413 2337 3461 15.
2365 3407 2625 3470 Scriptura
2649 3421 2787 3455 sacra
2812 3407 2985 3471 tribuit
3006 3408 3328 3471 plerumque,
3354 3407 3487 3470 quod
3511 3416 3565 3461 in
3595 3416 3731 3462 nobis

2135 3473 2223 3519 ille
2257 3469 2506 3532 operatur.
2537 3474 2615 3520 17.
2645 3472 2735 3518 Pro
2755 3470 2863 3515 suis
2896 3469 3155 3532 beneﬁciis
3185 3469 3519 3532 nihiiprmter
3541 3478 3727 3524 laudem

2132 3531 2404 3593 possumus
2441 3533 2731 3592 rependere.
2766 3531 2842 3580 75.
2884 3531 2985 3595 soli
3012 3545 3237 3590 peccare,
3261 3531 3517 3595 quomodo
3540 3539 3728 3586 intelli-

2130 3602 2287 3655 gatur.
2333 3597 2443 3644 257.
2490 3597 2639 3641 Breve
2679 3598 2766 3652 est,
2801 3593 2934 3651 quod
2976 3593 3497 3644 hominibus‘tardare
3521 3601 3725 3648 videtur.

2132 3654 2238 3707 131.
2265 3654 2812 3723 Minimeattribuenda
2834 3660 3031 3713 peccata
3053 3657 3338 3707 hominum.
3355 3660 3447 3709 383
3472 3662 3731 3723 Concipere

2132 3725 2175 3766 et
2202 3732 2375 3778 parere
2398 3719 2540 3779 quid.
2570 3722 2645 3768 40.

2198 3783 2350 3846 Deum
2377 3778 2568 3846 timere,
2592 3781 2679 3846 qui
2703 3778 3035 3846 intelligatur.
3056 3782 3165 3846 149.
3187 3783 3345 3846 Deum
3366 3783 3588 3844 aliquem
3605 3800 3728 3846 pre-

2127 3844 2301 3890 venire
2334 3843 2459 3902 quid
2478 3843 2559 3891 sit.
2595 3843 2672 3892 73.
2699 3844 2746 3905 et
2769 3842 3095 3905 seq.iTerram
3124 3843 3346 3905 visitare,
3375 3842 3724 3902 quidsitf'zis.

2128 3906 2432 3963 Prsecingere
2462 3918 2597 3960 suos,
2621 3904 2745 3967 quid
2771 3903 2856 3967 sit.
2880 3904 2958 3950 83.
2984 3903 3077 3955 Qui
3104 3918 3243 3951 nunc
3262 3903 3478 3965 negligit
3499 3918 3721 3967 pacatum

2127 3967 2305 4014 sentiet
2328 3967 2384 4014 in
2422 3967 2618 4024 judicio
2642 3964 2811 4011 futuro
2845 3964 3049 4014 iratum.
3080 3969 3159 4014 12.
3206 3967 3307 4013 Cur
3334 3964 3537 4016 oremus
3559 3975 3723 4018 omnia

2127 4031 2382 4077 scientem.
2410 4030 2518 4077 203.
2539 4034 2585 4075 et
2607 4028 2715 4077 204.
2746 4030 2783 4072 A
2819 4026 3003 4072 dextris
3035 4028 3237 4083 habere,
3270 4030 3396 4087 quid
3423 4032 3506 4078 sit.
3529 4034 3606 4081 68.

2188 4093 2442 4137 Desertum
2474 4095 2521 4136 81
2546 4089 2770 4148 speciosa
2792 4088 2993 4143 deserti,
3026 4089 3150 4146 quid
3176 4091 3261 4138 sit.
3285 4092 3398 4139 317.

2188 4152 2502 4199 Desideriutn
2529 4162 2804 4211 pauperum
2832 4154 2922 4210 est,
2948 4154 3005 4195 ut
3027 4151 3111 4196 ﬂat
3137 4152 3219 4197 Dei
3251 4152 3527 4209 judicium.
3555 4158 3634 4205 54.

2187 4214 2426 4279 Diabolus
2457 4210 2709 4279 pessimus
2732 4210 3004 4279 fenerator
3033 4212 3248 4279 dicitur.
3274 4216 3386 4264 362.
3411 4220 3457 4262 et
3477 4230 3581 4279 seq.

2186 4276 2422 4339 Diabolus
2452 4274 2664 4339 perfecte
2699 4279 2963 4331 superatur
2992 4273 3074 4319 his
3112 4274 3335 4335 duobus,
3366 4273 3656 4339 amore'Dei,
3680 4286 3720 4324 et

2124 4338 2240 4384 odio
2265 4338 2403 4385 mali.
2430 4338 2505 4386 83.

2186 4400 2420 4445 Diabolus
2444 4411 2582 4444 nunc
2603 4397 2697 4453 leo,
2724 4409 2863 4442 nunc
2885 4408 3093 4454 serpens
3116 4397 3323 4447 dicitur.
3353 4402 3430 4449 36.

2186 4462 2423 4507 Diabolus
2448 4464 2588 4518 pater
2621 4457 2929 4507 inﬁdelium.
2959 4460 3064 4507 120.

2184 4523 2297 4570 liies
2323 4521 2682 4579 tribulationis,
2706 4518 2829 4577 quid
2851 4519 3033 4575 juvent
3060 4520 3318 4571 fidelibus.
3344 4526 3457 4573 248.

2181 4584 2294 4631 Dies
2318 4583 2542 4631 hominis
2568 4580 2763 4641 quales.
2792 4582 2898 4631 179.

2183 4647 2297 4693 Dies
2322 4648 2376 4693 in
2401 4645 2577 4705 sacris,
2608 4649 2655 4690 et
2685 4655 2805 4703 nox,
2825 4643 2949 4701 quid
2975 4644 3281 4702 signiﬁcent.
3314 4648 3424 4697 203.

2181 4707 2294 4753 Dies
2319 4707 2568 4753 malorum
2600 4705 2700 4750 vita
2723 4718 2945 4763 praesens
2970 4711 3063 4767 est,
3090 4708 3200 4756 119.

2180 4769 2284 4815 Diei
2309 4770 2551 4815 Extremm
2577 4768 2849 4826 prmdictio.
2877 4769 2987 4817 490.

2179 4831 2291 4876 Dies
2316 4830 2531 4887 Domini,
2557 4830 2692 4888 quis.
2721 4829 2827 4877 491.

2180 4894 2292 4939 Dies
2322 4892 2527 4939 extremi
2548 4891 2751 4951 judicii,
2778 4905 2887 4951 cur,
2912 4896 2957 4937 et
2984 4893 3175 4951 quibus
3215 4893 3484 4944 horribilis
3507 4897 3696 4944 dicatur

2115 4956 2218 5002 497.
2248 4958 2293 5001 et
2328 4967 2434 5002 sea.

2176 4967 2515 5062 011⁸8111ῗὲ9⁸ῡοὶ
2548 5022 2594 5059 81
2628 5015 2843 5073 proximi
2868 5015 3061 5074 Novum
3086 5022 3136 5062 et
3159 5016 3314 5063 Vetus
3354 5019 3706 5068 Testamentum

2112 5078 2507 5136 comprehendit.
2551 5078 2625 5125 73.

2174 5134 2331 5195 Di'rigi
2354 5140 2408 5185 in
2432 5137 2771 5202 veritateDei,
2798 5134 2922 5196 quid
2950 5139 3032 5202 sit.
3060 5140 3172 5188 110.
3207 5142 3255 5202 et
3275 5153 3384 5202 seq.

2170 5202 2445 5260 Disciplina
2470 5199 2692 5247 hominis
2710 5204 2784 5245 est
2806 5200 3147 5247 emendatoria
3164 5199 3446 5252 tribulatio.
3471 5208 3545 5255 15.
3563 5208 3705 5260 Quam

2108 5264 2198 5329 qui
2217 5262 2454 5329 negligit,
2480 5263 2644 5309 statim
2670 5275 2699 5307 a
2731 5263 2814 5329 via
2830 5262 3041 5329 justitiae
3066 5261 3369 5329 9811181014
3390 5271 3437 5313 et
3459 5281 3566 5329 seq.

2174 5325 2463 5383 Disciplina)
2485 5329 2533 5371 et
2554 5323 2878 5387 correctionis
2894 5325 3093 5372 Domini
3119 5325 3317 5373 utilitas
3341 5323 3554 5387 duplei.
3582 5333 3652 5379 8‘2.

2172 5388 2413 5434 Discretio
2436 5400 2620 5445 magna
2647 5386 2701 5432 in
2726 5386 3037 5443 professione
3074 5388 3275 5436 orandi.
3302 5389 3415 5438 429.

2171 5449 2411 5496 Discretio
2440 5449 2571 5495 inter
2593 5447 2790 5507 plebem
2815 5453 2862 5493 et
2894 5450 3189 5497 sacerdotes.
3223 5452 3338 5500 419.

2171 5510 2429 5558 Distinctio
2460 5511 2587 5557 inter
2610 5511 2852 5566 incautos,
2880 5517 2928 5556 et
2952 5524 3200 5570 procaces.
3231 5514 3339 5561 424.

2168 5574 2345 5619 Divina
2369 5572 2530 5619 virtus
2555 5577 2673 5619 tunc
2696 5570 2855 5633 adest,
2885 5571 2970 5619 ubi
2994 5575 3331 5633 prtesumptio
3357 5578 3579 5624 humana
3600 5580 3697 5624 deii-

2109 5633 2192 5683 cit.
2226 5636 2331 5685 143.

2171 5696 2341 5743 Divini
2372 5698 2557 5743 amoris
2582 5697 2803 5744 effectus.
2827 5697 2937 5745 371.

2169 5758 2457 5805 Divinitatis
2500 5770 2647 5806 aures
2691 5770 2808 5817 quae
2830 5757 3075 5806 dicuntur
3107 5767 3231 5807 sunt
3255 5761 3420 5820 pietas
3442 5768 3486 5811 et
3516 5763 3693 5809 miseri-

2106 5821 2293 5869 cordia.
2320 5823 2398 5870 21.
2427 5825 2472 5868 et
2506 5834 2609 5882 seq.

2170 5883 2355 5929 Divitas
2376 5886 2463 5941 qui
2494 5896 2610 5930 vere
2643 5882 2893 5932 dicantur.
2917 5884 3026 5932 225.
