3866 6206
320 313 340 367 1
352 311 457 366 203

376 425 634 484 Jejunium
655 427 797 473 omni
821 426 965 473 sexui
989 432 1033 473 et
1058 426 1187 473 zetati
1215 424 1471 472 indicitur.
1504 423 1613 473 484.

376 489 633 536 Jeroboam
657 487 803 546 Regis
818 488 1123 536 idololatria.
1151 488 1227 536 43.

378 551 633 597 Jeroboam
672 551 735 596 ob
758 554 1094 609 contemptum
1120 548 1395 608 Religionis
1416 548 1479 594 ab
1500 548 1683 595 aulicis
1715 546 1915 593 exhila-

318 618 470 660 ratus.
503 613 611 661 434.

380 674 644 724 Jeroboam
669 672 818 720 initio
845 671 1103 722 Salomoni
1127 673 1323 719 invisus
1345 672 1409 719 ob
1424 672 1670 732 pietatem,
1703 682 1915 729 regnan-

318 737 371 784 di
393 736 667 795 cupiditate
691 736 1002 794 apostatavit.
1029 736 1138 784 443.

378 799 636 846 Jeroboam
660 798 894 856 princeps
917 795 1207 843 divisionis.
1225 798 1337 846 467.

379 854 783 921 Jerusalem‘(in)
829 864 876 905 et
908 859 1025 905 Sion
1056 863 1158 905 tuta
1182 859 1278 904 erit
1306 857 1516 904 salvatio
1538 856 1591 904 in
1613 854 1914 913 diejudicii.

322 923 431 973 499.
464 926 509 969 et
532 935 639 973 sea.

378 935 653 1032 isi-Exigi}.
678 982 808 1029 visio
832 981 969 1040 pacis
999 981 1365 1040 interpretatur.
1394 982 1470 1030 49.

378 1047 652 1093 Jerusalem
676 1057 766 1090 cur
789 1043 1027 1090 incendio
1045 1044 1216 1091 hostili
1242 1042 1519 1102 plectenda.
1535 1043 1647 1090 513.

379 1108 602 1155 Jesrahel
626 1106 903 1153 meretricis
927 1106 1308 1165 primogenitus.
1342 1104 1449 1153 399.

380 1170 519 1230 Ignis
545 1169 749 1217 nomine
773 1172 1088 1215 transcursus
1110 1168 1324 1215 ﬂammae
1347 1166 1789 1225 intelligitur.342.

382 1231 686 1292 Ignorantia,
711 1230 877 1276 cordis
904 1233 977 1276 est
999 1230 1293 1276 obscuritas.
1321 1230 1397 1277 55.

385 1294 549 1340 Imber
573 1292 826 1339 serotinus
847 1294 895 1337 et
917 1292 1211 1339 matutinus.
1249 1294 1357 1340 493.

384 1355 700 1414 Impatientia
722 1354 926 1413 signum
947 1358 1018 1400 est
1045 1354 1267 1401 hominis
1293 1365 1393 1399 non
1410 1351 1555 1414 boni.
1573 1351 1680 1399 195.

384 1413 633 1478 Impietas,
659 1415 892 1464 utilitatis
913 1415 1107 1476 faciem,
1132 1416 1337 1473 ﬂagitiis
1360 1413 1599 1463 obtendit.
1624 1413 1731 1462 407.

385 1479 655 1537 Impietatis
680 1478 871 1525 fructus
889 1478 1141 1536 superbia.
1168 1480 1275 1528 527.

386 1543 453 1587 Im
463 1540 536 1600 pii
558 1553 647 1587 cur
670 1541 732 1587 de
757 1541 1104 1587 emendatione
1128 1552 1228 1587 non
1260 1540 1496 1597 cogitant.
1518 1538 1626 1600 425.

385 1598 659 1662 Impiorum
686 1602 947 1649 conversio
979 1602 1041 1649 ad
1068 1603 1217 1649 Deum
1243 1614 1391 1661 paena
1410 1604 1483 1647 est
1504 1598 1722 1646 diabolo.
1748 1599 1825 1646 37.

385 1664 658 1723 Impiorum
684 1664 890 1711 nomina
911 1677 941 1710 a
964 1664 1100 1710 vitiis
1123 1664 1373 1723 imposita.
1408 1663 1484 1711 67.

385 1725 661 1785 Impiorum
686 1725 879 1773 saavitia
895 1727 1041 1784 juvat
1060 1726 1123 1772 ad
1145 1726 1346 1785 piorum
1370 1737 1537 1773 usum.
1569 1724 1672 1773 166.

385 1788 575 1847 Impius
607 1788 803 1845 pulveri
824 1800 916 1834 cur
937 1787 1272 1835 adsimiletur.
1299 1790 1346 1836 9.
1373 1790 1421 1833 et
1442 1799 1547 1847 seq.

386 1849 531 1909 lmpii
557 1862 648 1897 cur
670 1863 768 1896 non
804 1862 1059 1907 resurgere
1076 1850 1129 1896 in
1152 1850 1340 1906 iudicio
1365 1848 1612 1896 dicantur.
1646 1848 1716 1894 10.

384 1911 644 1959 Inaurium
669 1912 873 1959 nomine
896 1911 1177 1959 obedientia
1205 1911 1499 1958 ostenditur.
1529 1910 1637 1958 409.

386 1973 665 2033 Indigentia
687 1986 874 2033 panum
897 1975 1044 2020 datur
1067 1979 1175 2032 post
1200 1974 1426 2020 dentium
1450 1977 1722 2030 stuporem.
1755 1971 1862 2019 523.

385 2036 666 2097 Indignatio
698 2036 802 2097 Dei,
827 2035 1048 2094 imagine
1070 2036 1248 2083 Leonis
1271 2035 1589 2094 exprimitur.
1616 2033 1724 2081 519.

387 2096 637 2144 Inebriare
660 2096 905 2155 homines,
934 2098 1025 2157 qui
1049 2098 1175 2145 Deus
1197 2098 1410 2146 dicatur.
1438 2096 1550 2146 315.
1574 2098 1623 2142 et
1644 2107 1749 2156 seq.

387 2159 606 2206 Infantes
633 2172 691 2205 ac
709 2161 958 2218 lactentes,
984 2159 1074 2218 qui
1097 2159 1199 2206 sint
1223 2159 1276 2205 in
1299 2159 1476 2207 divino
1497 2158 1716 2217 eloquio.
1743 2158 1818 2205 42.

389 2218 623 2267 Infernus
648 2221 885 2281 Assyrius
910 2226 1130 2268 vocatur.
1159 2222 1271 2270 469.

388 2283 701 2340 Ingratitudo
735 2283 1062 2330 benﬁciorum
1098 2283 1200 2331 Dei.
1228 2285 1335 2332 124.

389 2343 623 2390 Inimicos
648 2344 979 2402 confringere,
1006 2344 1129 2401 quid
1159 2345 1242 2391 sit.
1269 2345 1347 2391 85.

390 2405 625 2451 inimicos
649 2406 909 2462 exaltatur,
937 2418 1026 2450 cur
1052 2417 1276 2462 peccasse
1300 2402 1667 2450 convincimur.
1692 2403 1770 2451 69.

388 2466 631 2512 Inimicus
654 2466 906 2523 singulari
934 2479 1142 2512 numero
1167 2465 1421 2512 diabolum
1445 2464 1715 2523 signiﬁcat.
1743 2466 1820 2512 37.

389 2528 558 2586 Iniqui
582 2528 800 2587 pulveri,
824 2532 908 2573 aut
924 2528 1030 2574 luto
1045 2528 1420 2586 aequiparantur
1433 2526 1486 2572 in
1501 2524 1840 2573 sacrisliteris.
1855 2525 1933 2574 84.

389 2589 637 2647 Iniquitas
662 2590 835 2649 populi
861 2590 1121 2637 Israelitici
1154 2590 1356 2648 duplex.
1392 2589 1503 2638 455.

389 2653 715 2760 Inngtéentem
757 2652 1053 2713 interﬁcere,
1078 2656 1153 2699 est
1186 2665 1246 2698 ex
1286 2652 1549 2700 innocente
1572 2653 1831 2697 nocentem
1857 2650 1935 2697 fa-

389 2726 461 2760 re.
562 2748 571 2759 .

329 2726 461 2761 cere.
494 2714 571 2761 52.

393 2774 687 2821 Innocentis
702 2776 785 2821 via
807 2780 882 2822 est
912 2789 1015 2835 qua
1037 2774 1139 2822 itur
1164 2776 1226 2821 ad
1250 2778 1424 2825 Deum.
1451 2775 1557 2824 196.

396 2837 690 2884 Innocentis
712 2850 826 2884 vera
846 2843 934 2893 est,
966 2850 1064 2883 non
1093 2850 1268 2886 nocere
1291 2838 1517 2885 inimico.
1555 2836 1632 2884 40.

398 2899 745 2945 Innocentium
764 2900 867 2945 vita
890 2899 1081 2958 qualis.
1114 2901 1223 2948 114.

398 2960 638 3007 Interiora
662 2962 793 3008 Deus
819 2961 1087 3020 conspicit.
1120 2962 1230 3009 423.

396 3022 631 3080 Josaphat
650 3022 798 3069 vallis
825 3022 965 3069 locus
991 3023 1296 3070 concisionis
1321 3025 1541 3070 vocatur.
1567 3022 1677 3070 503.

400 3085 477 3130 Ira
509 3083 564 3130 in
596 3084 792 3140 judicio
818 3086 1003 3138 futuro,
1034 3090 1080 3131 et
1109 3086 1249 3132 furor
1271 3083 1448 3142 quales
1467 3083 1522 3130 in
1547 3084 1642 3130 Deo
1664 3084 1830 3130 erunt.
1858 3084 1933 3131 12.

398 3145 488 3192 Ira
509 3151 555 3192 et
578 3144 763 3193 furoris
791 3147 873 3193 Dei
898 3146 1192 3196 diﬁ'erentia.
1225 3147 1332 3196 349.

397 3206 545 3269 Irasci
563 3207 662 3255 sibi
686 3208 827 3257 debet
849 3214 1073 3267 peccator
1094 3210 1161 3257 ob
1175 3208 1421 3269 praeterita
1445 3207 1679 3265 crimina,
1698 3209 1744 3252 et
1767 3220 1795 3253 a
1825 3218 1938 3265 pec-

333 3273 443 3316 cato
467 3268 722 3321 desistere.
746 3271 824 3320 21.

396 3331 599 3379 Irritare
628 3332 800 3393 Deum,
812 3331 902 3391 qui
924 3333 1174 3380 dicantur.
1188 3333 1265 3381 27.

396 3393 548 3440 Israel
572 3394 695 3453 quid
722 3396 802 3442 sit.
831 3396 938 3443 114.

398 3455 547 3502 Israel
574 3456 777 3504 matula)
808 3459 1136 3515 comparatus.
1166 3458 1274 3505 473.

398 3517 545 3564 Israel
569 3518 706 3565 idola
727 3518 805 3575 abj
816 3518 917 3567 icit.
943 3520 1053 3566 472.
1078 3520 1125 3564 et
1146 3530 1250 3578 seq.

396 3578 597 3625 Israelis
620 3580 841 3637 nomine,
865 3579 989 3637 quid
1014 3578 1424 3637 intelligendum.
1450 3580 1558 3627 339.

400 3616 1423 3699 ἰὲἱῖιέἤῖεέῒέἱῖἰεὶὲᾗε⁶ἓξ)ἷὲὲέἶέἵέΞόξ

400 3701 636 3748 Israelita)
658 3703 721 3749 ad
744 3701 868 3760 quid
886 3706 1123 3747 vocentur
1145 3705 1368 3759 potentes
1390 3706 1437 3747 et
1459 3701 1673 3747 robusti.
1698 3702 1808 3750 5‘29.

397 3761 656 3808 Israelitici
678 3763 853 3821 populi
877 3761 1227 3822 adolescentia,
1240 3763 1259 3819 j
1276 3768 1489 3808 uventus
1504 3766 1808 3811 etsenectus.
1824 3764 1931 3811 433.

398 3822 701 3935 isgaeititiécgls
742 3823 959 3883 populus
994 3823 1274 3871 Ariolorum
1302 3822 1508 3872 vocibus
1528 3823 1741 3871 libenter
1766 3837 1935 3872 aurem

398 3897 438 3931 ea
478 3897 530 3929 111
554 3917 568 3933 .
692 3922 705 3934 .

334 3896 568 3942 priuauit.
595 3896 705 3935 467.

395 3945 618 3993 Jubilare
638 3946 764 4007 quid
788 3947 869 4007 sit.
902 3949 1010 3997 319.

396 4007 569 4055 Iudaea
590 4023 621 4057 a
656 4011 749 4057 Deo
767 4006 941 4059 electa.
967 4010 1077 4059 395.

394 4069 553 4135 Judaei
599 4073 727 4135 mira
768 4073 854 4135 Dei
891 4071 1241 4135 dispositione,
1278 4072 1534 4122 Christum
1568 4072 1935 4132 cruciﬁgentes,

336 4131 644 4242 volugnta‘tem
670 4133 900 4181 Divinam
925 4131 1426 4196 perfecerunt,quam
1449 4135 1693 4194 putabant
1717 4131 1937 4183 destrue«

339 4206 408 4242 re.
476 4227 486 4238 .
514 4206 539 4240 e
590 4207 696 4242 sea.

339 4206 408 4255 re,
439 4206 486 4242 ν.
514 4206 559 4240 ει
590 4207 696 4255 seq.

407 4255 569 4303 Judaei
595 4255 689 4304 ﬁlii
713 4257 800 4304 Dei
824 4258 1091 4306 mendaces
1114 4258 1373 4305 dicuntur.
1399 4259 1478 4308 84.

398 4316 593 4380 Judaici
618 4319 793 4379 populi
823 4320 1008 4380 duplex
1035 4320 1297 4380 iniquitas.
1319 4320 1432 4369 457.

398 4378 561 4427 Judaei
591 4385 875 4441 contemptu
894 4378 1264 4440 “spiritualium
1296 4383 1651 4442 magistrorum
1677 4384 1938 4442 Propheta-

338 4442 449 4488 ru’m
472 4455 579 4489 mer
595 4447 773 4490 uerunt
794 4444 974 4491 abduci
993 4446 1047 4490 in
1072 4444 1423 4502 captivitatem.
1451 4445 1558 4494 443.

396 4503 557 4552 Judmi
580 4507 769 4566 quibus
792 4506 972 4554 diebus
999 4505 1347 4556 lasciviebant.
1371 4508 1482 4557 409.

396 4566 583 4629 Iudaeis
606 4569 762 4615 Deum
785 4569 952 4616 solum
973 4569 1215 4629 innotuit,
1232 4569 1342 4618 515.

398 4628 691 4701 Judteorum
709 4630 931 4701 populus
953 4628 1209 4690 praecepta
1223 4629 1346 4689 legis
1370 4630 1528 4691 solus,
1553 4629 1741 4690 quibus
1763 4630 1935 4678 obedi-

344 4693 418 4736 ret
440 4693 644 4750 accepit.
670 4693 779 4741 410.

400 4751 686 4799 111οω010111
715 4758 1069 4813 argumentum
1104 4755 1164 4801 de
1193 4755 1391 4803 Christo
1420 4755 1707 4803 occidendo.
1736 4757 1842 4805 123.

400 4813 689 4877 Iudaeorum
712 4819 758 4861 et
786 4817 904 4863 Adae
927 4829 992 4863 an
1009 4822 1268 4876 peccatum
1293 4817 1446 4863 fuerit
1469 4818 1681 4877 aequale.
1702 4818 1811 4867 429.

401 4875 686 4922 Judworum
711 4878 966 4925 calamitas
1000 4891 1182 4937 magna
1205 4883 1252 4925 et
1276 4880 1426 4926 ruina
1447 4875 1734 4939 exponitur.
1763 4880 1870 4929 483.
1895 4883 1942 4927 et

339 4948 688 5046 “(indecorum
708 5000 964 5058 jactantia.
990 5003 1100 5051 291.

406 5061 699 5111 Judicantis
720 5066 908 5121 quanta
931 5065 1168 5121 gravitas.
1197 5066 1303 5113 437.

402 5123 634 5170 Judicare
660 5128 857 5179 terram,
877 5125 1001 5183 quid
1028 5127 1083 5171 in
1106 5126 1336 5176 Psalmis.
1364 5128 1441 5177 15.

343 5184 632 5295 54Judicare
672 5186 946 5247 pupillum,
969 5191 1016 5234 et
1047 5186 1277 5245 judicare
1304 5188 1521 5250 pupillo,
1545 5190 1670 5248 quid
1693 5189 1938 5236 diﬁ'eraut.

402 5308 599 5374 J_ud_i_ci_a
622 5310 739 5374 duo,
769 5324 927 5359 unum
954 5311 1226 5374 occultum,
1256 5310 1470 5358 alterum
1492 5313 1832 5360 manifestum.
1856 5314 1935 5363 45.

405 5371 592 5418 Judicii
616 5372 786 5420 ultimi
812 5374 936 5421 dies.
954 5376 1061 5423 495.

402 5432 588 5496 Judicii
610 5435 811 5482 venturi
835 5436 1121 5496 descriptio.
1146 5437 1223 5486 93.

401 5494 715 5542 Judiciorum
751 5497 833 5544 Dei
858 5494 1144 5545 encomium
1175 5502 1221 5544 et
1243 5497 1556 5546 excellentia.
1582 5501 1628 5549 9.

400 5555 654 5618 Iudicium
688 5571 870 5617 amare,
898 5560 1016 5618 quis
1044 5560 1257 5607 dicatur.
1285 5561 1391 5610 143.

402 5615 659 5687 Iudicium
685 5615 1025 5687 futurum—per
1054 5622 1237 5680 ignem.
1264 5624 1372 5671 247.

402 5676 658 5747 {udicium
681 5681 741 5747 ia_
759 5676 1099 5747 absynt'hium'
1115 5688 1419 5731 convertere.
1455 5684 1565 5731 527.

404 5736 658 5799 {udicium
682 5742 744 5786 ad
770 5736 938 5799 ignem
963 5758 1155 5793 vocare.
1181 5747 1290 5794 553.

408 5795 661 5845 Judicium
684 5803 770 5847 Dei
792 5795 1021 5852 innoxiis
1044 5807 1207 5853 dulce.
1237 5808 1344 5856 528.

1858 310 2085 362 INDEX

3495 304 3527 357 1
3539 301 3655 356 204

2076 424 2420 472 Juramentum
2454 424 2691 483 jurantis,
2736 422 2861 484 quid
2899 438 2929 471 a
2956 424 3255 483 juramento
3288 418 3666 482 prophetantis

2019 487 2231 533 differat.
2259 488 2335 535 36.

2074 550 2252 595 Jurare
2273 550 2327 595 in
2351 548 2465 594 dolo
2489 548 2738 609 proximo,
2760 548 2886 607 quid
2911 549 2995 597 sit.
3037 549 3143 597 104.

2078 610 2269 657 Juravit
2292 623 2380 669 pro
2402 610 2623 657 decrevit
2645 611 2883 669 positum.
2921 610 3030 658 521.

2077 672 2371 719 Justiﬁcatio
2394 673 2633 727 hominis,
2660 673 2795 719 unde
2818 672 3068 730 procedat.
3089 673 3201 721 341.
3220 675 3269 718 et
3292 684 3403 733 seq.

2078 734 2277 780 Justitia
2313 735 2442 780 Deus
2474 735 2768 793 appellatur.
2810 735 2918 782 527.
2946 734 3152 793 Duplex,
3184 735 3348 790 major
3375 739 3425 777 et
3450 734 3646 778 minor.

2017 796 2096 845 25.
2119 796 2319 842 Justitia
2340 800 2388 842 et
2410 797 2650 843 rectitudo
2672 796 2725 843 in
2748 809 2850 855 quo
2883 796 3188 855 discrepent.
3215 797 3327 846 141.
3354 794 3569 841 Justitia
3600 797 3649 855 et

2018 858 2197 904 veritas
2230 871 2489 916 personam
2517 871 2617 905 non
2654 854 2934 916 accipiunt.
2966 854 3199 907 64.'Sine
3222 870 3403 917 pugna
3424 854 3645 902 retineri

2018 932 2119 966 non
2142 924 2317 979 potest.
2343 921 2421 969 81.
2448 922 2505 968 In
2535 921 2723 979 quibus
2747 919 2992 969 consistit.
3018 921 3127 969 150.
3160 922 3217 966 In
3244 932 3349 978 quo
3376 924 3641 964 versetur.

2023 982 2127 1039 123,
2154 982 2271 1029 Adae
2293 996 2393 1041 quo
2410 988 2551 1041 pacto
2574 983 2708 1030 lassa.
2736 985 2844 1032 163.

2076 1044 2290 1091 Justitias
2313 1046 2521 1102 semitae,
2545 1058 2659 1105 quas
2682 1044 2799 1091 sint.
2827 1046 2937 1093 142.
2959 1044 3179 1090 Justitiss
3204 1055 3399 1090 merces
3421 1045 3645 1105 aeterna.

2020 1107 2129 1155 102.
2143 1106 2355 1153 Justitiaa
2367 1119 2517 1153 verus
2540 1104 2725 1154 dector.
2750 1108 2858 1157 495.
2878 1106 3131 1153 Justitiam
3142 1106 3379 1164 judicare
3399 1104 3461 1150 ad
3478 1114 3646 1162 quem

2018 1171 2220 1226 spectet.
2245 1170 2325 1216 45.
2348 1164 2599 1215 Justitiam
2626 1170 2730 1227 Dei,
2755 1171 2846 1228 qui
2870 1168 3200 1215 abscondunt.
3229 1168 3345 1216 189.

2081 1231 2335 1276 Justitiam
2358 1231 2592 1292 vendere,
2610 1232 2698 1289 qui
2722 1231 2975 1292 dicantur,
2990 1235 3039 1277 et
3060 1230 3389 1290 sapientiam.
3425 1229 3532 1276 117.

2079 1291 2305 1339 Justitias
2322 1292 2573 1353 judicare,
2596 1293 2720 1352 quid
2743 1294 2823 1339 sit.
2850 1293 2962 1341 381.

2082 1354 2324 1401 Juventus
2347 1355 2520 1413 populi
2546 1352 2822 1402 Israelitici.
2850 1352 2962 1403 455.

2803 1449 2855 1512 L

2090 1559 2241 1608 Labia
2273 1560 2461 1621 dolosa,
2474 1559 2630 1621 quid.
2661 1560 2739 1621 71.

2086 1620 2261 1673 Lastari
2286 1625 2333 1668 et
2357 1620 2572 1679 gaudere
2596 1621 2651 1667 in
2674 1620 2915 1677 Domino,
2940 1621 3065 1680 quid
3086 1621 3170 1669 sit.
3200 1622 3277 1668 45.
3303 1623 3349 1667 et
3371 1631 3474 1681 seq.

2086 1683 2276 1735 Laetitia
2302 1683 2532 1741 superba,
2559 1682 2730 1729 inanis
2752 1684 2957 1730 aﬁ‘ectus
2980 1687 3070 1730 est.
3095 1684 3173 1731 36.
3198 1686 3244 1729 et
3266 1694 3373 1744 seq.

2088 1747 2294 1797 Latitiae
2316 1750 2363 1791 et
2387 1744 2713 1791 exultationis
2736 1745 3041 1792 diﬁerentia.
3067 1745 3178 1793 329.

2086 1808 2389 1870 Lapillorum
2416 1808 2619 1870 nomine
2645 1807 2855 1870 ﬁrmitas
2878 1806 3149 1853 indicatur.
3166 1805 3284 1870 >557.

2093 1867 2323 1932 Laqueus
2346 1868 2574 1916 occultus
2596 1868 2860 1929 malorum,
2886 1872 2934 1915 et
2956 1881 3042 1927 pes
3077 1868 3330 1915 malorum
3352 1867 3632 1915 eorundem

2028 1938 2103 1987 49.
2136 1939 2181 1983 et
2203 1945 2310 1993 seq.

2090 1991 2315 2056 Laqueus
2350 1991 2561 2056 positus,
2574 1993 2720 2056 quid.
2747 1992 2858 2056 520.

2094 2054 2322 2117 Lariueus
2355 2055 2409 2101 in
2432 2055 2660 2111 Psalmis,
2686 2054 2811 2113 quid
2835 2054 3048 2101 denotet.
3080 2056 3187 2102 112.

2092 2116 2343 2179 Laqueum
2365 2117 2562 2175 aperire
2584 2121 2630 2163 et
2652 2116 2881 2174 eﬁ’odere,
2900 2116 3043 2175 quid.
3070 2118 3146 2164 41.

2094 2178 2314 2231 Laudare
2336 2181 2487 2225 Deum
2513 2182 2610 2225 tota
2638 2178 2738 2236 die,
2757 2180 2880 2236 quid
2909 2179 3015 2227 159.
3040 2181 3085 2225 et
3110 2190 3219 2239 seq.

2096 2242 2316 2292 Laudare
2340 2242 2490 2287 Deum
2511 2253 2614 2299 quo
2636 2244 2777 2299 pacto
2812 2241 2961 2286 homo
2983 2240 3176 2288 debeat.
3194 2242 3305 2288 313.

2095 2309 2278 2355 Lavare
2307 2307 2355 2349 et
2381 2298 2545 2361 rigare
2577 2298 2816 2360 lacrymis
2838 2303 3040 2363 lectum,
3063 2302 3189 2361 quid
3215 2302 3464 2347 diﬁ’erant.
3488 2298 3561 2347 30.

2096 2371 2280 2416 Lavare
2302 2377 2483 2412 manus
2508 2365 2640 2411 inter
2664 2365 2974 2413 innocentes.
3008 2364 3118 2413 115.
3145 2367 3193 2410 et
3214 2376 3322 2425 seq.

2101 2432 2231 2478 Laus
2255 2428 2341 2475 Dei
2372 2428 2427 2473 in
2452 2438 2537 2473 ore
2558 2428 2830 2485 peccatoris
2851 2427 3021 2485 qualis
3050 2426 3131 2473 sit.
3157 2427 3237 2473 95.

2094 2494 2224 2540 Laus
2256 2492 2352 2537 Deo
2382 2488 2719 2547 acceptabilis,
2748 2501 2865 2546 quas
2885 2488 2967 2537 sit.
2999 2489 3103 2538 119.

2094 2556 2244 2612 Leges
2270 2553 2355 2599 Dei
2379 2552 2433 2597 in
2458 2543 2827 2597 Deuteronomii
2852 2550 3113 2597 volumine
3143 2548 3493 2612 continentur,
3519 2543 3622 2594 441.

2096 2609 2189 2664 Leo
2213 2619 2259 2661 et
2283 2615 2457 2669 Draco,
2478 2613 2603 2671 quid
2613 2612 2746 2672 apud
2765 2612 3000 2659 Davidem
3021 2612 3077 2659 in
3101 2611 3314 2659 Psalmis
3331 2609 3625 2669 signiﬁcent.

2101 2744 2286 2788 Leonas
2311 2750 2400 2796 pro
2424 2737 2662 2800 Regibus.
2689 2738 2796 2785 521.
2821 2740 2867 2800 et
2888 2749 2996 2798 seq.
3082 2799 3092 2800 ί
3151 2797 3181 2800 _
3236 2797 3252 2800 Α
3279 2797 3291 2800 _
3333 2796 3343 2800 _
3422 2793 3454 2800 __
3478 2792 3488 2800 ,

2099 2804 2194 2849 Lex
2218 2793 2328 2860 Dei,
2349 2793 2687 2846 testimonium
2713 2812 2803 2845 cur
2824 2793 3021 2846 dicatur
3044 2799 3124 2846 87.
3148 2797 3204 2843 Et
3227 2796 3393 2844 ﬁdele.
3412 2793 3538 2840 Ibid.

2100 2868 2195 2912 Lex
2219 2862 2395 2921 literas,
2427 2865 2475 2907 et
2505 2861 2582 2908 lex
2609 2860 2797 2919 gratias.
2829 2860 2935 2908 112.

2101 2926 2245 2974 Liber
2269 2922 2372 2980 Dei,
2399 2922 2523 2982 quid
2547 2922 2630 2971 sit.
2655 2924 2766 2973 350.

2102 2987 2319 3035 Libertas
2342 2985 2626 3034 infelicitati
2658 2986 2904 3044 proxima.
2932 2986 3041 3034 300.

2103 3049 2265 3098 Liberi
2295 3047 2490 3094 arbitrii
2511 3046 2731 3093 efﬁcacia
2756 3048 2811 3093 in
2842 3047 3064 3103 homine,
3085 3047 3215 3106 quid
3253 3045 3430 3105 possit.
3461 3045 3560 3092 119.
3588 3048 3629 3090 et

2038 3111 2357 3222 δεῖἶὺῗτὲἓὲ).
2380 3170 2719 3217 lsraelitarum
2744 3172 2804 3217 ab
2832 3170 3129 3231 Egyptiaca
3152 3170 3396 3222 servitute
3417 3169 3629 3216 celebra-

2039 3241 2119 3284 tur
2147 3233 2473 3284 carminibus.
2501 3233 2606 3281 100.

2100 3297 2236 3345 Libri
2260 3308 2375 3342 cum
2392 3295 2602 3352 pulchra
2624 3293 2748 3339 urbe
2775 3292 2993 3340 collatio.
3018 3296 3067 3343 1.
3104 3296 3153 3352 et
3175 3306 3279 3353 seq.

2100 3357 2245 3418 Ligni
2266 3356 2489 3413 nomine,
2514 3356 2641 3415 quid
2664 3355 2917 3418 Scriptura
2940 3355 3189 3414 designat.
3216 3354 3324 3403 115.

2099 3417 2279 3481 Limus
2303 3420 2357 3465 in
2382 3417 2559 3478 sacris,
2584 3417 2728 3481 quid.
2763 3417 2871 3481 3_43.

2100 3479 2295 3541 Lingua
2321 3480 2627 3527 indomabile
2650 3479 2950 3528 membrum.
2975 3481 3085 3528 150.

2102 3539 2304 3603 Lingua:
2329 3542 2553 3589 custodia
2575 3543 2751 3600 quanti
2776 3541 3103 3587 emolumenti
3129 3539 3210 3587 sit.
3245 3540 3355 3588 178.

2100 3609 2259 3655 Locus
2287 3618 2375 3664 pro
2398 3604 2558 3651 cubili
2581 3604 2794 3663 positus.

2102 3662 2307 3716 Locusta
2339 3667 2547 3713 saltibus
2580 3662 2745 3725 potius
2780 3670 3026 3723 movetur,
3048 3677 3202 3723 quam
3240 3662 3631 3723 gressibus.489.

2100 3732 2422 3778 Locustarum
2446 3729 2670 3786 nomine,
2693 3726 2817 3787 quid
2839 3726 3245 3786 intelligendum.
3269 3727 3380 3775 494.
3398 3724 3631 3773 Gentium

2042 3806 2221 3841 nomen
2246 3790 2555 3849 designatur.
2589 3792 2695 3838 482.

2098 3858 2418 3903 Locustarum
2441 3852 2771 3911 imaginibus,
2794 3852 2917 3910 quid
2943 3850 3287 3899 sentiendum.

2102 3916 2320 3971 Locutio,
2346 3915 2409 3961 ob
2428 3927 2580 3973 quam
2601 3926 2857 3961 sacrorum
2873 3913 3135 3961 Librorum
3152 3913 3413 3972 pracipue
3434 3911 3634 3958 auctori-

2042 3984 2114 4027 tas
2138 3977 2374 4026 notanda.
2408 3978 2514 4025 438.

2102 4039 2476 4100 Longanimitas
2522 4038 2605 4085 Dei
2643 4038 2808 4085 diﬁ‘ert
2840 4036 3086 4085 ultionem
3120 4037 3176 4083 in
3212 4036 3371 4097 longa
3402 4040 3631 4094 tempore.

2107 4163 2437 4225 Loquacitatis
2470 4164 2611 4221 vitio,
2650 4174 2765 4222 quas
2797 4162 2982 4209 damna
3002 4161 3305 4208 hominibus
3326 4159 3630 4217 contingant.

2102 4263 2262 4347 Loqui
2288 4300 2438 4346 opera
2464 4286 2746 4343 hominum,
2765 4284 2889 4342 quid
2916 4287 3001 4334 sit.
3026 4287 3105 4333 ‘12.

2104 4346 2387 4398 Luciferum
2424 4352 2659 4407 tanquam
2684 4348 2943 4408 proprium
2977 4347 3132 4394 Deum
3160 4347 3428 4395 Sarraceni
3453 4346 3630 4394 colunt.

2041 4414 2207 4521 53:11.
2231 4474 2417 4532 gratior
2442 4472 2495 4519 ﬁt
2517 4478 2627 4532 post
2650 4473 2899 4521 tenebras.
2936 4472 3013 4520 51.

2102 4536 2272 4583 Luxus
2298 4536 2499 4595 quando
2523 4536 2653 4582 inter
2682 4535 2881 4582 Judseos
2903 4533 3124 4593 vigebat.
3155 4533 3265 4581 408.

2804 4647 2869 4710 Μ

2103 4757 2485 4803 Madianitarum
2522 4756 2760 4802 mulieres
2782 4755 2977 4811 habitu,
3002 4761 3049 4800 et
3075 4760 3218 4813 gestu
3245 4759 3529 4804 meretricio
3552 4758 3637 4803 ob-

2041 4818 2173 4865 viam
2197 4819 2468 4865 Israelitico
2493 4817 2734 4865 exercitui
2759 4823 3126 4875 processerunt.
3157 4818 3267 4866 446.

2100 4881 2241 4940 Mala,
2259 4894 2374 4939 quas
2398 4882 2736 4939 imprecantur
2753 4891 2905 4938 super
2928 4880 3129 4925 Eﬁraim
3152 4885 3201 4927 et
3216 4881 3426 4940 Tyrum.
3444 4882 3550 4930 447.

2102 4943 2227 4989 Mala
2250 4944 2487 4989 universa
2511 4943 2660 4992 unde.
2701 4943 2804 4991 490.

2102 5005 2227 5051 Mala
2250 5005 2471 5063 plurima
2491 5005 2680 5052 Judaeis
2705 5010 2915 5052 ventura
2928 5017 3017 5062 per
3037 5005 3207 5050 varias
3224 5004 3639 5063 captivitatisspe-

2041 5069 2142 5115 cies
2166 5071 2541 5114 enumerantur.
2568 5069 2675 5117 500.

2106 5129 2245 5189 Mala,
2273 5141 2387 5189 quas
2421 5130 2475 5175 in
2502 5130 2788 5176 hocsaaculo
2800 5142 2889 5187 pro
2912 5128 3008 5175 Deo
3033 5127 3274 5189 patimur,
3298 5130 3515 5176 minima
3529 5136 3637 5176 sunt

2045 5193 2089 5239 si
2115 5187 2240 5238 cum
2265 5187 2412 5239 bonis
2446 5192 2734 5238 caelestibus
2757 5191 3097 5241 conferantur.
3126 5187 3203 5238 14.

2105 5254 2230 5300 Mala
2252 5255 2506 5314 voluntas,
2532 5255 2655 5311 quid
2688 5268 2717 5298 a
2739 5254 2910 5300 dolore
2936 5253 3148 5299 diﬁerat.
3178 5254 3258 5300 38.

2104 5315 2492 5375 Maledictiones,
2519 5315 2600 5362 his
2622 5316 2713 5375 qui
2734 5315 3061 5363 caeremonias
3083 5315 3168 5361 Dei
3196 5315 3502 5373 repulerint,
3523 5327 3639 5361 enu-

2044 5382 2299 5425 merantur
2324 5378 2432 5428 343.

2103 5440 2219 5487 Mali
2243 5444 2708 5499 quantumcumque
2730 5443 2953 5498 potentes
2970 5439 3093 5498 sint,
3110 5439 3377 5497 despectui
3395 5444 3513 5486 sunt
3526 5439 3637 5485 viris

2039 5503 2243 5550 sanctis.
2271 5503 2347 5551 65.

2106 5564 2221 5610 Mali
2243 5577 2333 5610 cur
2356 5565 2609 5623 permissu
2634 5564 2716 5610 Dei
2746 5563 2954 5609 ﬂoreant
2978 5563 3073 5609 hoc
3094 5562 3150 5608 in
3172 5564 3388 5612 saeculo.
3416 5566 3522 5613 370.

2104 5625 2442 5683 Malignantes,
2470 5625 2559 5684 qui
2579 5626 2825 5673 dicantur.
2854 5625 2963 5673 163.

2100 5688 2479 5744 Malignantium
2503 5691 2549 5731 et
2572 5686 2842 5745 impiorum
2867 5686 3159 5733 discrimen.
3189 5688 3301 5736 115.

2105 5749 2355 5807 Malignus
2377 5750 2521 5807 quasi
2546 5749 2679 5795 malo
2708 5749 2824 5807 igne
2843 5749 3047 5807 plenus.
3071 5750 3151 5797 21.

2105 5810 2329 5858 Mandata
2354 5811 2441 5857 Dei
2475 5824 2645 5858 amara
2667 5810 2834 5871 malis,
2864 5809 3036 5857 dulcia
3060 5822 3179 5857 vero
3204 5811 3373 5885 bonis.
3393 5814 3471 5862 δῖ.
