3866 6206
181 337 311 391 1⁸205

190 455 371 561 ὁμᾶδῐιθ
394 453 444 499 in
477 453 649 510 sacris,
672 451 815 512 quid.
840 455 918 502 21.
945 451 1073 506 Quid
1105 452 1220 499 item
1249 465 1365 511 nox,
1391 452 1764 511 etquidjacere.

226 531 240 561 ι
286 553 296 561 .

167 514 296 563 Ibid.

228 578 379 624 Maria
402 576 553 635 Virgo
570 575 744 622 velleri
770 582 1101 634 comparatur,
1131 582 1177 622 et
1207 589 1375 636 quare.
1403 579 1513 626 363.

228 641 492 698 Martyrem
521 651 618 684 non
645 639 760 684 facit
786 651 950 696 pcnna,
974 639 1058 684 sed
1086 653 1278 688 caussa.
1310 640 1415 687 160.

228 703 512 760 Martyrem.
536 700 656 757 quid
683 701 879 748 efﬁciat.
906 703 1016 749 217.

229 763 452 821 Martyrii
476 762 575 807 duo
598 775 796 820 genera.
825 765 930 810 218.
960 766 1003 807 et
1026 774 1129 823 seq.

225 827 404 872 Matres
431 824 648 870 ﬁliorum
675 825 911 870 carnibus
934 829 1220 870 vescuntur.
1250 826 1360 873 250.

229 886 460 933 Medendi
487 889 797 944 propositum
822 899 1019 945 semper
1044 886 1095 931 in
1134 888 1228 932 Deo
1251 891 1342 933 est.
1370 888 1478 934 526.

227 948 487 996 Medicina:
516 949 678 994 ofﬁcia
715 949 845 996 duo:
885 951 1093 994 alterum
1121 963 1222 1008 quo
1246 955 1452 994 sanatur
1477 945 1763 1004 inﬁrmitas,

163 1013 375 1058 alterum
399 1023 498 1068 quo
521 1010 800 1056 custoditur
824 1012 1027 1058 sanitas.

227 1074 481 1120 Medorum
528 1073 748 1129 captivos
781 1072 1120 1118 Sennacherib
1149 1072 1316 1129 posuit
1340 1071 1392 1118 in
1419 1071 1616 1118 Haiilan
1643 1075 1689 1116 et
1710 1071 1762 1116 in

167 1137 297 1182 Aber
316 1136 460 1190 juxta
486 1133 696 1179 ﬁuvium
724 1135 901 1180 Gosam
928 1137 980 1179 in
1002 1135 1200 1180 civitate
1225 1135 1496 1182 Medorum.
1517 1133 1624 1181 469.

227 1197 469 1243 Melchom
487 1196 870 1243 simulachrum.
897 1199 1005 1245 5i1.

227 1258 444 1305 Membra
469 1262 633 1304 nostra
660 1258 964 1316 quandoque
991 1257 1112 1303 vitia
1137 1257 1573 1317 signiﬁcant,quze
1590 1256 1767 1304 morti-

165 1322 314 1368 ﬁcare
338 1321 593 1367 debemus.
613 1321 690 1368 83.

227 1382 479 1429 Mendacia
497 1395 616 1428 suos
639 1385 879 1429 amatores
910 1381 1182 1441 decipiunt.
1197 1384 1249 1430 21
1266 1415 1279 1427 .

227 1445 598 1491 Mendaciorum
624 1457 825 1502 genera.
859 1447 935 1492 22.

227 1507 485 1552 Mendacia
516 1507 672 1565 loqui,
705 1508 793 1564 qui
823 1507 1071 1554 dicantur.
1093 1507 1172 1555 21.
1198 1509 1242 1552 et
1266 1518 1371 1567 seq.

228 1569 545 1615 Mendacium
580 1581 668 1626 pro
720 1570 845 1615 falsa
889 1568 1152 1628 religione,
1179 1566 1382 1627 ponitur
1416 1568 1467 1612 in
1492 1566 1762 1624 Scriptura.

229 1695 400 1739 Mensa
437 1693 489 1737 in
525 1692 679 1738 sacris
703 1703 792 1750 pro
817 1694 1071 1750 Scriptura
1094 1691 1269 1738 divina
1292 1692 1591 1749 plerumque
1609 1691 1761 1748 poni-

169 1765 272 1803 tur.
301 1756 407 1803 349.

231 1817 428 1862 Mentiri
453 1819 527 1860 est
549 1815 772 1862 occidere
797 1817 1037 1863 animam.
1073 1818 1152 1865 22.

232 1879 409 1926 Mentis
431 1878 628 1923 sincera
656 1879 854 1924 etiectus
879 1879 966 1923 ubi
988 1880 1142 1932 deest,
1165 1891 1191 1922 a
1222 1877 1493 1936 crapulatis
1517 1877 1626 1923 fura
1650 1883 1767 1934 snp-

169 1940 398 2000 plicatio,
425 1941 523 1985 rise
549 1939 758 1985 ululatis
784 1941 1084 1986 nominatur.
1101 1942 1207 1988 537.

235 2003 417 2048 Mentis
445 2002 640 2047 caecitas
663 2006 710 2046 et
734 2002 966 2048 turbatio.
993 2004 1070 2050 29.

237 2065 415 2111 Mentis
438 2076 688 2120 excessus,
717 2063 838 2120 quid
866 2065 931 2108 sit
961 2066 1066 2112 138.

234 2129 416 2173 Merces
438 2125 852 2185 Christianorum,
881 2139 995 2182 qua:
1021 2127 1101 2172 sit.
1130 2127 1236 2172 112.

237 2191 422 2234 Merces
446 2201 473 2232 a
498 2188 590 2232 Deo
611 2187 857 2245 promissa
880 2188 1130 2233 fidelibus‘
1164 2188 1265 2235 191.

231 2251 402 2296 Merita
429 2249 692 2294 hominum
725 2249 786 2292 ad
811 2249 932 2306 quid
959 2251 1167 2307 prosint.
1194 2251 1303 2297 217.
1334 2252 1380 2296 et
1402 2261 1506 2310 seq.

229 2312 422 2358 Meritis
448 2325 512 2356 an
542 2311 726 2356 ﬁducia
742 2311 988 2358 habenda.
1027 2312 1102 2358 36.

233 2373 520 2419 Meritorum
551 2373 701 2418 Israel
731 2379 1006 2430 expunctor
1028 2374 1174 2420 Deus.
1202 2374 1308 2422 526.

229 2437 459 2482 Meritum
487 2435 828 2480 exauditionis
859 2448 945 2491 per
971 2435 1243 2482 Christum.
1270 2434 1376 2482 123.

235 2498 410 2543 Messis
435 2497 659 2552 nomine,
685 2496 941 2542 calamitas
968 2497 1136 2542 vicina
1155 2503 1200 2542 et
1223 2497 1448 2555 proxima
1468 2493 1764 2542 ostenditur.

237 2620 414 2668 Milites
436 2619 698 2666 lsraelitici
722 2633 812 2666 cur
835 2619 887 2665 in
912 2620 1185 2666 solitudine
1210 2621 1411 2668 mortui.
1443 2621 1550 2669 406.

236 2683 388 2738 Mille,
426 2683 782 2740 perfectionem
814 2687 1068 2730 monstrat.
1104 2683 1210 2731 295.

240 2743 485 2792 Mirabilia
510 2745 593 2789 Dei
620 2757 709 2790 cur
744 2747 1032 2792 narrentur.
1063 2747 1139 2792 43.

239 2807 630 2853 Misericordiam
654 2803 746 2867 (ad)
766 2811 1026 2864 promptus
1040 2808 1188 2855 Deus.
1208 2808 1315 2857 543.

241 2869 594 2915 Misericordiae
620 2870 923 2926 exemplum.
949 2870 1056 2918 539.

241 2930 605 2977 Misericordias
629 2943 747 2976 suas
781 2932 932 2976 Deum
960 2932 1245 2988 miriﬁcare,
1268 2929 1411 2990 quid.
1436 2932 1512 2978 73.

243 2993 586 3039 Misericordia
616 2992 718 3049 Dei,
745 2997 789 3038 et
812 2994 988 3038 merita
1020 2993 1258 3042 hominis.
1290 2994 1397 3041 107.

244 3054 584 3101 Misericordia
626 3054 821 3101 Domini
847 3057 1093 3114 praevenit
1117 3069 1253 3116 suos,
1287 3060 1332 3102 et
1355 3055 1700 3116 subsequitur,
1724 3057 1779 3100 ut

177 3122 309 3167 bene
346 3122 630 3174 operentur.
661 3119 774 3166 106.
1180 3169 1185 3173 ,

245 3179 598 3225 Misericordia)
641 3179 725 3225 Dei
773 3181 1006 3228 velocitas
1050 3179 1111 3226 ad
1145 3179 1515 3236 indulgendum
1551 3178 1777 3228 contritis

178 3241 351 3291 corde.
382 3242 484 3289 139.

247 3302 598 3350 Misericordiae
623 3303 705 3350 Dei
727 3305 938 3351 occasio.
963 3305 1072 3353 188.

247 3364 636 3412 Misericordiam
662 3367 794 3412 inter
809 3371 854 3412 et
872 3367 1241 3412 miserationem
1259 3363 1342 3412 Dei
1358 3365 1649 3416 discrimen.
1671 3369 1782 3416 108.

180 3435 231 3477 et
253 3429 363 3476 252.

247 3487 388 3536 Moab
409 3501 497 3534 cur
524 3489 683 3535 tribus
706 3489 868 3548 plagis
891 3489 1198 3548 puniendus.
1231 3491 1331 3538 111.

251 3551 391 3598 Moab
414 3551 474 3596 de
499 3552 617 3596 Loth
643 3551 797 3608 stirpe
821 3559 986 3600 natus.
1012 3554 1122 3600 112.

251 3613 500 3660 Modestiae
524 3612 684 3658 virtus
707 3614 1002 3660 ostenditur.
1030 3617 1137 3662 507.

252 3674 494 3723 Moll‘cies
517 3675 577 3720 ad
595 3675 716 3733 quid
741 3681 919 3721 creata.
940 3677 1046 3724 555.

250 3738 611 3784 Monimentum
642 3737 822 3795 ingens
852 3737 1176 3796 benignitatis
1202 3737 1302 3784 Dei.
1330 3738 1438 3786 403.

252 3801 392 3846 Mons
417 3799 532 3845 Sion
558 3798 757 3845 Judeaos
779 3799 1028 3857 signiﬁcat
1045 3801 1410 3859 plerumquein
1429 3800 1653 3848 Psalmis.
1673 3803 1780 3851 238.

184 3867 233 3912 et
256 3875 361 3922 seq.

253 3927 439 3972 Montes
465 3923 652 3970 turbari
680 3924 732 3969 in
758 3923 1109 3981 praedicatione
1133 3924 1274 3971 verbi
1295 3925 1399 3985 Dei,
1429 3925 1552 3985 quid
1568 3925 1646 3971 sit.
1673 3927 1782 3974 227.

252 3990 380 4033 Mors
404 3999 485 4032 rex
510 3985 746 4044 Assyrius
772 3987 1069 4044 appellatur.
1095 3987 1206 4035 469.

252 4050 382 4097 Mors
398 4048 578 4112 Christi
605 4048 765 4093 hostia
789 4062 880 4112 pro
899 4053 1114 4112 peccato.
1142 4050 1248 4098 312.
1274 4053 1320 4096 et
1341 4062 1444 4112 seq.

253 4114 380 4159 Mors
403 4115 449 4155 et
486 4108 736 4164 Infernus,
762 4111 904 4168 quid.
932 4111 1009 4157 30.

253 4175 380 4219 Mors
405 4176 478 4218 est
503 4173 686 4230 peccati
707 4172 1072 4222 debitum.343.

252 4237 380 4282 Mors
403 4234 635 4293 pessima,
653 4247 766 4291 quas
788 4235 871 4283 sit.
898 4237 1004 4282 151.

250 4299 378 4344 Mors
401 4310 519 4342 vera
539 4309 654 4354 qum
678 4297 886 4344 dicatur.
923 4299 1030 4345 217.

250 4359 419 4405 Mortis
444 4358 650 4418 umbra),
677 4359 800 4416 quid
827 4359 877 4404 in
904 4371 1044 4405 sacro
1066 4359 1268 4418 eloquio
1292 4360 1410 4410 sint.
1439 4363 1545 4410 102.

250 4422 441 4467 Morum
467 4421 676 4465 vulnera
699 4426 1014 4469 accusantur.
1041 4423 1150 4471 513.

250 4484 380 4529 Mors
404 4483 648 4528 sermonis
671 4483 964 4540 prophetici.
991 4486 1102 4532 437.

253 4545 598 4602 Multiplicatio
622 4545 863 4590 bonorum
893 4546 1240 4604 temporalium
1265 4560 1294 4593 a
1316 4548 1541 4595 bonitate
1558 4549 1789 4594 Delaver-

186 4609 265 4655 tit.
291 4608 370 4656 59.

259 4667 500 4715 Mundum
529 4666 621 4729 (ad)
651 4667 968 4728 muliebrem,
989 4670 1190 4718 allusio.
1218 4671 1326 4720 407.

261 4731 432 4776 Murus
456 4730 596 4790 litus,
623 4730 766 4788 quid.
792 4731 900 4780 515.

275 4793 485 4838 Musices
509 4792 789 4839 ofﬁciorum
814 4806 995 4850 genera
1016 4799 1061 4841 et
1084 4795 1360 4844 varietates.
1395 4800 1470 4846 11.
1495 4802 1541 4844 el
1563 4811 1667 4860 seq.

971 4909 1024 4971 Ν

258 5016 583 5065 Necessitates
607 5016 802 5064 homini
828 5017 1102 5067 naturales.
1127 5020 1236 5068 113.

262 5079 451 5127 Nosciri
475 5093 503 5124 a
527 5080 642 5140 Deo,
668 5084 740 5126 est
765 5079 900 5126 idem
928 5081 1060 5138 quod
1093 5082 1275 5138 perire.
1302 5083 1376 5130 11.

261 5143 494 5200 Nequitia
516 5148 875 5201 consummata,
902 5142 1024 5200 quid
1050 5144 1130 5191 sit.
1157 5145 1234 5192 37.

262 5204 574 5250 Nobilitatem
622 5216 720 5249 non
759 5205 1070 5250 commendat
1103 5205 1336 5250 vitiorum
1363 5207 1654 5265 impunitas.
1685 5209 1792 5256 518.

264 5267 383 5313 Novi
430 5266 726 5311 Testamenti
777 5266 1086 5320 fortitudine,
1135 5267 1325 5313 Veteris
1357 5268 1793 5314 Testamentiedo-

196 5329 322 5376 mita
346 5331 419 5373 est
443 5327 649 5376 duritia.
677 5330 748 5375 48.
777 5332 822 5374 el
847 5340 951 5390 seq.

262 5392 514 5437 Numerus
539 5390 732 5444 ﬁnitus,
759 5403 846 5448 pro
874 5389 1071 5434 inﬁnita
1096 5391 1372 5447 quantitate
1409 5398 1657 5450 sumplus.
1686 5395 1793 5442 510.

261 5454 509 5498 Numerus
534 5451 753 5498 ﬁliorum
783 5453 930 5507 Israel
961 5453 1104 5510 quasi
1132 5465 1281 5499 arena
1303 5455 1471 5502 maris.
1500 5457 1605 5502 402.

968 5555 1020 5619 Ο

263 5664 559 5714 Obedientia
583 5664 748 5711 debita
769 5663 1007 5723 praelatis.
1032 5663 1142 5713 225.

264 5727 553 5776 Oblationes
577 5727 787 5773 diversa":
818 5741 877 5773 ex
906 5726 1050 5772 Mosis
1076 5726 1319 5771 instituto.
1349 5728 1452 5774 420.

264 5789 465 5836 Oblivio
489 5789 632 5836 nulla
654 5790 706 5835 in
731 5791 884 5836 Deum
911 5789 1058 5836 cadit.
1086 5789 1194 5837 109.

264 5853 535 5898 Ohsccenos
558 5852 934 5910 comprehendit
958 5851 1204 5898 confusio.
1233 5852 1337 5897 447.

1255 337 1644 388 VERBORUM
1683 337 1771 386 ET
1807 337 2384 389 SENTENTIARUM.

3324 339 3466 394 1206

1922 451 2062 498 Oculi
2086 451 2422 500 curiositatem
2445 455 2748 514 quandoque
2773 455 3081 512 signiﬁcant.
3113 459 3190 507 44.

1925 515 2105 560 Odium
2139 527 2340 572 aequum
2385 517 2515 562 inter
2559 523 2605 562 et
2639 519 2810 564 odium
2838 519 3072 577 iniquum
3097 519 3221 578 quid
3249 519 3462 568 intersit.

1866 579 1974 624 114.
2001 579 2046 622 et
2067 589 2173 624 sea.

1927 589 2230 686 Odit-35%eo
2253 637 2376 696 quid
2401 638 2688 701 debeamus,
2720 645 2767 689 et
2788 643 3056 701 quomodo.
3088 645 3196 693 125.

1926 701 2110 746 Offerre
2135 701 2303 746 hircos
2324 700 2448 759 quid
2475 702 2556 749 sit.
2583 706 2690 751 323.

1869 763 2108 873 62Omnes
2132 762 2412 808 declinasse
2425 767 2653 821 usquead
2677 778 2850 827 unum,
2865 767 3118 825 quomodo
3134 767 3461 826 intelligatur.

1927 887 2082 944 Opera
2119 898 2386 944 pravorum
2413 887 2720 933 convincunt
2744 894 3022 947 peccatores
3043 891 3348 948 puniendos.
3383 892 3463 942 49.

1925 949 2081 1006 Opera
2109 961 2206 994 non
2231 954 2441 1007 possunt
2464 963 2572 995 esse
2603 951 2749 1002 bona.
2776 953 2873 998 nisi
2899 952 3188 1000 deriventur
3203 955 3264 999 ab
3290 955 3464 1000 inten-

1871 1011 2000 1056 tione
2020 1011 2170 1067 justa.
2197 1013 2273 1059 '79.

1929 1074 2085 1130 Opera
2111 1073 2196 1118 ubi
2223 1072 2436 1130 perfecta
2459 1077 2623 1120 erunt.
2652 1075 2759 1122 313.

1931 1136 2220 1192 Operatores
2245 1135 2568 1193 iniquitatum
2597 1137 2706 1193 qui.
2733 1137 2809 1183 22.
2840 1138 2884 1181 et
2907 1149 3012 1197 seq.

1929 1197 2141 1254 Operum
2176 1201 2428 1261 momenta
2461 1198 2593 1254 apud
2619 1199 2805 1244 bonum
2826 1196 3047 1254 judicem
3074 1196 3299 1254 graviora
3326 1204 3466 1261 sunt,

1867 1271 2016 1316 quam
2046 1271 2243 1305 vocum.
2275 1259 2380 1306 440.

1930 1321 2174 1378 Operibus
2199 1321 2350 1368 bonis
2375 1320 2649 1366 vivendum
2674 1321 2734 1367 ad
2754 1321 3048 1379 sapientiam
3074 1321 3466 1378 adipiscendam.

1867 1385 1912 1430 2.
1940 1387 1985 1427 et
2006 1395 2110 1430 sea.

1932 1395 2340 1502 algificgates,qui
2363 1444 2621 1491 dicuntur.
2659 1445 2768 1493 537.
2792 1448 2836 1489 et
2858 1456 2961 1506 seq.

1931 1506 2066 1564 Opus
2099 1505 2279 1551 servile
2306 1518 2406 1552 non
2434 1507 2539 1551 ﬁeri
2574 1507 2626 1551 in
2646 1507 2727 1551 die
2752 1505 2982 1552 sabbat’hi
3006 1508 3129 1566 quid
3159 1508 3239 1554 sit.
3271 1510 3377 1557 141.

1932 1568 2065 1625 Opus
2109 1569 2296 1613 bonum
2336 1569 2433 1614 Deo
2457 1568 2700 1618 oblatum.
2725 1567 3032 1616 sacriﬁcium
3063 1571 3267 1616 dicitur.
3291 1571 3401 1619 265.
3429 1575 3474 1617 et

1866 1641 2138 1737 “(gracula
2162 1691 2378 1750 minora,
2406 1692 2511 1740 498.

1926 1754 2178 1800 Orandum
2205 1753 2258 1798 in
2287 1753 2716 1799 tribulanionibus
2743 1754 3065 1800 incessanter.
3094 1755 3202 1803 265.

1929 1817 2075 1861 Orare
2096 1816 2142 1861 ie
2164 1820 2352 1861 secreto
2375 1815 2560 1869 cordis,
2586 1815 2708 1871 quid
2738 1817 2819 1862 sit.
2847 1818 2954 1863 157.

1929 1879 2076 1923 Orare
2100 1877 2224 1922 bene
2253 1879 2368 1935 quis
2393 1878 2604 1924 dicatur.
2633 1878 2740 1925 158.

1932 1940 2079 1986 Orare
2106 1940 2254 1984 Deum
2282 1944 2329 1984 et
2351 1940 2604 1997 deprecari
2634 1939 2686 1984 in
2711 1952 2810 1996 quo
2834 1939 3081 1984 differant.
3110 1941 3190 1987 301
3208 1977 3219 1987 .

1931 2001 2095 2048 Oratio
2119 2013 2208 2058 pro
2236 2001 2476 2058 inimicis,
2503 2001 2592 2059 qui
2618 2001 2723 2046 ﬁeri
2751 2001 2940 2049 debeat.
2965 2003 3067 2048 121.

1931 2062 2094 2108 Oratio
2117 2067 2163 2126 et
2187 2063 2484 2120 deprecatio,
2510 2063 2632 2120 quid
2657 2063 2907 2111 diﬁ‘erant.
2943 2063 3050 2111 265.
3073 2066 3117 2108 ct
3139 2076 3242 2126 seq.

1931 2123 2179 2170 Orationis
2203 2126 2420 2173 eﬁectus.
2452 2127 2556 2172 182.
2849 2151 2852 2153 -

1931 2187 2178 2232 Orationis
2197 2186 2404 2234 utilitas.
2433 2187 2541 2234 203.

1930 2248 2179 2294 Orationis
2202 2250 2408 2294 aﬁ‘ectus
2437 2249 2571 2294 unde
2595 2249 2843 2306 procedat,
2870 2251 2978 2297 365.

1934 2310 2184 2355 Orationis
2209 2314 2254 2354 et
2281 2309 2647 2366 deprecationis
2663 2310 2955 2359 discrimen.
2983 2314 3061 2361 72.

1933 2372 2184 2417 Orationis
2212 2371 2402 2416 fructus
2421 2372 2609 2429 quales.
2644 2373 2751 2420 301.

1932 2435 2067 2479 Oscae
2092 2432 2386 2490 conjugium
2411 2446 2475 2478 an
2504 2435 2758 2491 corporale
2784 2434 2949 2482 fuerit.
2974 2435 3084 2484 395.

1934 2495 2057 2540 Ossa
2081 2496 2131 2539 in
2161 2495 2315 2539 sacris
2341 2494 2535 2548 Literis,
2569 2495 2690 2552 quid
2718 2497 3018 2552 signiﬁcent.
3042 2499 3121 2545 28.
3147 2500 3191 2542 et
3213 2496 3322 2545 133.

1933 2557 2212 2602 Otiosorum
2239 2556 2410 2613 qualia
2433 2560 2552 2601 sunt
2578 2557 2760 2603 studia.
2790 2559 2896 2605 195.
3211 2564 3222 2573 ‘

1933 2619 2056 2664 Oves
2078 2621 2123 2663 et
2148 2617 2300 2663 boves
2323 2622 2370 2664 et
2395 2630 2572 2675 pecora
2595 2618 2776 2674 campi,
2805 2620 2928 2676 quid
2953 2619 3007 2665 in
3033 2619 3228 2666 Psalmo
3246 2621 3477 2668 Davidico

1872 2681 2178 2738 signiﬁcent.
2209 2680 2282 2726 44.

2658 2775 2709 2835 Ρ

1937 2883 2188 2930 Parabola:
2214 2883 2459 2929 deﬁnitio.
2488 2885 2597 2931 243.

1935 2945 2256 2992 Parricidalis
2279 2946 2483 2990 animus
2507 2951 2597 2994 est.
2616 2943 2780 2990 aliena
2793 2946 3072 2992 calamitate
3086 2947 3341 2995 ditescere.
3369 2951 3475 2998 427.

1939 3008 2159 3056 Parvuli.
2183 3007 2294 3069 qui
2343 3007 2463 3064 sint,
2491 3011 2535 3051 et
2559 3006 2789 3053 dicantur
2815 3009 2867 3054 in
2896 3009 3052 3055 sacris
3078 3010 3367 3069 Scripturis.
3395 3014 3472 3061 88.

1941 3069 2123 3116 Pascha
2146 3068 2259 3115 vita:
2281 3072 2477 3114 (eterna;
2508 3068 2591 3114 hic
2613 3081 2703 3126 per
2727 3070 2872 3116 ﬁdem
2900 3070 3095 3129 incipit.
3129 3068 3232 3120 101.

1938 3131 2262 3178 Passionihus
2285 3132 2569 3177 animorum
2597 3136 2810 3188 quatuor
2825 3136 3200 3191 possuntaptari
3220 3148 3388 3182 eruca.
3407 3135 3477 3180 lo-

1877 3198 2016 3241 custa
2038 3193 2262 3239 bruchus
2284 3198 2329 3238 et
2353 3194 2555 3251 rubigo.
2587 3195 2694 3241 490.

1940 3256 2195 3302 Pastiones
2220 3256 2406 3301 mstivaa
2432 3256 2484 3300 in
2511 3255 2781 3302 verticibus
2803 3258 3069 3306 montium.
3099 3259 3207 3308 507.

1941 3320 2187 3364 Pastorem
2215 3317 2464 3375 pecudum
2489 3320 2638 3362 Amos
2662 3330 2714 3363 se
2738 3331 2844 3364 esse
2873 3319 3149 3377 proﬁtetur.
3177 3321 3284 3370 547.

1945 3382 2199 3427 Pastorum
2232 3380 2451 3437 nomine,
2478 3378 2600 3436 quid
2632 3379 3041 3439 intelligendum.
3076 3383 3185 3432 507.

1943 3444 2082 3488 Pater
2104 3445 2151 3487 et
2176 3441 2338 3487 Filius
2363 3454 2498 3488 unus
2525 3441 2670 3502 Deus,
2697 3455 2798 3488 non
2823 3443 2924 3490 duo
2948 3443 3047 3492 Dii.
3075 3446 3153 3493 23.

1944 3504 2180 3550 Patientia
2203 3503 2292 3548 Job
2317 3516 2346 3548 a
2364 3505 2398 3549 D
2417 3517 2456 3548 eo
2481 3504 2698 3560 probata.
2725 3505 2834 3553 206.

1945 3568 2132 3612 Patrem
2158 3579 2186 3610 a
2210 3565 2402 3610 dextris
2428 3564 2541 3609 Filii
2567 3577 2693 3622 esse,
2719 3566 2936 3623 quidsit.
2965 3569 3042 3616 69.

1945 3629 2136 3684 Pauper
2160 3627 2242 3673 hic
2269 3627 2506 3687 afﬂictus,
2529 3627 2582 3672 in
2608 3627 2706 3673 ﬁne
2732 3628 3110 3685 gloriﬁcabitur.
3138 3631 3212 3678 53.

1944 3690 2137 3746 Pauper
2161 3693 2207 3735 et
2228 3689 2394 3745 justus
2421 3689 2620 3746 gemino
2644 3689 2885 3748 suffragio
2905 3692 3154 3750 nituntur,
3183 3693 3294 3740 514.

1946 3753 2191 3809 Pauperes
2214 3751 2302 3809 qui
2327 3751 2563 3813 appellati
2589 3751 2697 3799 529.
2720 3755 2765 3798 et
2789 3764 2896 3813 seq.

1945 3813 2210 3872 Paupertas
2236 3812 2438 3868 Christi,
2465 3811 2655 3858 divitiae
2688 3811 2869 3860 nostrai
2896 3818 3029 3860 sunt.
3078 3816 3181 3864 193.

1945 3875 2210 3934 Paupertas
2236 3875 2331 3919 Deo
2351 3878 2564 3931 accepta,
2591 3887 2704 3932 quas
2727 3875 2807 3921 sit.
2837 3876 2945 3924 361.

1944 3938 2040 3982 Pax
2065 3949 2201 3988 vera,
2227 3948 2342 3992 qua)
2368 3937 2448 3981 sit.
2479 3936 2585 3984 159.

1946 3999 2041 4043 Pax
2069 3997 2229 4044 nimia
2251 4003 2297 4042 et
2319 3998 2640 4055 prosperitas.
2665 3998 2777 4046 369.

1949 4061 2042 4106 Pax
2074 4062 2404 4120 peccatorum,
2435 4059 2559 4116 quid
2586 4060 2668 4108 sit.
2693 4061 2804 4109 367.

1947 4123 2171 4167 Peccanti
2196 4124 2241 4166 et
2262 4121 2457 4177 justum
2475 4122 2765 4168 mandatum
2792 4123 3111 4181 prmtereunti
3132 4124 3268 4182 justa
3285 4124 3489 4172 damna-

1886 4185 1954 4230 tio
1979 4183 2205 4230 debetur.
2231 4183 2309 4232 29.

1945 4247 2147 4292 Peccare
2191 4258 2250 4291 ex
2296 4246 2606 4307 necessitate,
2657 4251 2702 4292 et
2751 4260 2810 4293 ex
2853 4248 3180 4310 abundantia,
3206 4249 3346 4308 quid.
3376 4250 3485 4300 368.

1884 4310 1930 4355 et
1952 4321 2037 4370 seq
2050 4343 2062 4356 .
3172 4339 3180 4346 .

1947 4371 2152 4416 Peccare
2197 4383 2286 4428 per
2327 4371 2678 4430 ignorantiam,
2711 4376 2759 4418 et
2781 4384 2868 4431 per
2887 4371 3226 4433 inimicitiam,
3252 4373 3376 4432 quid
3404 4373 3486 4419 dl-

1881 4437 2028 4481 stent.
2055 4433 2164 4481 382.

1949 4495 2146 4540 Peccata
2176 4494 2324 4540 etiam
2351 4494 2590 4542 interiora
2614 4497 2754 4542 novit
2780 4495 2925 4542 Deus.
2950 4497 3058 4546 425.

1949 4557 2148 4602 Peccata
2181 4556 2369 4614 quibus
2401 4558 2504 4604 sint
2528 4558 2808 4604 conﬁtenda
2834 4563 2942 4616 post
2967 4561 3138 4606 Deum.
3156 4559 3261 4608 139.
3291 4558 3344 4605 Et
3368 4562 3487 4606 tem-

1885 4631 1980 4677 pus
2007 4621 2342 4677 opportunum
2366 4621 2637 4668 conﬁtendi
2663 4627 2710 4666 et
2733 4621 2929 4667 orandi.
2955 4618 3088 4669 Ibid.

1949 4682 2147 4727 Peccata
2169 4693 2284 4738 qua;
2313 4685 2360 4726 et
2381 4683 2569 4738 quibus
2593 4694 2694 4728 non
2721 4684 3047 4742 imputantur.
3082 4685 3189 4733 137.

1951 4743 2136 4789 Peccati
2159 4743 2299 4800 origo
2324 4742 2476 4790 unde.
2517 4744 2626 4792 163.

1951 4805 2296 4851 Peccatoribus
2314 4805 2441 4851 Deus
2466 4805 2624 4851 utitur
2645 4805 2706 4850 ad
2729 4805 2984 4862 justorum
3004 4807 3490 4865 probationem.l65.

1951 4869 2255 4913 Peccatorem
2307 4879 2406 4912 non
2449 4881 2574 4927 esse,
2609 4866 2832 4927 difﬁcile,
2883 4874 2969 4914 aut
3006 4869 3317 4928 impossibile
3343 4875 3415 4917 est
3439 4871 3493 4916 1n

1890 4930 1982 4975 hac
2019 4929 2133 4975 vita.
2166 4930 2272 4977 151.
2827 4973 2834 4978 .

1950 4993 2263 5038 Peccatorum
2291 4991 2604 5038 remissionis
2627 4991 2836 5038 occasio.
2873 4994 2984 5041 137.

1950 5055 2204 5099 Peccatum
2252 5054 2510 5099 Israelitici
2537 5054 2729 5114 populi,
2754 5053 3000 5110 Sodomze,
3023 5059 3071 5101 et
3095 5056 3354 5102 Gomorra
3381 5068 3485 5100 ma-

1882 5116 1968 5171 jus
1989 5116 2096 5164 523.

1949 5178 2205 5223 Peccatum
2220 5188 2369 5223 omne
2393 5177 2463 5233 ﬁt,
2488 5182 2571 5222 aut
2590 5177 2772 5236 studio,
2800 5183 2887 5224 aut
2921 5178 3226 5234 inﬁrmitate,
3253 5183 3335 5224 aut
3353 5178 3489 5237 igno-

1888 5240 2067 5286 rantia.
2096 5239 2206 5286 109.

1950 5303 2225 5358 Peccatum,
2253 5306 2298 5346 et
2329 5301 2516 5359 peccati
2543 5302 2791 5361 impietas,
2818 5299 2938 5359 quid
2957 5300 3218 5361 differant.
3248 5304 3354 5350 139.

1953 5365 2210 5408 Peccatum
2238 5374 2338 5408 non
2369 5359 2794 5421 abscondendum,
2823 5363 2865 5408 si
2892 5359 3108 5407 velimus
3135 5363 3282 5410 nobis
3309 5363 3490 5410 remitti

1889 5425 2106 5482 culpam.
2136 5424 2242 5472 195.

1953 5488 2208 5532 Peccatum
2235 5485 2529 5544 iniquorum
2557 5487 2738 5534 clamat
2759 5486 2818 5532 ad
2844 5487 3127 5536 Dominum.
3149 5488 3257 5537 136.

1958 5547 2169 5610 Pecunia
2193 5547 2384 5610 diaboli
2421 5549 2685 5607 iniquitas.
2715 5551 2822 5599 358.
2860 5552 3024 5610 etscq.

1954 5607 2203 5665 Peregrini
2221 5613 2267 5654 et
2291 5611 2510 5655 extranei
2536 5611 2835 5659 differentia.
2863 5611 2970 5660 366.

1954 5669 2352 5738 Persecutionem
2379 5672 2614 5738 Ecclesize
2633 5679 2729 5738 tres
2754 5672 3072 5738 deﬁet-cutim.
3102 5676 3218 5738 4.7a!
3240 5687 3344 5738 seq.

1956 5731 2326 5779 Persecutiones
2350 5744 2437 5790 per
2463 5735 2727 5780 toreularia
2750 5734 3125 5792 intelliguntur.
3152 5737 3230 5786 39.

1955 5793 2327 5840 Persecutiones
2367 5800 2567 5852 propter
2586 5797 2852 5850 justitiam.
2883 5799 3071 5856 ignem,
3097 5811 3200 5855 quo
3224 5801 3492 5856 probamur

1891 5856 2196 5910 signiﬁcant.
2220 5857 2298 5904 58.
