3866 6206
464 338 597 393 1207

524 452 803 500 Persecutio
846 452 1137 500 exercitium
1177 457 1251 500 est
1293 454 1353 499 ad
1402 458 1527 500 recte
1565 456 1840 503 vivendum
1887 454 2053 502 fideli-

460 518 574 565 bus.
599 516 679 563 50.

524 578 893 623 Persecutorum
921 578 1016 640 tria
1032 590 1238 640 genere.
1261 576 1365 640 191.
1392 580 1436 624 et
1457 591 1563 640 seq.

525 640 762 685 Personas
786 639 1042 701 mutandi,
1069 651 1193 684 usus
1221 637 1455 697 frequens
1498 637 1629 699 apud
1664 643 1948 701 prophetas.
1975 643 2052 689 23.

524 703 611 747 Pes
631 700 899 758 superbius,
925 700 1047 758 quid
1073 701 1154 748 sit.
1182 702 1288 750 163.

522 764 614 833 Pes
631 762 685 807 in
725 762 1011 833 Scripturis,
1037 762 1159 833 quid
1187 764 1267 810 sit.
1293 764 1401 811 340.

523 824 674 870 Pedes
719 836 807 881 pro
854 824 1201 869 affectionibus
1246 832 1518 872 sumuntur
1562 828 1858 886 plerumque
1901 828 1953 873 in
1979 841 2054 873 sa-

461 887 577 933 cris.
605 888 711 934 367.

524 946 852 1004 Philargyriaa
874 945 1067 992 fructus
1098 947 1289 1004 quales.
1316 951 1425 997 214.

526 1010 597 1056 Pii
620 1020 797 1074 omnes
810 1009 1203 1074 persecutionem
1228 1012 1487 1074 patiuntur
1506 1013 1735 1074 exemplo
1758 1014 2051 1061 Christi.12.

522 1071 719 1118 Pietatis
747 1068 939 1115 Divinze
972 1072 1299 1128 propositum.
1326 1073 1435 1122 533.

524 1132 738 1189 Pingues
770 1136 926 1191 terrae,
961 1132 1049 1189 qui
1072 1132 1322 1180 dicantur.
1359 1136 1461 1181 101.

521 1195 797 1259 Plaustrum
820 1198 1059 1259 onustum
1078 1192 1231 1251 faeno,
1248 1199 1496 1252 quomodo
1519 1198 1923 1259 intelligendum.
1941 1200 2049 1248 515.

520 1256 697 1322 Pluvia
720 1266 870 1322 super
892 1256 1143 1301 civitatem
1172 1269 1324 1303 unam
1348 1259 1459 1305 data
1487 1268 1576 1322 est,
1607 1266 1653 1308 et
1676 1256 1827 1321 super
1842 1262 2050 1308 alteram

456 1318 689 1365 minime.
715 1318 825 1365 523.

524 1382 690 1436 Poena,
715 1390 864 1441 quam
882 1377 1146 1441 subierunt
1164 1380 1332 1430 Judaei
1360 1396 1446 1441 pro
1472 1396 1562 1430 sua
1588 1384 1853 1434 dementia.
1880 1387 1985 1434 421.

510 1439 819 1514 'Pmnit‘e‘n‘tia
848 1451 961 1484 vera
987 1451 1087 1485 non
1114 1440 1230 1501 fato,
1269 1439 1483 1491 sed‘sibi
1520 1446 1615 1505 ipsi
1639 1448 1841 1505 culpam
1868 1447 2052 1507 pemati

462 1502 651 1550 tribuit.
678 1502 785 1549 139.

521 1564 815 1611 Pmnitentia
838 1563 1105 1609 Dominum
1131 1564 1310 1622 placat.
1347 1567 1460 1617 486.

520 1625 731 1673 Ponam
754 1637 843 1683 pro
866 1625 1161 1681 permittam.
1188 1628 1297 1675 411.

522 1689 705 1753 Ponere
728 1686 782 1753 in
807 1685 1214 1753 similitudinem.
1227 1692 1341 1753 215.
1830 1744 1843 1753 α

523 1749 740 1806 Populus
763 1747 1064 1794 Israeliticus
1090 1750 1141 1794 in
1166 1751 1439 1799 solitudine
1461 1755 1725 1802 extinctus.
1754 1747 1863 1806 254.

520 1811 740 1868 Populus
760 1810 1047 1878 Judfeorum
1072 1812 1209 1857 solus
1234 1820 1478 1874 praecepta
1501 1817 1645 1878 legis,
1669 1819 1857 1876 quibus
1878 1819 2051 1866 obedi-

458 1877 526 1919 ret
550 1876 819 1932 acceperat,
846 1872 953 1918 412.

520 1935 738 1992 Populus
767 1946 901 1978 unus
924 1932 1097 1979 multis
1120 1934 1415 1984 nominibus
1448 1938 1719 1987 indicatur.
1753 1942 1861 1991 513.

521 1998 675 2042 Porta:
699 1994 814 2041 ﬁliae
838 1995 977 2055 Sion,
1007 1995 1150 2053 quid.
1176 1997 1285 2047 373.
1414 2016 1420 2022 ·

521 2060 798 2103 Portionem
824 2069 1006 2115 ponere
1025 2069 1138 2103 cum
1170 2060 1335 2115 malis,
1360 2061 1481 2119 quid
1507 2064 1587 2109 sit.
1628 2065 1737 2112 251.

521 2120 791 2165 Posteriora
815 2120 895 2163 Dei
919 2119 1104 2179 videre,
1130 2121 1254 2178 quid
1279 2123 1361 2169 sit.
1389 2123 1497 2171 374.

520 2182 738 2226 Potentia
764 2181 848 2226 Dei
868 2184 1038 2226 contra
1059 2183 1271 2228 Azotios.
1297 2186 1407 2232 511.

520 2244 740 2288 Potentes
763 2255 917 2300 quare
940 2242 1176 2289 Israelita
1200 2252 1575 2304 nuncupantur.
1611 2251 1720 2298 530.

519 2306 762 2368 Praecepta
786 2304 964 2368 divina
1000 2310 1389 2368 contemnentes,
1436 2321 1537 2355 non
1590 2323 1691 2357 uno
1715 2312 1862 2359 modo
1887 2325 2051 2361 errare

452 2367 670 2412 contenti
696 2368 829 2411 sunt.
859 2366 967 2412 421.

518 2427 750 2490 Prmcepti
778 2424 904 2490 (sub)
931 2426 1112 2490 specie,
1140 2427 1217 2490 vis
1238 2441 1476 2486 expressa
1497 2436 1569 2479 est
1594 2433 1799 2490 judicii.
1824 2438 1931 2485 418.

516 2487 777 2545 Praeceptis
807 2487 888 2532 Dei
934 2488 1268 2550 obediendum
1313 2503 1498 2550 amore,
1526 2487 1629 2542 non
1664 2498 1837 2544 timore
1868 2499 2046 2547 volun-

455 2554 547 2595 tate
572 2562 673 2594 non
698 2562 757 2594 ex
798 2549 1104 2597 necessitate.
1133 2551 1178 2598 7.

517 2612 822 2669 Praeceptum
852 2611 1165 2668 praecipuum
1198 2612 1430 2661 charitas.
1473 2619 1545 2665 13.

519 2672 820 2731 Prmcepium
868 2672 1057 2718 tametsi
1095 2673 1315 2734 diﬁicile,
1360 2679 1551 2725 amanti
1575 2683 1740 2727 tamen
1783 2682 1926 2731 facile
1954 2689 2045 2735 est.

516 2796 839 2852 Prtecingere,
863 2809 990 2853 quos
1014 2796 1201 2842 dicitur
1225 2797 1354 2845 Deus
1375 2801 1574 2850 virtute.
1596 2805 1675 2853 81.

515 2857 820 2915 Prascingere
845 2857 1062 2917 lumbos,
1086 2859 1230 2916 quid.
1262 2861 1339 2910 82.

517 2920 754 2987 Praeclara
778 2919 1041 2987 haired_i_tas
1066 2920 1146 2987 Pei
1171 2920 1296 2987 solis
1319 2925 1576 2982 prteclaris
1600 2929 1813 2987 cognita.
1842 2933 1921 2978 65.

522 2981 894 3027 Prmdestinatio
922 2981 1036 3026 Filii
1065 2982 1166 3031 Dei.
1197 2985 1302 3030 143.

520 3044 871 3089 Prmdicatores
886 3044 1136 3089 veritatem
1164 3046 1450 3095 vondentes.
1470 3051 1549 3099 57.

519 3105 857 3151 Praedicatoris
882 3105 1029 3151 Verbi
1054 3106 1136 3151 Dei
1162 3119 1364 3157 munus.
1392 3112 1500 3159 239.

517 3165 839 3237 Prmlatorum
866 3180 1054 3237 munus
1076 3169 1235 3237 quale
1248 3172 1328 3218 sit.
1358 3173 1464 3237 23?.
1490 3176 1536 3220 et
1556 3187 1661 3237 seq.

518 3228 806 3274 Prmliorum
830 3229 969 3274 varia
990 3242 1170 3287 genera
1192 3232 1423 3280 obeunda
1446 3228 1694 3285 ﬁdelibus.
1720 3239 1797 3289 81.

520 3290 744 3336 Praesens
769 3293 965 3349 tempus
990 3305 1077 3349 pro
1105 3294 1373 3350 praeterito.
1407 3298 1515 3346 557.

518 3351 1061 3418 Pretiis‘innocentium
1085 3355 1342 3418 ebrietates
1364 3364 1409 3404 et
1433 3362 1652 3418 crapulae
1687 3363 1846 3413 factm.
1873 3368 1982 3416 513.

487 3412 827 3525 ἱΡι-ἓῑίοὲἒιζτα,
872 3428 986 3473 quae
1031 3417 1361 3481 aestimantur,
1404 3412 1698 3482 diligentius
1733 3412 1850 3472 sunt
1880 3412 2045 3489 inspi-

507 3487 566 3520 sn
606 3488 653 3521 a.
763 3512 775 3524 .

457 3487 653 3521 010008.
667 3487 775 3524 517.

518 3537 718 3594 Priapos
744 3539 835 3596 qui
860 3543 979 3585 sunt
1002 3541 1242 3590 venerati.
1262 3545 1370 3591 447.

516 3599 749 3657 Princeps
768 3612 858 3645 cur
878 3600 1056 3658 vulpes
1073 3602 1316 3649 dicantur.
1345 3606 1453 3655 308.

483 3722 500 3765 ι
526 3660 749 3706 Probatio
772 3661 997 3708 ﬁdelium
1015 3664 1067 3707 in
1086 3664 1735 3726 tribulationibusexemplo
1747 3672 1951 3726 Christi.
1967 3680 2043 3728 72.

511 3733 613 3765 sea.

455 3733 500 3767 et
511 3733 595 3780 seq
603 3753 613 3764 .

518 3783 750 3829 Procaces
769 3782 833 3827 ab
857 3783 1076 3831 incausti
1101 3786 1503 3843 distinguuntur.
1532 3794 1638 3840 423.

519 3843 826 3900 Prodigium,
852 3844 976 3902 quid
1005 3846 1086 3893 sit.
1118 3849 1230 3897 230.
1256 3851 1301 3895 et
1323 3861 1375 3896 se

520 3862 826 3900 rruuigium,
852 3862 976 3902 qum
1005 3862 1086 3893 Sit.
1118 3862 1230 3897 230.
1256 3862 1301 3895 el
1323 3862 1375 3896 se
1415 3885 1427 3906 ,

520 3905 825 4014 ‘Prgghzt‘ays
861 3908 1198 3969 contumeliae,
1246 3914 1292 3956 et
1336 3862 1599 3973 reiigionis
1636 3919 1833 3968 violata:
1855 3925 2043 3973 crimen

456 3979 544 4024 par
572 3979 661 4014 est.
683 3979 792 4015 4H.

516 4029 769 4092 Propheer
791 4030 953 4087 pauci,
990 4038 1036 4076 et
1066 4045 1323 4092 pauperes.
1345 4038 1455 4087 422.

515 4091 769 4149 Propheta;
793 4092 896 4136 veri
923 4105 1128 4143 munus.
1157 4091 1264 4147 457.

516 4154 790 4213 Prophetas,
818 4155 978 4200 nubes
1000 4159 1130 4203 aeris
1156 4160 1412 4212 dicuntur.
1441 4166 1518 4213 '77.

514 4215 771 4283 Prophetas
797 4228 899 4283 qua
924 4219 1113 4283 ratione
1135 4224 1476 4279 peccatoribus
1509 4230 1556 4273 et
1578 4229 1663 4276 Dei
1689 4230 1915 4281 inimicis
1936 4247 2046 4283 ma-

452 4276 556 4323 lum
582 4282 751 4334 optent
773 4278 922 4325 etiam
947 4276 1153 4329 orando:
1180 4284 1270 4332 152

452 4339 869 4450 (ΓΡῘι-οᾶὺῗιαῖιὲω
907 4345 953 4387 et
996 4343 1428 4403 Evangelistarum
1475 4351 1735 4400 harmonia
1778 4356 1839 4403 de
1861 4357 2043 4407 Christi

489 4414 535 4446 1v
565 4414 596 4447 n
640 4414 735 4448 ae.
827 4434 840 4447 .

489 4414 735 4448 IVIDIlaIG.
763 4414 781 4448 ‘I
793 4414 840 4448 3.

511 4463 866 4531 Prophetarum
892 4478 1032 4528 usus,
1057 4470 1285 4517 mutandi
1308 4484 1546 4531 personas
1558 4476 1611 4522 in
1642 4480 1816 4528 sacris.
1840 4482 1919 4529 82.

511 4524 864 4601 Prophetarum
922 4524 1201 4601 contemnis
1246 4524 1325 4580 de'
1352 4524 2044 4601 magnitudine’iniquitatis

451 4588 874 4634 contemnendum
906 4591 1064 4639 venit.
1092 4594 1196 4642 486.

513 4649 778 4726 Prqphetas
803 4654 1078 4726 norint-nodo
1100 4662 1412 4721 spreverunt,
1433 4663 1519 4710 sed
1536 4664 1686 4710 etiam
1710 4665 2042 4726 impugnave-

451 4714 567 4757 runt
592 4712 843 4759 Israelitaa.
869 4714 973 4760 441.

513 4773 776 4853 Prophetas
806 4774 1129 4853 iJn’blo‘norare,
1154 4792 1306 4853 quam
1330 4787 1684 4853 gravescelus.
1714 4791 1822 4853 447,

512 4834 1017 4913 Prpphetiahdicitur,
1065 4834 1316 4901 non—quia
1331 4834 1564 4904 pradicit
1592 4834 1891 4911 futura—{sed
1921 4856 2042 4913 quia

450 4895 615 4951 prodit
635 4898 845 4947 occulta.
875 4901 923 4947 5.

513 4956 777 5035 Pr'ephetia
796 4961 1022 5035 gerendas
1044 4961 1105 5011 ﬂe
1130 4966 1293 5014 reditu
1317 4967 1538 5017 ﬁliorum
1574 4974 1722 5021 Israel
1744 4988 1805 5022 ex
1826 4977 2042 5035 captivi-

450 5022 545 5064 tate
570 5019 888 5078 Babylonica.
915 5026 1022 5073 312.

509 5081 801 5145 Propositio,
831 5085 951 5145 quid
979 5088 1060 5145 sit,
1087 5089 1193 5137 243.

509 5144 808 5219 Prosperitas
831 5144 985 5217 hujus
1007 5152 1341 5219 saeculaque;
1372 5160 1417 5219 et
1439 5158 1611 5214 qualis
1633 5159 1716 5219 sit,
1747 5162 1851 5210 198.

446 5206 786 5316 57Ρέῗὲ1ίωυε,
829 5206 946 5266 quis
991 5210 1136 5258 nobis
1159 5206 1258 5271 sit,—
1277 5220 1323 5260 et
1370 5206 1563 5266 dicatur
1587 5222 1639 5265 in
1666 5206 1828 5268 sacris
1839 5206 2038 5274 Literis.

508 5329 789 5377 Prudentia)
818 5330 1062 5384 deﬁnitio.
1088 5336 1196 5385 242.

509 5392 721 5459 Psallere
738 5394 967 5459 _I_)on_11no,
1003 5398 1128 5455 quid
1152 5402 1353 5458 propr1e
1384 5403 1464 5451 sit.
1498 5406 1574 5453 4t.
1608 5408 1653 5452 et
1691 5407 1795 5456 142.
1825 5408 2039 5459 Psallam

446 5455 704 5503 veraciter.
727 5452 859 5502 Ibid.
878 5459 923 5503 et
946 5452 1053 5507 319.

507 5514 689 5588 Psalmi
714 5518 1106 5588 cuneoliloquia
1130 5523 1386 5572 dicantur.
1415 5529 1460 5575 4.
1486 5528 1542 5574 Et
1564 5528 1773 5588 dignius
1795 5536 1841 5578 et
1874 5537 2041 5582 mani-

446 5572 621 5697 ἓῗεὲέξε
644 5578 705 5623 de
718 5580 912 5626 Christo
935 5572 1231 5647 loquuntur,
1254 5601 1407 5647 quam
1426 5572 2035 5652 53915835135559.7333.

453 5698 1040 5776 :ngsalmi‘quidam-cur
1071 5711 1367 5760 nominibus
1390 5713 1623 5776 aliorum,
1656 5730 1806 5776 quam
1828 5722 2037 5771 Davidis

450 5757 786 5827 intitulentur.
815 5766 859 5827 4.
895 5769 941 5811 et
966 5778 1069 5827 seq.

513 5816 818 5868 Psalmorum
844 5816 1050 5874 Davidis
1067 5831 1206 5878 ordo.
1233 5836 1280 5881 5.
1298 5834 1700 5890 Unicusillorum
1723 5844 1870 5896 liber.
1899 5843 2034 5895 Ibid.

1992 339 2214 391 INDEX

3627 336 3744 390 1208

2211 476 2494 523 Psalmodia
2518 479 2614 523 Deo
2636 477 2966 535 acceptabilis
2987 490 3122 537 quas.
3148 479 3262 527 303.

2210 540 2518 585 Psalmorum
2550 540 3002 599 superscriptiones
3025 544 3072 585 et
3091 552 3269 586 earum
3302 541 3736 599 interpretationes,

2151 604 2197 650 1.
2227 604 2272 647 et
2305 613 2411 650 sea.

2212 614 2519 709 lfgafggirum
2546 662 2673 709 liber
2696 664 2851 710 variis
2885 662 3182 709 nominibus
3203 664 3340 722 apud
3362 664 3601 710 Hebraeos
3623 678 3739 710 nun-

2150 729 2381 782 cupatur.
2407 726 2452 773 3.
2472 726 2529 769 ‘et
2551 737 2657 786 seq.

2212 786 2441 832 Psalmus
2467 787 2656 832 Cantici
2687 786 2829 844 quid.
2857 790 2902 834 1.
2937 791 2983 833 et
3005 800 3108 848 seq.

2213 847 2442 894 Psalmus
2464 860 2494 892 a
2517 850 2718 894 Cantica
2751 849 2875 904 quid
2897 847 3110 901 diti‘erat.
3133 854 3153 896 1
3174 851 3212 896 l.
3239 853 3286 895 et
3312 851 3427 899 120.

2213 910 2439 955 Psalmus
2477 909 2855 956 consonantiam
2896 913 3032 958 vocis
3070 924 3186 956 cum
3224 924 3424 969 organo
3461 912 3740 971 requirit,et

2149 971 2470 1017 concordiam
2499 973 2664 1029 operis
2687 984 2804 1017 cum
2830 985 2945 1019 voce
2969 974 3157 1019 laudis.
3183 973 3263 1020 48.

2214 1034 2507 1097 Psalterium
2548 1038 2690 1079 sonat
2739 1047 2769 1078 a
2811 1040 2946 1093 parte
2981 1035 3257 1097 superiori,
3294 1036 3517 1094 cythera
3544 1047 3655 1081 vero
3690 1036 3743 1081 ab

2150 1095 2398 1143 inferiori.
2424 1095 2536 1143 282.

2208 1158 2548 1215 Pugnantium
2572 1158 2627 1202 in
2652 1155 2869 1203 Ecclesia
2894 1157 3195 1205 differentia.
3233 1158 3348 1206 161.

2210 1218 2586 1281 Pulchritudine
2610 1232 2844 1281 agrorum
2894 1222 3139 1267 vocabulo
3171 1218 3658 1279 sylvae'frondentes
3679 1221 3745 1266 in-

2150 1279 2465 1337 telliguntur.
2501 1281 2607 1328 485.

2209 1343 2382 1388 Pulvis
2401 1343 2526 1401 quid
2555 1344 2611 1389 in
2632 1343 2789 1388 sacris
2816 1343 3082 1400 signiﬁcet.
3108 1345 3189 1392 34.

2207 1404 2380 1450 Pulvis
2404 1405 2662 1451 sceleratos
2684 1404 2900 1466 denotat,
2935 1418 3062 1463 quos
3088 1406 3385 1453 temtationis
3408 1412 3596 1453 ventus
3616 1420 3646 1452 a
3667 1406 3747 1452 ﬁde

2149 1465 2410 1514 dispergit.
2438 1468 2517 1514 97.

2210 1478 2410 1524 spergu.
2438 1478 2517 1514 97.

2210 1529 2531 1587 Purgatorius
2556 1528 2691 1588 ignis
2712 1528 2881 1586 qualis
2904 1529 2988 1577 sit.
3015 1531 3124 1578 173.

2922 1643 2978 1714 Q

2210 1748 2363 1802 Quies
2387 1760 2474 1806 pro
2498 1749 2702 1807 imperii
2728 1749 2844 1796 ﬁne.
2873 1751 2986 1799 401.

2210 1807 2313 1865 Qui
2335 1807 2644 1871 ingreditur
2667 1810 2784 1858 sine
2812 1810 3050 1867 macula,
3076 1817 3191 1867 etc.,
3224 1812 3485 1869 quomodo
3508 1813 3747 1871 intelliga-

2150 1876 2246 1957 tur,
2276 1902 2369 1947 etc.
2398 1899 2503 1947 460.
2523 1902 2570 1946 et
2592 1912 2701 1961 seq.

2924 1985 2985 2048 Β.

2212 2090 2393 2154 Rabbe,
2438 2092 2558 2139 urbs
2607 2092 2899 2151 metropolis
2942 2093 3209 2141 Palaestina
3254 2096 3376 2154 igne
3396 2095 3743 2143 comburenda.

2150 2151 2583 2275 “gelidomantia,
2622 2217 2767 2275 quid.
2800 2218 2907 2265 421.

2212 2275 2451 2333 Rnpsases
2483 2278 2588 2323 dux
2623 2279 2893 2337 Assyrius.
2920 2280 3033 2329 473.

2212 2337 2452 2394 Rapsaces
2485 2340 2809 2398 Assyriorum
2851 2341 2955 2387 dux
2991 2343 3245 2389 exercitus
3281 2345 3379 2391 sub
3419 2345 3744 2393 Sennacherib

2151 2398 2296 2456 Rege.
2330 2400 2437 2449 499.

2212 2461 2350 2524 Ratio
2373 2462 2575 2521 duplex,
2602 2464 2655 2510 in
2684 2464 2912 2511 adversis
2933 2466 3032 2512 Deo
3052 2466 3401 2524 supplicandi.
3430 2472 3538 2520 428.

2211 2522 2343 2591 Rectl
2368 2525 2721 2591 quidicantur,
2748 2532 2979 2591 eteorum
2995 2522 3234 2575 exultatio
3256 2543 3348 2578 cur
3371 2537 3608 2591 perpetua
3642 2537 3737 2582 112.

2148 2584 2368 2631 Reddere
2393 2590 2501 2633 vota
2527 2588 2650 2646 quid
2674 2588 2758 2644 sit,
2785 2589 2894 2637 301.

2207 2647 2358 2709 Reges
2381 2649 2554 2695 minus
2598 2649 2858 2709 religione,
2893 2663 3045 2707 quam
3069 2655 3306 2708 potestate
3331 2660 3611 2705 reverendi.
3638 2661 3737 2707 425.

2208 2708 2360 2780 Reges
2383 2722 2473 2756 cur
2501 2710 2554 2780 in
2581 2710 2745 2780 furore
2769 2708 2851 2780 Dei
2877 2712 3079 2780 dentur.
3109 2716 3217 2764 470.
3255 2720 3302 2764 et
3324 2731 3437 2780 seq.

2207 2770 2361 2828 Reges
2406 2774 2756 2831 prophetarum
2800 2778 2849 2820 et
2891 2774 3203 2823 sacerdotum
3252 2770 3604 2829 benedictione
3649 2796 3737 2829 non

2145 2835 2435 2878 consecrati.
2463 2835 2568 2883 439.

2208 2894 2325 2967 Regi
2349 2895 2852 2967 cmlestiservientes,
2886 2908 3187 2967 reges‘sunt.
3216 2905 3297 2953 15.
3321 2908 3369 2952 et
3392 2918 3501 2967 seq.

2208 2955 2516 3019 Regionibus
2544 2959 2628 3005 Vm
2664 2955 2982 3019 imprecetur.
3008 2963 3116 3013 533.

2206 3018 2373 3081 Regna
2402 3020 2636 3078 opulenta
2660 3018 2775 3081 quin
2800 3035 2885 3081 per
2909 3024 3157 3072 bruchum
3180 3035 3450 3075 eonsumta
3472 3035 3607 3079 sunt.
3634 3032 3730 3079 495.

2208 3079 2435 3154 Regnum
2457 3082 2638 3154 chi-isti
2662 3079 2836 3154 quate,
2854 3089 2900 3130 et
2922 3087 2985 3131 ad
3009 3101 3138 3154 quos
3153 3089 3295 3154 ﬁnes.
3311 3092 3388 3140 15.
3415 3094 3462 3154 et
3483 3105 3589 3154 seq.

2467 3141 2690 3192 virtutis’
2708 3141 2854 3193 Jacob
2888 3141 3097 3206 posteris
3119 3151 3230 3197 suis
3250 3141 3609 3202 custodiendas
3624 3157 3727 3202 reli-

2206 3214 2233 3246 n
2261 3239 2273 3251 .
2352 3211 2360 3220 ‘
2401 3236 2412 3249 .

2144 3201 2273 3258 quit.
2304 3204 2412 3251 466.

2205 3265 2393 3322 Regum
2420 3279 2607 3313 munus
2628 3268 2776 3326 quale
2807 3273 2896 3318 est.
2921 3274 3028 3319 101.

2206 3326 2479 3438 Reli‘gioérzis
2524 3330 2722 3377 violata:
2769 3335 2817 3377 et
2854 3334 3173 3380 contumeliae
3205 3338 3513 3397 prophetalis
3548 3342 3728 3388 crimen

2206 3400 2235 3432 .r
2258 3400 2310 3433 es
2337 3423 2347 3434 .
2447 3408 2484 3438 ι.

2146 3398 2235 3444 par
2258 3398 2347 3434 est.
2376 3398 2484 3438 447.

2170 3450 2392 3560 1ΙὶεδὲιἺιιιιι
2416 3453 2621 3499 nomine
2641 3454 2968 3513 cogitationes
2986 3457 3344 3518 intelliguntur
3364 3462 3421 3509 in
3445 3465 3601 3511 sacris
3625 3465 3732 3512 lite-

2191 3523 2232 3559 s.
2325 3546 2337 3559 .

2146 3523 2232 3559 1'13.
2260 3523 2337 3559 37.

2207 3575 2417 3645 Remum
2443 3576 2643 3645 aii]icti_o
2669 3590 2769 3645 non
2796 3579 2953 3638 placet
2972 3583 3261 3634 Dominum.
3288 3587 3398 3645 486.

2206 3634 2448 3709 Repetitio
2591 3634 2811 3709 Psalmis
2844 3655 2963 3709 non
2989 3646 3331 3694 necessitatem
3360 3642 3631 3709 narrantis,
3656 3652 3733 3697 sed

2144 3698 2375 3744 aifectum
2398 3700 2666 3747 exultantis
2689 3704 2918 3752 ostendit.
2944 3707 3021 3755 31.

2208 3760 2582 3830 Reprobationis
2604 3775 2661 3810 ac
2683 3765 2919 3830 caacitatis
2941 3769 3079 3826 origo
3095 3771 3283 3818 anobis
3300 3773 3545 3830 procedit.
3570 3778 3644 3824 84.

2205 3822 2546 3885 Reprobiluto
2570 3825 2963 3885 tequiparantur.
2990 3822 3105 3881 129.

2206 3885 2385 3931 Rerum
2409 3884 2654 3945 deﬁnitio,
2678 3884 3034 3939 communione
3068 3894 3338 3941 nominum
3385 3910 3488 3943 non
3526 3897 3731 3945 confun—

2140 3946 2510 4076 ὰὶἓιέέιιῗιῖἔέιῇο
2535 4011 2721 4076 Christi
2742 4026 2771 4059 a
2806 4015 2991 4062 Davide
3013 4018 3251 4076 praedicta
3289 4020 3345 4066 in
3373 4022 3605 4070 Psalmis.
3636 4023 3730 4072 195.

2202 4073 2737 4144 Resurrect‘ionis‘spes
2752 4089 2810 4123 ex
2839 4073 3053 4144 Christe.
3083 4081 3163 4129 69.
3188 4084 3236 4127 et
3252 4094 3366 4144 seq.

2146 4134 2473 4245 l1Re2;urgent
2495 4136 2696 4193 quidem
2712 4140 2955 4187 omnesad
2988 4142 3156 4203 vitam,
3178 4143 3265 4189 sed
3290 4134 3398 4192 n'on
3426 4146 3491 4192 ad
3510 4146 3729 4204 gloriam.

2207 4231 2219 4243 .
2245 4208 2271 4243 e
2315 4207 2421 4245 sea.

2207 4231 2219 4243 .
2245 4207 2291 4243 et
2315 4207 2421 4258 seq.

2204 4258 2359 4304 Rivus
2392 4259 2590 4318 Egypti
2617 4272 2705 4319 pro
2732 4260 2861 4310 Nilo.
2887 4264 2993 4313 555.

2204 4320 2370 4366 Robur
2390 4321 2610 4380 alicujus
2632 4324 2905 4373 comedere.
2940 4326 3048 4375 435.

2204 4381 2405 4429 Robusti
2434 4395 2525 4430 cur
2548 4384 2781 4432 Israelitaa
2811 4393 3067 4436 vocentur.
3092 4390 3203 4439 529.

2205 4443 2393 4503 Rubigo
2415 4451 2461 4491 et
2484 4446 2725 4496 bruchus.
2749 4449 2860 4497 489.

2197 4506 2447 4564 Rubigine
2467 4520 2620 4567 regna
2639 4510 2874 4569 opulenta
2893 4516 3283 4560 consumuntur.
3314 4516 3428 4566 495.

2911 4624 2954 4688 S

2203 4728 2467 4776 Sabbatum
2490 4730 2706 4790 qualiter
2726 4733 3114 4783 observandum.
3147 4739 3255 4786 I41.
3286 4742 3335 4786 et
3357 4740 3472 4789 233.

2203 4791 2466 4862 Saeculum
2517 4798 2729 4855 portare,
2775 4808 2865 4841 cur
2910 4796 3141 4844 Christus
3180 4802 3440 4858 Apostolis
3462 4803 3723 4862 prohibuit.

2139 4855 2407 4962 18giiccum
2430 4928 2581 4974 super
2605 4918 2811 4965 dorsum
2835 4931 3034 4977 ponere.
3063 4922 3172 4970 518.

2202 4977 2486 5024 Sacerdotes
2508 4979 2623 5025 Baal
2646 4980 2989 5028 internecione
3013 4983 3264 5033 delentur.
3290 4987 3405 5035 799.

2200 5039 2483 5150 querédzostes
2534 5053 2634 5087 non
2672 5042 2843 5089 minus
2866 5043 3127 5105 religione,
3163 5058 3320 5105 quam
3344 5051 3582 5107 potestate
3604 5059 3729 5094 rere-

2200 5115 2222 5148 n
2291 5137 2301 5148 .
2425 5138 2436 5149 .

2139 5115 2301 5149 P8001.
2330 5115 2436 5149 (120.

2201 5166 2350 5211 Sacra
2374 5162 2624 5222 Scriptura
2649 5178 2823 5213 mensa
2845 5165 3048 5215 dicitur.
3083 5170 3191 5219 102.

2200 5227 2370 5294 Sacra,
2404 5225 2820 5294 literm__lnqueus
2866 5228 3105 5276 dicuntur
3138 5232 3227 5293 iis,
3263 5233 3356 5291 qui
3380 5244 3730 5294 perperamess

2138 5289 2545 5346 interpretantur.
2572 5289 2649 5337 56.

2201 5350 2452 5419 Sacriﬁcia
2477 5353 2587 5419 Pen
2620 5364 2814 5410 semper
2845 5353 3224 5419 gratioraquze.
3252 5358 3364 5407 247.
3391 5361 3507 5419 Ara,
3532 5358 3659 5417 ignis
3687 5360 3726 5400 et

2138 5413 2334 5471 reliqua
2360 5412 2607 5459 sacriﬁcio
2634 5416 2928 5464 necessaria.
2956 5413 3089 5465 Ibid.

2204 5474 2513 5542 Sacriﬁcium
2539 5474 2767 5542 justitiaa,
2794 5478 2921 5542 quid
2944 5478 3025 5526 sit.
3054 5480 3131 5528 22.
3157 5483 3205 5527 et
3226 5493 3335 5542 seq.

2202 5536 2508 5583 Sacriﬁcium
2554 5550 2669 5584 cum
2714 5539 2954 5599 lacrymis
2987 5543 3168 5599 quanti
3219 5536 3307 5588 sit'
3333 5543 3571 5591 momenti
3604 5538 3720 5598 apud

2138 5600 2310 5647 Deum.
2346 5600 2455 5648 181.
2485 5602 2533 5645 et
2564 5612 2671 5661 seq.
2804 5614 2809 5619 ‘

2201 5661 2441 5707 Sacriﬁcii
2472 5666 2518 5707 et
2542 5661 2824 5710 holocausti
2848 5663 3151 5716 diﬁ‘erentia.
3177 5668 3286 5717 187.

2200 5722 2507 5792 Sacriﬁcium
2536 5736 2724 5772 novum
2746 5726 2896 5792 quale
2917 5727 3004 5792 sit.
3037 5728 3148 5777 259.
3173 5734 3220 5776 et
3238 5742 3348 5792 seq.

2200 5785 2509 5849 Sacriﬁcium
2532 5799 2633 5849 quo
2664 5792 2807 5846 pacto
2832 5788 2919 5835 ﬁat
2934 5790 3033 5837 Deo
3052 5785 3335 5849 acceptum.
3360 5796 3471 5844 267.

2197 5847 2559 5906 Sacrilegorum
2585 5848 2825 5908 fugienda
2853 5852 3079 5902 societas.
3103 5847 3214 5903 423.
3247 5859 3297 5905 et
3316 5869 3426 5919 seq.
