3866 6206
140 388 274 442 1213

136 502 417 549 summatim
448 508 780 549 recensentur.
1650 504 1739 551 133

201 567 320 612 CAP.
360 565 440 611 IV.
481 588 543 597 —
567 566 603 609 I.
629 563 948 621 Apronianus
970 564 1031 610 ad
1059 564 1292 610 Ruﬁnum
1318 564 1469 609 mittit
1492 565 1743 622 exemplar

137 625 545 683 Hieronymianaa
570 625 795 683 epistolae
821 627 873 670 in
900 626 1086 683 vulgus
1111 638 1316 683 sparsae.
1342 626 1487 670 Varia
1513 626 1571 670 de
1583 628 1741 683 Apro-

137 689 290 733 niano
314 691 359 731 et
386 687 497 743 ejus
522 690 667 743 gente
691 686 1030 745 proferuntur.
1046 689 1103 733 II.
1124 688 1292 734 Ruﬁni
1317 687 1739 745 Apologiacontra

132 750 429 807 Hieronymi
455 749 735 805 epistolam.
760 749 838 794 III.
866 749 1102 805 Ejusdem
1127 748 1384 808 Apologia:
1412 749 1549 798 libri.
1574 750 1610 794 Ι.
1650 761 1733 807 sy-

134 810 330 871 n0psis,
363 811 667 867 objectiones
700 810 1007 867 dogmaticas
1030 812 1315 859 continens.
1344 813 1421 859 IV.
1450 811 1664 858 Ruﬁnus
1687 824 1738 855 se

132 874 343 918 omnino
366 872 690 933 catholicum,
715 873 838 918 etab
864 873 1145 919 hmresibus
1168 874 1371 930 Origeni
1396 873 1739 932 impactis,va-

133 946 285 980 cuum
322 933 432 980 fuse
461 934 800 982 dmmonstrat.
827 935 883 981 V.
910 934 1165 993 Apologiae
1190 934 1318 981 liber
1340 937 1399 983 II.
1426 935 1734 982 enucleatur.

131 996 215 1043 VI.
248 995 397 1041 Varia
420 995 473 1042 in
513 997 873 1053 Hieronymum
906 1010 933 1040 τι
959 998 1137 1043 Ruﬁno
1170 1003 1421 1055 congesta.
1450 998 1547 1044 VII.
1577 997 1738 1053 Hujus

128 1058 329 1104 brevior
357 1058 597 1116 Apologia
614 1058 674 1102 ad
702 1059 1037 1103 Anastasium.
1649 1059 1737 1107 139

189 1119 307 1166 CAP.
334 1120 391 1164 V.
410 1145 468 1152 —
482 1120 517 1166 I.
534 1119 699 1164 Ruﬁni
721 1120 989 1177 utriusque
1002 1119 1527 1177 Apologisesynopsis,
1546 1119 1606 1165 ad
1620 1120 1736 1165 Hie-

127 1192 398 1238 ronymum
424 1180 654 1227 mittitur.
682 1181 739 1228 II.
766 1181 861 1233 Qui
886 1182 1051 1227 statim
1076 1181 1136 1226 ad
1164 1188 1428 1240 utramque
1452 1182 1731 1239 respondet.

124 1242 208 1289 III.
232 1242 476 1301 Apologia
500 1242 818 1301 Origeniana,
840 1256 991 1300 quam
1017 1243 1356 1301 Hieronymus
1374 1243 1633 1302 Pamphilo
1649 1244 1733 1289 ab-
1822 1272 1827 1275 -

121 1303 333 1361 judicat,
360 1304 481 1350 huic
505 1304 714 1362 martyri
737 1305 1040 1353 vindicatur.
1069 1306 1145 1351 IV.
1176 1306 1413 1357 Qumnam
1440 1304 1735 1364 Pamphilus

124 1365 395 1424 scripserit.
428 1366 485 1413 V.
513 1366 823 1423 Conjecturaa
847 1367 908 1412 ad
939 1366 1229 1424 Apologiam
1256 1366 1514 1424 Pamphilo
1530 1367 1734 1423 abjudi-

125 1428 335 1474 candam
368 1439 609 1474 excussae.
646 1430 725 1474 VI.
749 1428 1027 1486 Responsio
1052 1429 1343 1486 Hieromyni
1368 1429 1426 1474 ad
1451 1430 1731 1475 accusatio-

126 1501 215 1535 nes
252 1488 445 1537 Ruﬁni.
490 1490 590 1535 VII.
617 1490 689 1535 Ad
720 1490 846 1535 alias
878 1490 1048 1536 Ruﬁni
1070 1491 1412 1537 accusationes
1435 1490 1727 1549 Hieronymi

124 1564 379 1609 responsa.
412 1551 537 1598 VIII.
573 1552 821 1597 Refutatio
853 1553 1149 1611 Hieronymi
1182 1552 1438 1611 Apologiaa
1462 1552 1631 1598 Rufini
1664 1553 1726 1597 ad

124 1612 444 1659 Anastasium
468 1626 668 1671 papam.
1638 1615 1729 1664 153

184 1675 303 1723 CAP.
330 1675 411 1722 VI.
438 1699 500 1707 —
524 1676 562 1720 Ι.
590 1676 800 1721 Ruﬁnus
822 1675 1019 1721 duobus
1042 1675 1450 1734 Hicronymianre
1474 1676 1729 1733 Apologia}

124 1735 268 1782 libris
301 1736 583 1794 Aquileiam
618 1736 714 1781 sibi
746 1737 972 1794 perlatis,
1021 1737 1174 1783 biduo
1209 1738 1470 1796 respondet
1496 1738 1722 1795 epistola,

121 1810 257 1845 nunc
301 1798 572 1855 deperdita.
612 1800 668 1844 II.
718 1801 841 1844 Suos
890 1800 1043 1844 libros
1080 1800 1139 1845 ad
1171 1800 1531 1857 Hieronymum
1558 1801 1725 1854 mittit,

114 1873 273 1925 quem
298 1860 477 1925 acriter
505 1860 692 1925 carpit.
722 1861 802 1925 ΙΙΙ.
832 1860 1615 1925 Ejusdemiepistolmidepcrditie
1641 1876 1729 1907 ex-

114 1922 298 1986 cerpta.
336 1923 421 1986 IV.
444 1922 694 1986 Anastasii
722 1922 975 1967 Pontiﬁcis
1000 1928 1042 1967 et
1070 1924 1234 1969 Sancti
1256 1924 1526 1986 Ephipanii
1552 1924 1729 1981 episto-

116 1983 213 2037 Ias'
232 1989 287 2033 in
331 1983 550 2030 dubium
592 1987 750 2040 vocat,
783 1995 936 2041 seque
968 1996 1190 2041 purgans
1223 1985 1565 2031 adversarium
1593 1985 1730 2031 varie

118 2047 363 2111 percellit.
388 2047 445 2091 V.
477 2045 823 2111 Hieronymus
848 2057 881 2111 ξ
902 2046 1080 2111 Sancto
1104 2048 1387 2111 Chromatio
1412 2046 1726 2111 Aquileiensi

118 2106 333 2160 antistite
358 2107 605 2169 monitus,
633 2111 687 2152 ut
711 2120 739 2150 a
767 2106 1031 2169 scribendo
1052 2108 1109 2169 in
1126 2108 1358 2154 Ruﬁnum
1382 2110 1729 2169 abstineret,se

118 2173 339 2221 invitum
367 2170 427 2215 ad
474 2169 552 2214 sui
580 2167 929 2213 defensionem
956 2168 1059 2226 cogi
1087 2171 1371 2227 respondet,
1397 2171 1530 2228 quod
1559 2167 1725 2216 Ruﬁni

120 2235 235 2283 libri
281 2234 335 2278 in
382 2230 571 2287 vulgus
608 2229 795 2291 sparsi,
822 2236 1138 2287 vagarentur.
1171 2233 1249 2278 VI.
1274 2233 1527 2291 Apologia:
1552 2234 1729 2278 Hiero-

121 2295 289 2358 nymi,
318 2289 1105 2358 ejusdemqueinterpretationes
1129 2289 1386 2358 literarum
1404 2289 1724 2358 paschalium

119 2352 405 2417 Theophili,
418 2352 577 2417 annis
599 2356 681 2417 -ρῐΔ
708 2353 937 2417 numeris
959 2354 1067 2417 suis
1103 2355 1361 2401 restitutio.
1402 2356 1501 2402 VII.
1538 2357 1599 2401 Μ.
1624 2358 1725 2400 An-

121 2413 503 2469 tonii'SabeIlici
521 2413 717 2471 judicia
742 2415 873 2460 circa
897 2414 1277 2462 Ruﬁnuminter
1292 2423 1337 2463 et
1364 2417 1727 2475 Hieronymum

119 2480 486 2529 contentiones.
1642 2478 1729 2526 169

178 2549 296 2595 CAP.
325 2547 429 2594 VII.
454 2570 518 2580 --
539 2546 574 2591 Ι.
602 2546 833 2605 Origenis
858 2546 1093 2593 Homilies
1116 2548 1248 2595 XVII
1274 2548 1324 2593 in
1359 2546 1602 2594 Genesim
1626 2559 1728 2593 non

113 2624 141 2656 a
185 2610 519 2666 Hieronymo,
543 2608 629 2655 sed
654 2622 683 2653 a
706 2608 905 2669 Ruﬁno
932 2609 1088 2654 latine
1112 2621 1285 2657 versae.
1314 2610 1371 2655 II.
1394 2609 1651 2655 ’I‘redecim
1674 2610 1729 2655 in

118 2669 394 2727 Exedunt,
427 2674 475 2715 et
504 2669 754 2716 sexdecim
793 2668 847 2715 in
873 2668 1181 2716 Leviticum.
1209 2672 1289 2717 III.
1322 2671 1511 2729 Viginti
1542 2674 1650 2717 octo
1676 2672 1727 2715 in

118 2730 405 2781 Numeros.
436 2733 512 2779 IV.
542 2731 733 2787 Vitgini
756 2744 842 2777 sex
868 2733 922 2777 in
940 2730 1122 2778 Josue.
1148 2733 1205 2780 V.
1238 2733 1419 2778 Novem
1444 2733 1498 2779 in
1514 2729 1731 2780 Judices

122 2794 325 2855 totidem
354 2794 407 2855 in
442 2791 823 2855 Psalmis,una
846 2796 899 2840 In
926 2794 1113 2855 librum
1144 2793 1433 2855 I.Regum,
1454 2798 1733 2855 etquatuor

120 2858 170 2902 in
200 2854 452 2905 Cantica.
478 2856 557 2902 VI.
588 2854 720 2900 Libri
747 2855 917 2901 decem
955 2856 1006 2901 in
1038 2853 1202 2902 Pauli
1226 2853 1505 2917 epistolam
1536 2854 1609 2902 ad
1628 2854 1731 2917 Bo-

117 2930 326 2965 manos.
347 2918 448 2963 VII.
476 2916 709 2963 Homilies
727 2917 913 2964 dubiae.
931 2919 1051 2970 Quae
1077 2919 1262 2964 suntin
1276 2917 1477 2965 Lucam
1501 2931 1603 2964 non
1616 2916 1731 2963 Ru-

114 2979 279 3042 ﬁnus,
297 2980 385 3026 sed
411 2978 749 3037 Hieronymus
773 2980 931 3025 vertit.
1516 2982 1728 3029 176-177

181 3051 304 3099 CAP.
332 3050 456 3098 VIII.
480 3075 539 3084 —
565 3049 603 3097 Ι.
628 3048 842 3095 Ruﬁnus
870 3048 1044 3095 Basilii
1069 3051 1231 3109 Magni
1255 3049 1500 3095 Homilies
1534 3055 1658 3105 octo,
1684 3051 1731 3095 et

118 3112 347 3171 Gregorii
373 3111 681 3157 ‘Nazianzeni
706 3110 878 3157 decem
902 3112 1147 3169 opuscula
1169 3112 1232 3158 ab
1254 3124 1308 3157 se
1332 3111 1485 3157 latine
1518 3111 1728 3164 reddita,

114 3172 444 3237 Aproniano
459 3173 705 3237 inscribit.
732 3173 791 3220 II.
806 3172 1134 3237 Honnullade
1151 3174 1233 3237 his
1256 3174 1731 3237 Gregorianislucu-

116 3234 433 3282 brationibus
458 3234 799 3291 proferuntur.
826 3235 907 3282 III.
932 3236 1147 3281 Ruﬁnus
1173 3235 1295 3280 Sixti
1322 3236 1470 3279 etiam
1490 3235 1734 3293 Pythago-

117 3298 206 3344 rici
232 3296 509 3343 sententias
546 3296 600 3341 in
627 3295 842 3342 latinum
869 3307 1153 3341 sermonem
1180 3296 1442 3342 translatas
1464 3296 1527 3341 ad
1550 3297 1729 3357 Apro-

116 3358 249 3406 nian
262 3370 358 3404 um
396 3357 567 3413 mittit,
599 3360 799 3415 Ayamaa
838 3357 996 3402 sorori
1028 3356 1306 3404 donandus.
1333 3358 1413 3403 1V.
1440 3358 1563 3403 Sixti
1589 3356 1725 3413 aetas,

114 3421 313 3480 religio,
353 3425 399 3466 et
444 3419 661 3476 pretium
709 3419 845 3476 apud
891 3420 1146 3476 antiquos.
1182 3419 1239 3467 V.
1276 3419 1489 3465 Ruﬁnus
1514 3420 1577 3465 ob
1603 3421 1726 3465 Sixti

115 3482 493 3529 translationem
518 3480 648 3526 male
673 3480 894 3533 habitus,
922 3493 1022 3525 non
1051 3484 1215 3527 tamen
1240 3486 1511 3538 superstes.
1533 3482 1612 3529 VI.
1629 3482 1728 3527 Cur

113 3546 347 3590 Sixtinus
371 3543 497 3587 liber
519 3557 548 3588 a
571 3541 767 3587 Gelasio
791 3542 828 3587 Ι.
855 3543 1066 3598 rejectus
1092 3543 1220 3587 inter
1248 3544 1552 3600 apocrypha.
1580 3544 1645 3588 De
1670 3557 1727 3588 oo

113 3606 371 3651 variorum
420 3604 684 3649 sententiae
730 3602 989 3660 expositae.
1042 3604 1144 3649 VII.
1182 3603 1307 3650 Sixti
1334 3604 1517 3650 dictaa
1541 3604 1727 3651 Graecis

110 3669 302 3725 passim
327 3666 557 3713 adducta.
588 3665 746 3711 Etiam
771 3678 801 3710 a
830 3664 1034 3712 Latinis.
1062 3666 1186 3713 VIII.
1213 3665 1334 3722 Ejus
1349 3667 1727 3727 codices,atque

109 3730 379 3775 editiones.
1634 3729 1725 3777 188

171 3799 293 3846 CAP.
334 3798 418 3846 IX.
461 3820 523 3830 —-
569 3796 605 3840 Ι.
637 3795 858 3851 Evagrii,
886 3796 1035 3852 cujus
1062 3796 1305 3854 opuscula
1330 3798 1543 3843 Ruﬁnus
1572 3797 1727 3844 latine

108 3859 368 3917 convertit,
399 3858 558 3915 patria
581 3861 628 3902 et
660 3869 959 3915 cognomen.
996 3858 1054 3903 II.
1086 3860 1440 3905 Accusationes
1479 3859 1532 3904 in
1573 3858 1722 3905 illum

109 3926 378 3980 congestas.
406 3922 485 3967 III.
513 3919 634 3977 Ejus
659 3919 852 3965 laudes.
883 3919 964 3967 IV.
993 3919 1181 3977 Scripta
1206 3934 1235 3965 a
1258 3920 1439 3966 Ruﬁno
1463 3921 1718 3967 translata.

108 3979 278 4030 adhuc
300 3982 562 4029 exstantia.
587 3981 643 4025 V.
677 3979 945 4026 Sententiae
968 3981 1219 4038 Pamphili
1232 3984 1470 4041 martyris
1481 3982 1723 4028 adversus

109 4045 483 4091 Mathematicos
506 4043 568 4087 ab
591 4042 764 4088 eodem
789 4054 1049 4088 conversae
1072 4044 1420 4089 excutiuntur.
1632 4044 1721 4092 200

170 4117 291 4163 CAP.
318 4116 380 4162 X.
416 4137 478 4148 -—
502 4114 539 4159 I.
571 4111 844 4159 Clementis
868 4111 1252 4170 Recognitiones
1274 4113 1475 4160 Graecas
1502 4117 1613 4170 post
1636 4126 1722 4159 ea-

110 4190 219 4223 rum
246 4176 646 4235 translationem,
678 4174 742 4219 ab
762 4172 925 4219 amico
949 4174 1158 4219 Paulino
1190 4174 1383 4221 Nolano
1410 4174 1593 4220 frustra
1615 4178 1718 4221 ten-

111 4243 275 4296 tatam,
327 4238 543 4283 Ruﬁnus
568 4236 722 4281 latine
746 4234 1003 4283 convertit.
1030 4236 1089 4281 II.
1117 4237 1308 4294 Rogatu
1334 4239 1525 4283 Sanctae
1549 4236 1719 4282 Silvia.

108 4301 280 4346 Ruﬁni
328 4298 546 4357 praefecti
590 4296 825 4356 praetorio
868 4297 1073 4353 sororis,
1096 4310 1224 4355 opus
1245 4298 1556 4358 adgreditur,
1583 4299 1714 4356 quod

104 4362 387 4408 Gaudentio
416 4360 652 4406 Brixiano
678 4359 920 4417 Episcopo
947 4362 1226 4417 nuncupat.
1251 4361 1333 4408 III.
1362 4362 1521 4406 Verus
1544 4359 1720 4417 praefa-

108 4424 261 4470 tionis
286 4427 460 4468 auctor
481 4425 528 4467 et
550 4421 973 4479 Recognitionum
1000 4420 1246 4480 interpres
1268 4422 1586 4469 Ruﬁnus.IV.
1615 4422 1717 4467 Bel-

106 4484 314 4531 larmini
355 4484 495 4531 locus
529 4481 659 4529 circa
693 4481 969 4531 Clementis
991 4482 1375 4542 Recognitiones
1396 4484 1712 4543 expenditur.

108 4548 160 4592 V.
193 4546 359 4593 Varias
386 4543 740 4603 inscriptiones
762 4544 1177 4602 Recognitionum
1206 4544 1484 4593 Clementis
1501 4547 1713 4591 recitan-

102 4621 176 4654 ur.
232 4609 313 4656 VI.
352 4610 539 4653 Auctor
574 4605 990 4663 Recognitionum
1016 4606 1310 4664 inquiritur.
1341 4610 1441 4654 VII.
1476 4608 1710 4664 Ejusdem

101 4675 224 4715 aetas
247 4670 501 4716 statuitur.
533 4669 654 4715 VIII.
686 4667 907 4713 Dodweli
932 4668 1183 4714 sententia
1204 4668 1470 4718 refellitur.
1490 4670 1572 4716 IX.
1590 4671 1716 4717 Cen-

100 4745 223 4778 sura
246 4731 433 4778 Gelasii
461 4732 605 4788 Papae
627 4730 690 4775 de
715 4729 1181 4787 Recognitionibus.
1206 4730 1266 4778 X.
1284 4731 1446 4777 Variae
1470 4731 1712 4790 Recogni-

106 4794 302 4840 tionum
328 4791 575 4839 editiones
600 4796 953 4838 numerantur.
1621 4795 1711 4842 207

164 4863 285 4911 CAP.
301 4862 383 4910 XI.
410 4886 473 4896 —
492 4864 529 4908 I.
557 4861 773 4907 Ruﬁnus
785 4860 1709 4919 ChromatioAquileiensiumantistiti

101 4924 456 4985 obsecuturus,
501 4923 770 4969 Historiam
814 4922 1013 4968 Eusebii
1052 4923 1277 4968 Latinam
1304 4921 1438 4983 facit,
1466 4924 1711 4983 librisque

102 4987 230 5047 suis,
253 5000 282 5033 a
312 4986 510 5044 Dupino
533 4997 795 5047 perperam
817 4985 1152 5047 reprehensis.
1183 4986 1263 5031 III.
1304 4986 1475 5031 Ruﬁni
1496 4986 1714 5032 Historia

101 5045 303 5095 duobus
342 5052 491 5106 auget
535 5047 595 5095 II.
631 5047 760 5100 Quid
787 5046 841 5092 in
866 5045 1165 5092 Eusebianis
1186 5048 1491 5105 praestiterit,
1516 5047 1639 5105 quid
1657 5048 1709 5093 in

98 5110 230 5165 suis,
257 5124 287 5156 a
310 5109 508 5167 Dupino
531 5121 790 5166 perperam
822 5108 1159 5165 reprehensis.
1199 5109 1278 5157 III.
1310 5109 1477 5155 Ruﬁni
1496 5109 1711 5156 Historia

98 5185 125 5215 a
148 5171 308 5217 Gallis
331 5170 540 5218 maximi
564 5170 692 5217 facta
715 5184 725 5216 :
749 5170 869 5216 item
893 5169 955 5214 ab
999 5168 1177 5226 Anglis
1208 5173 1256 5215 et
1287 5169 1537 5217 Africanis
1562 5171 1712 5217 Patri-

98 5232 214 5280 bus.
247 5233 326 5280 IV.
352 5236 392 5279 A
416 5232 602 5279 Graecis
624 5231 881 5280 similiter.
906 5231 967 5279 V.
992 5230 1149 5277 Graeci
1169 5230 1297 5277 duos
1308 5232 1531 5288 ejusdem
1557 5231 1712 5279 libros

98 5295 266 5341 Graece
312 5297 671 5355 convertentes,
720 5306 841 5355 suos
876 5291 1083 5355 faciunt.
1125 5292 1209 5340 VI.
1238 5293 1520 5340 Concilium
1552 5294 1707 5341 Nice-

96 5368 239 5402 num.
267 5357 326 5402 II.
355 5354 960 5403 eorumdemtestimonio
986 5355 1160 5401 utitur.
1176 5355 1279 5403 VII.
1316 5356 1507 5401 Latina;
1529 5357 1713 5402 versio-

99 5417 180 5463 nis
225 5417 520 5465 Eusebianae
544 5417 769 5463 historia;
808 5429 898 5475 per
920 5416 1161 5462 Ruﬁnum
1184 5416 1471 5474 preastantia
1489 5418 1709 5463 ostendi-

100 5483 193 5525 tur.
221 5481 343 5528 VIII.
371 5479 558 5527 Gelasii
583 5491 797 5527 censura
821 5476 1118 5536 explicatur.
1146 5478 1229 5526 IX.
1268 5479 1431 5525 Varias
1467 5478 1712 5527 editiones

98 5546 442 5590 recensentur.
1619 5543 1712 5590 222

158 5607 275 5656 CAP.
304 5611 411 5659 XII.
433 5635 497 5645 —
518 5611 556 5659 Ι.
581 5609 751 5658 Ruﬁni
787 5607 1002 5655 historia
1025 5609 1299 5659 eremitica.
1334 5609 1392 5657 II.
1426 5608 1712 5667 Altquando

98 5671 404 5732 Hieronymo
446 5672 712 5730 adscripta.
764 5671 844 5719 III.
881 5669 1097 5732 Ruﬁnus
1119 5675 1317 5732 enarrat
1340 5671 1576 5730 alterius,
1608 5685 1709 5719 non

97 5745 243 5778 suam
281 5730 537 5781 historiam
563 5734 822 5793 litinerum
847 5743 937 5789 per
969 5730 1270 5793 solitudines
1293 5733 1709 5781 monasteriorum

96 5792 318 5853 Egypti.
368 5797 446 5843 IV.
484 5798 531 5842 Is
572 5798 645 5840 est
688 5793 951 5839 Petronius
978 5792 1329 5853 Bononiensis,
1356 5806 1455 5840 non
1473 5794 1623 5842 alius.
1650 5797 1708 5843 V.

100 5828 263 5901 Idgmr
305 5828 531 5903 multis”
551 5853 837 5901 rationibus
883 5828 1358 5909 comprobatur.
1407 5855 1573 5911 Deque

1166 391 1327 451 QUIE
1362 392 1433 441 IN
1469 390 1615 441 HOC
1648 388 1848 441 TOMO
1882 389 2398 442 CONTINENTUR.

3308 390 3448 445 1214

1837 501 2156 608 ditiicultates
2201 504 2460 552 tolluntur.
2500 505 2599 552 VII.
2638 505 2737 552 Cur
2776 515 2907 562 opus
2932 504 3233 563 Hieronymo
3255 503 3445 613 adsit;

1839 575 1870 613 ι)
1893 575 1997 611 um.
3354 572 3362 587 ί
3415 596 3425 609 .

1838 572 1997 622 ptum.
3354 572 3425 613 23:

1902 634 2019 681 CAP.
2065 634 2193 679 XIII.
2219 660 2295 683 -—-.
2329 636 2621 694 Hieronymi
2656 639 2716 683 de
2748 639 2840 683 hoc
2866 636 3030 682 Ruﬁni
3055 649 3199 695 opere
3225 637 3449 683 testimo-

1840 694 1985 741 nium
2014 696 2339 753 explicatum.
2355 699 2411 743 II.
2438 699 2566 750 Quid
2585 700 2863 745 deillorum
2881 694 3138 745 sanctitate
3155 698 3447 757 dicendum,

1836 770 1967 815 quos
2002 758 2336 815 Hieronymus
2367 760 2541 815 carpit.
2575 762 2652 806 III.
2682 763 2882 807 Caussa;-
2915 760 3203 817 recitantur,
3240 762 3302 805 ob
3325 770 3453 817 quas

1835 819 2174 877 Hieronymus
2220 820 2392 865 minus
2440 821 2647 866 fortasse
2696 836 2872 880 aequus
2918 822 3013 867 fuit
3060 823 3235 868 Ruﬁno
3280 828 3325 867 et
3362 821 3453 866 Pe-

1836 881 2021 927 tronio.
2047 882 2126 928 IV.
2156 882 2319 928 Varia:
2344 882 2595 929 editiones
2619 885 2789 942 Operis
2828 885 2890 930 de
2909 885 3036 931 Vitis
3059 885 3253 930 Patrum
3284 881 3452 942 profe-

1832 947 2031 989 runtur.
3355 944 3447 991 245

1898 1016 2018 1061 CAP.
2048 1014 2176 1070 XIV.
2208 1039 2271 1049 —
2290 1015 2327 1062 Ι.
2353 1014 2567 1062 Ruﬁnus
2593 1015 3005 1061 commentarium
3032 1017 3205 1063 scribit
3229 1017 3282 1063 in
3310 1019 3451 1075 Sym-

1834 1076 2007 1121 bolum
2034 1077 2409 1134 Apostolorum.
2439 1076 2658 1123 Breviter
2681 1078 2734 1123 in
2767 1089 2825 1122 eo
2853 1082 3084 1124 contenta
3109 1084 3449 1125 recensentur.

1833 1140 1891 1186 II.
1918 1138 2222 1184 Testimonia
2248 1144 2343 1183 tam
2363 1139 2616 1197 Veterum,
2636 1152 2788 1197 quam
2806 1139 3155 1186 Recentiorum
3179 1141 3451 1186 adducun-

1834 1202 1929 1245 tur.
1954 1200 2038 1247 ΙΙΙ.
2068 1201 2230 1257 Hujus
2256 1201 2613 1247 Commentarii
2636 1201 2793 1247 varia;
2816 1201 3084 1249 editiones.
3357 1202 3443 1249 251

1893 1273 2013 1319 CAP.
2040 1272 2141 1319 XV.
2170 1297 2229 1305 -—
2254 1273 2291 1319 Ι.
2335 1271 2559 1317 Anatolii
2595 1271 2927 1318 Alexandrini
2967 1284 3129 1317 canon
3153 1270 3403 1330 paschalis
3423 1283 3453 1315 a

1831 1333 2018 1379 Rufino
2044 1334 2217 1380 Latine
2246 1345 2539 1379 conversus.
2567 1334 2624 1382 II.
2660 1335 2778 1393 Ejus
2802 1333 3037 1391 Epistolas
3067 1346 3241 1379 omnes
3278 1333 3454 1389 deper-

1994 1396 2076 1441 III.
2123 1395 2309 1454 Aliqua
2344 1408 2369 1440 e
2405 1395 2579 1441 Latino
2614 1396 2669 1440 in
2706 1398 2932 1443 Graecum
2981 1407 3260 1442 sermonem
3288 1399 3453 1503 11·οὲξῖ

1850 1471 1881 1503 u
1908 1471 1921 1502 ι
1952 1492 1962 1503 .

1896 1530 2019 1574 CAP.
2049 1527 2178 1573 XVI.
2204 1552 2266 1562 --
2293 1529 2328 1575 I.
2356 1529 2432 1573 An
2462 1525 2677 1571 Ruﬁnus
2700 1526 2859 1573 Flavii
2877 1528 3301 1585 Josephioperum
3328 1525 3457 1570 Lali-

1832 1602 1930 1635 nus
1980 1589 2242 1645 interpres.
2293 1590 2350 1636 II.
2410 1588 2558 1633 Varia
2594 1588 2655 1633 de
2675 1588 3261 1646 Josephiantiquissimo
3285 1586 3455 1633 codice

1830 1651 2212 1699 Medionalensi.
2264 1651 2346 1696 III.
2390 1650 2517 1695 Num
2554 1651 2895 1707 Hieronymus
2918 1656 2963 1696 et
2987 1649 3283 1696 Ambrosius
3311 1648 3453 1695 Jose-

1828 1714 1986 1771 phum
2036 1712 2207 1759 Latine
2255 1711 2609 1759 converterint.
2668 1711 2942 1771 Egesippus
2996 1715 3070 1757 est
3112 1710 3358 1768 Josephus
3394 1710 3455 1755 de

1833 1776 1965 1821 Bello
2007 1774 2216 1820 Iudaico
2252 1775 2313 1820 ab
2337 1774 2598 1819 Ambrosio
2622 1772 2789 1819 Latine
2813 1778 3115 1820 contractus.
3157 1773 3234 1818 IV.
3272 1772 3451 1816 Fride-

1829 1836 1917 1882 rici
1947 1836 2190 1883 Gronovii
2218 1836 2417 1883 collatio
2444 1837 2575 1881 inter
2609 1836 2818 1894 phrases
2841 1834 3111 1893 Ambrosii,
3136 1838 3177 1879 et
3214 1833 3453 1891 Egesippi

1827 1899 2102 2006 pdprobala
2140 1904 2188 1944 et
2211 1898 2433 1945 defensa.
2466 1899 2520 1943 V.
2546 1898 2750 1955 Iosephi
2781 1897 2944 1943 versio
2982 1896 3163 1943 Ruﬁno
3187 1895 3454 2005 abjudécgz;

1848 1972 1923 2006 ur.

1848 1972 1923 2007 ΗΓ.

1892 2032 2011 2077 CAP.
2050 2029 2200 2077 XVII.
2231 2053 2293 2063 —-
2321 2030 2362 2078 Ι.
2391 2029 2749 2077 Commentarii
2775 2029 2828 2075 in
2854 2029 3037 2075 LXXV.
3068 2027 3279 2073 Davidis
3301 2027 3445 2073 Psal-

1828 2105 1934 2138 mos
1972 2092 2154 2138 Ruﬁno
2178 2103 2433 2150 perperam
2459 2092 2705 2139 attributi.
2737 2092 2796 2140 II.
2834 2091 3073 2136 Similiter
3097 2088 3445 2135 commentarii

1829 2155 1881 2199 in
1912 2154 2106 2214 Oscam,
2138 2154 2378 2215 Johelem,
2414 2158 2457 2199 et
2485 2156 2647 2200 Amos.
2684 2154 2767 2201 III.
2798 2153 2975 2200 Incerti
2998 2151 3217 2198 auctoris
3240 2155 3313 2197 est
3332 2150 3445 2215 Vitia

1826 2218 1873 2264 S.
1900 2217 2157 2277 Eugeniae,
2194 2229 2294 2262 non
2320 2214 2505 2263 Ruﬁni.
3343 2214 3435 2260 267

1892 2297 2010 2344 CAP.
2062 2296 2232 2344 XVIII.
2275 2321 2337 2329 —
2387 2295 2423 2343 Ι.
2452 2296 2552 2341 Sub
2575 2294 2747 2341 Ruﬁni
2772 2294 2978 2340 nomine
3006 2292 3192 2352 duplex
3215 2289 3443 2339 Libellus

1829 2355 2001 2418 Fidei,
2047 2357 2297 2415 superiori
2351 2356 2535 2403 saeculo
2558 2357 2744 2404 editus.
2771 2357 2827 2402 Il.
2868 2356 3005 2402 Prior
3038 2356 3320 2402 continens.
3348 2367 3438 2418 xu:

1828 2415 2306 2475 Anathematismos,
2325 2419 2505 2465 Ruﬁno
2530 2423 2702 2464 nostro
2726 2418 2936 2463 minime
2958 2418 3326 2477 attribuendus,
3353 2415 3439 2460 sed

1828 2481 1993 2528 alteri.
2020 2481 2103 2528 III.
2136 2481 2288 2527 Multo
2305 2481 2477 2525 minus
2501 2481 2763 2540 posterior,
2781 2480 3047 2538 Pelagiana
3072 2480 3181 2525 labe
3206 2478 3437 2540 infectus:
3488 2503 3498 2514 η

1829 2546 2016 2599 septem
2064 2542 2231 2586 Ruﬁni
2279 2545 2615 2586 recensentur.
2654 2542 2733 2586 IV.
2781 2542 3027 2587 Posterior
3048 2541 3272 2587 Libellus
3297 2539 3440 2585 Ruﬁ-

1830 2615 1955 2650 num
1979 2602 2306 2649 Palaestinam
2331 2602 2409 2647 vel
2435 2601 2595 2648 alium
2619 2605 2867 2647 auctorem
2895 2603 3059 2650 habet.
3347 2602 3432 2647 271

1894 2682 2010 2731 CAP.
2038 2682 2166 2728 XIX.
2194 2707 2253 2715 —
2279 2682 2315 2730 Ι.
2344 2680 2610 2740 Theophili
2633 2680 2965 2727 Alexandrini
2990 2680 3198 2739 epistola
3221 2680 3283 2725 ad
3314 2682 3441 2724 Ana-

1831 2743 2047 2792 stasium
2073 2744 2253 2801 Papam
2278 2743 2410 2789 circa
2436 2743 2685 2789 Paschatis
2708 2743 3090 2789 celebrationem
3118 2742 3289 2788 turbas
3312 2742 3441 2787 exci-

1833 2810 1899 2851 tat
1924 2806 1978 2851 in
2000 2806 2238 2853 Ecclesia.
2259 2807 2313 2851 II.
2344 2806 2558 2851 Ruﬁnus
2573 2806 2636 2851 ab
2658 2805 2921 2850 Anastasio
2945 2804 3155 2850 minime
3171 2804 3441 2850 damnatus

1834 2869 1913 2915 III.
1942 2868 2042 2913 Hoc
2064 2872 2241 2926 praeter
2264 2867 2365 2912 alia
2389 2868 2607 2913 ostendit
2622 2867 2844 2923 ejusdem
2865 2879 2980 2913 cum
3000 2865 3439 2924 prazcipuisltaliae

1830 2929 2090 2989 Episcopis
2114 2928 2522 2975 communicatio
2552 2930 2631 2976 IV.
2652 2929 2772 2985 Ejus
2790 2934 2979 2975 tantum
2996 2929 3239 2974 librorum
3254 2926 3440 2974 Periar-

1827 2992 1959 3038 chon
1988 2992 2153 3038 versio
2178 3004 2279 3037 non
2304 2991 2524 3049 probata.
2555 2992 2612 3037 V.
2638 2990 2808 3037 Ruﬁni
2833 3003 3072 3050 responsa
3095 2991 3155 3036 ad
3182 2990 3434 3047 Hierony-

1826 3066 1966 3099 mum
2012 3054 2145 3099 circa
2190 3052 2437 3099 Anastasii
2464 3052 2615 3111 Papae
2656 3052 2921 3111 epistolam
2945 3054 3007 3099 ad
3038 3054 3111 3099 Jo.
3139 3051 3432 3109 Hierosoly-

1826 3115 2093 3163 mitanum.
2132 3116 2210 3162 VI.
2238 3115 2476 3160 Simultas
2506 3115 2636 3161 inter
2656 3115 3019 3173 Hieronymum
3041 3119 3088 3161 et
3110 3114 3347 3160 Ruﬁnum
3367 3113 3432 3158 ab

1823 3177 2103 3235 Augustino
2136 3178 2433 3234 improbata.
3333 3176 3424 3222 277

1886 3259 2001 3304 CAP.
2026 3258 2129 3304 XX.
2176 3283 2234 3290 —
2259 3258 2296 3304 Ι.
2329 3257 2544 3303 Ruﬁnus
2570 3257 2696 3303 Urbe
2718 3256 2927 3303 discedit
2951 3269 3063 3304 cum
3093 3256 3307 3302 Melania
3332 3257 3429 3301 ite-

1825 3332 1935 3364 rum
1968 3319 2020 3365 in
2051 3320 2359 3365 Palaestinam
2393 3320 2705 3376 trajecturus.
2744 3320 2924 3365 Annus
2946 3319 3237 3365 emortualis
3260 3317 3428 3364 Publi-

1823 3382 1946 3426 colre
1972 3382 2211 3435 Senioris,
2235 3381 2460 3426 Melanim
2478 3380 2888 3427 ﬁliidecernitur.
2916 3381 3131 3427 II.Roma
3145 3380 3208 3426 ab
3233 3380 3429 3428 Alarico

1824 3443 2095 3489 Gothorum
2121 3444 2245 3501 Rege
2273 3443 2493 3500 obsessa,
2520 3447 2668 3500 atque
2702 3442 2910 3500 direpta.
2939 3443 3018 3488 III.
3048 3442 3215 3489 Ruﬁni
3241 3442 3426 3502 obitus,

1822 3503 1961 3550 locus
1986 3506 2181 3565 mortis,
2204 3508 2248 3550 et
2274 3510 2469 3563 tempus
2499 3505 2811 3563 adsignatur.
2851 3505 2927 3551 IV.
2957 3504 3123 3550 Ruﬁni
3152 3505 3328 3549 Iaudes
3351 3515 3429 3548 re-

1821 3571 2106 3613 censentur.
3328 3565 3421 3613 285

2352 3706 2576 3757 OPERA
2634 3704 2893 3757 RUFINI.

1886 3824 1959 3870 DE
1996 3823 2521 3870 BENEDICTIONIBUS
2558 3823 3067 3870 PATRIARCHARUM
3115 3822 3231 3868 libri
3270 3822 3432 3931 dua!95

1878 3942 2123 4008 Epistola
2160 3943 2389 4008 Paulini
2429 3943 2502 3992 ad
2536 3945 2815 4008 Rufinum.
3288 3942 3426 4008 Ibid.

1880 4005 2136 4067 Praefatio
2155 4006 2215 4053 in
2242 4005 2443 4053 librum
2464 4006 2730 4069 primum.
3328 4007 3417 4054 297

1879 4084 2021 4117 mssa
2048 4082 2248 4117 PRIMUS.
2274 4095 2332 4102 —
2360 4069 2641 4115 Benedictio
2664 4069 2824 4114 Jndze.
3327 4070 3415 4115 301

1878 4129 2123 4194 Epistola
2156 4130 2325 4194 altera
2350 4129 2577 4194 Paulini
2604 4129 2676 4177 ad
2700 4129 2980 4190 Ruﬁnum.
3327 4128 3419 4194 809

1878 4190 2132 4254 Ρῑθείαείο
2168 4192 2230 4239 in
2256 4190 2543 4241 librum”.
2908 4252 2935 4254 Η
3268 4251 3281 4254 _
3324 4191 3415 4254 314

1878 4251 2047 4303 Lmae.
2084 4255 2145 4303 II.
2180 4280 2241 4288 —
2266 4255 2331 4301 De
2365 4254 2805 4301 benedictionibus
2851 4252 3157 4310 reliquorum
3181 4251 3417 4297 undecim

1811 4317 2227 4375 patriarcharum.
3203 4314 3230 4361 3
3242 4315 3253 4357 ι
3266 4314 3417 4361 3-335

1876 4379 2344 4426 COMMENTARIUS
2382 4378 2434 4423 in
2472 4378 2764 4436 Symbolum
2790 4376 3135 4435 Apostolorum
3202 4375 3417 4423 335-386

1870 4466 2144 4513 HISTORIA
2167 4465 2601 4513 MONACHORUM.
3323 4464 3413 4510 387

1871 4555 2038 4602 CAPUT
2067 4567 2277 4601 Palmm.
2301 4578 2364 4587 --
2381 4554 2446 4599 De
2468 4559 2640 4600 sancto
2659 4556 2867 4602 Joanne.
3277 4547 3409 4596 Ibid.

1869 4618 1991 4665 CAP.
2028 4617 2084 4662 II.
2112 4641 2172 4649 —
2210 4617 2274 4661 De
2296 4616 2412 4663 Hor.
3322 4612 3413 4659 «105

1870 4682 1988 4726 CAP.
2025 4679 2102 4725 III.
2132 4703 2191 4712 —
2217 4679 2280 4723 De
2304 4680 2568 4723 Ammone.
3317 4671 3409 4724 407

1873 4742 1991 4790 CAP.
2020 4742 2102 4789 IV.
2123 4764 2185 4774 —
2208 4740 2275 4785 De
2304 4739 2451 4785 Beno.
3321 4736 3412 4784 408

1873 4805 1991 4852 CAP.
2027 4803 2084 4848 V.
2111 4827 2173 4836 —
2198 4802 2262 4848 De
2287 4800 2592 4860 Oxyryncho
2615 4799 2829 4846 civitate.
3281 4795 3411 4846 Ibid.

1874 4866 1990 4913 CAP.
2028 4865 2105 4911 VI.
2128 4888 2191 4899 ——
2222 4866 2288 4911 De
2322 4863 2532 4908 Theone.
3321 4860 3415 4908 409

1872 4927 1991 4975 CAP.
2029 4928 2129 4973 VII.
2155 4949 2217 4960 -
2242 4928 2309 4971 De
2342 4923 2627 4983 Apollonio.
3320 4922 3415 4970 410

1871 4990 1987 5035 CAP.
2026 4989 2148 5036 VIII.
2177 5014 2237 5021 —
2266 4987 2334 5033 De
2355 4990 2615 5032 Ammone.
3322 4983 3414 5031 420

1869 5051 1990 5099 CAP.
2024 5051 2106 5099 IX.
2135 5075 2197 5083 —
2220 5050 2284 5096 De
2311 5050 2515 5107 Coprete
2545 5046 2835 5105 presbytero
2857 5050 2902 5091 et
2938 5046 3250 5103 patermutio.
3321 5043 3414 5107 422

1869 5113 1989 5161 CAP.
2016 5113 2076 5161 X.
2111 5138 2174 5146 —
2198 5113 2263 5165 De
2287 5105 2410 5171 Syro
2439 5110 2641 5169 Abhale,
2670 5107 2816 5167 Isaia,
2834 5108 3281 5169 Paulo,etAnuph.
3320 5105 3413 5171 428

1870 5172 1988 5223 CAP.
2026 5175 2107 5223 XI.
2139 5200 2198 5208 —
2229 5175 2295 5219 De
2318 5167 2521 5221 Heleno.
2630 5167 2635 5169 ’
2996 5167 3000 5169 Ἴ
3320 5167 3411 5217 429

1871 5237 1972 5283 CAP
2027 5237 2127 5283 XII.
2156 5262 2215 5269 —
2242 5236 2305 5281 De
2332 5236 2457 5297 Elia.
2548 5296 2553 5297 γ
3283 5228 3414 5297 -.4,32

1871 5298 1988 5346 CAP.
2026 5298 2153 5344 XIII.
2187 5324 2245 5331 —
2278 5298 2343 5343 De
2367 5296 2674 5355 Pithyrione.

1869 5360 1986 5422 CAP.
2024 5360 2140 5422 XIV.
2178 5385 2239 5394 -
2266 5359 2329 5405 De
2354 5353 2499 5406 Patre
2514 5357 2741 5422 Eulogio.
2953 5416 2975 5422 _

1871 5421 1989 5470 CAP.
2025 5421 2129 5468 XV.
2156 5448 2215 5455 —
2240 5422 2306 5467 De
2327 5422 2535 5478 Apellen
2570 5410 2856 5478 presbytero
2876 5421 2923 5464 et
2944 5416 3154 5466 Joanne.
3275 5410 3410 5478 Ibid:

1869 5484 1987 5530 CAP.
2026 5483 2151 5531 XVI.
2174 5508 2237 5517 —
2265 5485 2331 5528 De
2362 5475 2659 5541 Paphnutio.
2727 5475 2739 5478 ⁷
3080 5540 3083 5541 ν
3320 5475 3413 5541 ᾇξξ)

1872 5544 1991 5591 CAP.
2016 5544 2162 5591 XVII.
2199 5570 2257 5577 —
2284 5546 2349 5589 De
2373 5538 2669 5589 monasterio
2692 5541 2887 5588 abbatis
2916 5540 3108 5588 Isidori.
3321 5538 3411 5586 439

1874 5605 1993 5656 CAP.
2032 5606 2197 5651 XVIII.
2226 5631 2284 5639 —
2310 5605 2376 5651 De
2401 5606 2669 5663 Serapione
2691 5604 2998 5662 presbytero.
3318 5599 3411 5663 440

1873 5667 1992 5714 CAP.
2023 5667 2150 5715 XIX.
2179 5692 2237 5701 —
2262 5667 2329 5713 De
2343 5662 2609 5726 Apollonio
2630 5665 2868 5711 Monacho
2888 5669 2934 5711 et
2956 5670 3189 5722 martyre.
3320 5662 3407 5726 441

1872 5729 1991 5778 CAP.
2025 5728 2129 5774 XX.
2153 5754 2211 5762 —
2229 5727 2294 5773 De
2316 5724 2548 5776 Dioscoro
2569 5728 2875 5786 presbytero.
3198 5785 3201 5786 ν
3319 5724 3411 5786 442

1870 5791 1984 5838 CAP.
2025 5790 2153 5837 XXI.
2191 5815 2249 5823 —-
2273 5784 2604 5838 DeMonacbi's
2622 5788 2673 5833 in
2695 5788 2852 5833 Nitria
2869 5785 3291 5833 commorantibus
3319 5784 3412 5833 443

1871 5852 1992 5901 CAP.
2023 5851 2171 5898 XXII.
2199 5876 2257 5884 —
2282 5852 2350 5898 De
2375 5852 2481 5898 loco
2505 5848 2793 5909 quidicitur
2815 5848 2986 5895 Gellia.
3321 5846 3409 5893 464
