1933 3103
230 176 299 204 1215

257 233 315 256 CAP.
332 231 417 254 XXIII.
432 231 501 253 —De
514 230 659 252 Ammonio.
986 228 1031 251 445

258 263 319 286 CAP.
332 262 417 284 XXIV.
431 274 458 277 —
472 262 502 284 De
510 261 625 290 Didyme.
986 260 1030 282 447

258 294 317 317 CAP.
332 292 403 315 XXV.
417 304 448 308 —
462 293 492 314 De
509 292 608 324 Cronio.

209 349 212 350 ν
259 325 317 348 CAP.
333 324 415 345 XXVI.
427 335 458 339 —
474 324 505 345 De
514 323 627 354 Origene

258 356 318 378 CAP.
333 354 429 377 XXVII.
450 367 477 370 —
497 354 528 376 De
541 352 654 381 Evagrio.
962 350 1028 374 Ibid.

258 386 317 409 CAP.
333 385 438 408 XXVIII.
452 397 480 401 —
504 385 536 407 De
551 384 649 407 duobus
660 383 782 413 Macariis,
796 386 818 406 et
839 383 928 412 primo,
942 382 972 404 de
985 383 1030 404 Ma-

227 417 295 440 curio
308 417 422 444 .‘Euypto,
442 422 485 438 seu
499 416 605 438 seniore.
985 414 1029 437 449

259 448 317 471 CAP.
334 447 417 470 XXIX.
432 460 460 463 —
474 448 505 469 Do
519 446 622 469 Macario
630 445 802 468 Alexandrino
810 452 854 467 seu
864 444 974 473 juniore.
985 445 1029 468 «1352

259 479 317 501 CAP.
331 478 408 500 XXX.
422 490 449 493 —
464 478 495 500 De
507 479 635 506 Ammone,
654 478 734 505 primo
747 477 832 499 Nitriw
843 476 971 499 Mouacho.
986 476 1029 499 455

260 509 318 533 CAP.
329 509 414 531 XXXI.
435 521 462 525 -—-
476 509 508 531 Do
518 508 593 531 Paulo
609 507 734 536 simplice.
984 507 1028 529 457

259 541 318 563 CAP.
334 540 431 562 XXXII.
443 553 468 555 —
484 540 516 562 De
530 539 673 562 Piammone
688 539 840 567 presbytero.
985 538 1029 561 459

259 572 318 594 CAP.
333 571 438 593 XXXIII.
456 583 483 586 —
497 571 528 592 De
540 571 643 592 Joanne.
984 568 1028 592 460

259 601 387 629 Epilogus.
960 597 1027 622 Ibid.

259 628 384 661 Prw/lilio
410 630 503 661 Ruﬁni
529 631 557 654 in
588 638 667 654 suam
691 630 850 661 Eusebiiun
875 628 1028 653 Historiam

228 662 437 687 ecclesiasticum.
983 661 1025 684 461

259 693 386 723 Ejusdem
400 692 522 724 praefatio
538 691 660 723 specialis
680 691 708 715 in
721 699 799 715 suam
816 691 973 714 Historiam.
985 692 1029 716 463

259 729 408 752 ΗΙΞΤΟΚΗΞ
421 728 660 752 ECCLESIASTICJE
675 728 760 751 LIBER
771 728 888 751 PRIMUS.
984 728 1028 751 467

258 761 341 782 CAPUT
355 766 461 783 PRIMUM.
476 771 505 775 —
524 760 555 781 De
566 759 618 781 Arii
632 759 731 782 hmresi.
960 757 1025 781 Ibid.

259 792 317 813 CAP.
333 791 361 814 II.
375 803 404 807 —
421 791 453 812 De
462 790 574 812 Concilio
587 790 653 819 apud
666 791 772 813 Nicaeam
792 790 949 818 congregato.
983 790 1028 813 468

260 821 318 844 CAP.
332 822 371 844 III.
386 834 415 837 —
430 822 461 844 De
471 821 632 843 conversione
646 820 789 850 Philosophi
801 820 937 843 Dialectici.
984 821 1028 845 469

260 852 319 875 CAP.
334 852 371 874 IV.
386 864 415 868 —
429 853 460 874 Do
473 853 612 880 Paphnutio
623 853 776 875 Cottfcssorc.
984 852 1028 875 470

260 883 418 906 CAP.V.—De
431 883 573 911 Spiritlione
583 883 711 911 E]!I.~CO[)0,
719 886 742 906 et
751 881 1026 909 rnirahilibusejus.471

259 914 316 937 CAP.
332 914 370 936 VI.
386 927 412 929 —
426 914 571 943 Exemplum
585 914 642 937 tidei
655 914 760 937 Xicamw
773 913 856 942 (Ann,
869 912 943 942 324.).
985 914 1028 937 472

259 945 316 967 CAP.
331 945 381 967 VII.
395 957 424 960 —
439 946 469 967 Do
482 945 575 967 Helena
588 945 744 968 Constantini
757 948 844 967 matre.
983 944 1029 968 475

259 976 318 999 CAP.
332 975 393 998 VIII.
407 987 438 992 —
462 976 494 998 De
516 977 593 999 Cruce
614 976 748 999 Salvatoris
770 976 795 998 in
821 975 1030 1005 Jerosolymisah

228 1006 320 1030 Helena
333 1009 437 1035 reperta.
984 1006 1029 1029 476

260 1037 318 1060 CAP.
333 1038 373 1061 IX.
381 1050 413 1054 —
422 1038 454 1060 Do
465 1038 606 1066 captivitate
618 1037 784 1061 Frumenttiet
793 1037 885 1067 Edesii,
898 1039 921 1060 et
933 1037 963 1060 de
972 1043 1028 1059 con-

228 1068 343 1091 versione
356 1068 474 1091 Indorum
493 1075 535 1097 per
547 1068 614 1097 ipsos
623 1072 699 1098 gesta.
985 1068 1030 1092 478

259 1099 317 1122 CAP.
332 1099 361 1121 X.
375 1111 405 1116 —
415 1100 447 1121 De
459 1100 624 1122 conversione
639 1100 721 1129 gentis
740 1100 869 1123 Iherorum
886 1105 930 1127 per
948 1098 1029 1129 capti-

229 1136 284 1152 vam
300 1130 370 1153 facta.
986 1131 1030 1153 480

259 1162 318 1183 CAP.
332 1161 372 1183 XI.
386 1173 415 1177 —
428 1161 459 1183 De
477 1161 621 1184 Constantia
641 1168 724 1184 sorore
743 1160 910 1190 Constantini,
924 1162 947 1183 et
958 1161 1030 1183 Pres-

229 1191 315 1220 bytero
328 1197 370 1219 per
382 1198 435 1213 eam
448 1191 516 1214 fratri
530 1192 668 1214 insinuata.
985 1192 1030 1215 482

228 1223 317 1275 ﬂiClAP.
333 1222 385 1244 XII.
399 1234 428 1238 —
442 1223 473 1244 De
489 1222 634 1251 Alexandri,
652 1224 676 1244 et
688 1221 797 1250 Eusebii,
813 1224 887 1250 atque
901 1221 954 1244 Arii
969 1228 1030 1277 02181;

256 1259 268 1275 c
280 1259 305 1275 u.

256 1259 305 1275 etu.

259 1283 321 1307 CAP.
334 1282 396 1305 XIII.
410 1295 439 1299 -—
452 1283 483 1305 I)e
496 1283 613 1311 probroso
628 1284 680 1306 Arii
695 1283 806 1307 interitu.
986 1284 1031 1307 485

259 1315 318 1337 (‘AP.
332 1313 433 1336 XIV.——
444 1315 474 1336 De
486 1314 616 1337 Athanasii
630 1314 743 1343 Episcopi
757 1314 901 1344 principiis.
985 1314 1030 1338 486

256 1345 316 1368 CAP.
337 1345 377 1366 XV
400 1357 428 1360 —
444 1346 475 1367 De
489 1345 645 1368 Constantini
659 1345 817 1374 Imperatoris
833 1351 924 1370 errore.
984 1345 1029 1369 488

256 1376 314 1399 (λιι.
332 1375 394 1398 XVI.
409 1388 437 1391 —
464 1377 496 1398 De
519 1376 626 1399 concilio
650 1377 823 1400 ha-roticorum
847 1377 914 1405 apud
936 1377 1028 1406 Tyrum

224 1409 310 1430 contra
323 1407 488 1429 Athanasium
506 1411 664 1436 congregato.
959 1405 1029 1430 Ibid.

255 1439 312 1460 CAP.
329 1437 400 1460 XVII.
425 1450 454 1454 —
478 1438 509 1460 De
532 1439 614 1460 exciso
632 1438 732 1460 brachio
753 1438 862 1467 Arsenii,
879 1438 1027 1467 caeteristu

223 1468 289 1492 dotis
303 1468 476 1491 ha-roticorum
490 1469 516 1491 in
532 1469 639 1492 concilio
652 1469 758 1492 retectis.
982 1469 1026 1493 489

256 1500 314 1522 CAP.
331 1499 413 1521 XVIII.
430 1511 457 1516 —
471 1500 504 1522 De
517 1499 576 1528 fuga
588 1502 611 1522 et
626 1500 727 1522 latebris
743 1499 883 1524 Athanasii.
982 1500 1024 1523 491

256 1531 314 1554 CAP.
326 1529 390 1553 XIX.
404 1542 433 1546 —
446 1530 474 1553 Ut
483 1531 604 1554 Constans
616 1531 756 1559 Imperator,
767 1537 812 1560 pro
824 1530 969 1561 Athanasio,
979 1530 1028 1553 fra-

226 1561 256 1585 tri
265 1560 417 1614 Constantio
428 1561 564 1591 scripserit,
574 1568 682 1591 eumque
693 1562 810 1585 Ecclesia:
821 1568 873 1585 sum
888 1561 1027 1615 reddiliu‘si-

226 1599 271 1615 seri
286 1610 292 1615 .
988 1599 997 1615 ι
1020 1610 1026 1615 .

223 1593 292 1616 serit.
959 1591 1026 1616 Ibid.

254 1623 314 1646 CAP.
332 1622 385 1645 XX.
397 1634 429 1639 —-
441 1623 472 1645 De
493 1623 603 1646 Concilio
624 1623 690 1653 apud
713 1623 879 1646 Mediolanum
892 1623 989 1653 habito,
1006 1626 1029 1645 et

223 1654 308 1677 exiliis
323 1653 436 1682 Eusebii,
449 1654 565 1684 Luciferi,
582 1658 780 1683 cmterornmque
791 1654 971 1684 Episcoporum
985 1661 1029 1677 ca-

224 1685 383 1709 tholicorum.
984 1685 1030 1709 493

256 1716 314 1739 CAP.
331 1717 392 1741 XXI.
407 1732 437 1734 —
450 1720 482 1742 De
494 1716 647 1741 Ariminensi
660 1715 779 1740 concilio.
982 1715 1030 1740 494

256 1748 314 1771 CAP.
327 1749 402 1773 XXII.
417 1763 445 1766 -
458 1751 491 1773 De
503 1748 601 1772 Liberio
613 1748 734 1776 Episcopo
748 1746 817 1769 urbis
830 1747 921 1770 Romae.
985 1747 1029 1770 495

256 1778 315 1801 CAP.
330 1780 415 1803 XXIII.
431 1793 460 1797 ——
478 1781 511 1803 De
527 1778 737 1807 Jerosolymorum
761 1780 784 1800 et
800 1777 959 1801 Alexandriae
970 1777 1031 1806 Epi-

223 1809 316 1836 scopis.
960 1807 1028 1832 Ibid.

254 1841 313 1862 CAP.
329 1840 413 1864 XXIV.
427 1854 455 1857 —
469 1842 501 1864 De
516 1839 681 1869 permixtione
697 1839 877 1868 Episcoporum
889 1838 956 1867 apud
964 1840 1028 1869 7An7-

223 1869 352 1893 tiochiam.
516 1868 523 1869 7
959 1868 1027 1894 Ibid.

254 1900 312 1922 CAP.
327 1901 400 1925 XXV.
414 1914 443 1917 —
460 1902 491 1924 De
512 1901 645 1923 schismate
668 1899 830 1927 Arianorum,
852 1899 918 1928 quod
941 1900 1028 1923 intres

223 1934 304 1959 partes
317 1931 428 1954 divisum
453 1935 489 1955 est
503 1939 508 1956 :
522 1935 544 1955 et
569 1930 672 1959 quidam
697 1936 781 1953 eorum
806 1930 970 1960 Eunomiani,
983 1932 1029 1954 alii

223 1961 404 1991 Martctloniaui,
419 1963 463 1986 alii
477 1970 535 1986 vero
547 1963 739 1991 permanserunt
750 1961 848 1984 Ariani.
982 1963 1029 1987 496

254 1993 311 2014 CAP.
326 1994 411 2016 XXVI.
435 2007 463 2010 —
480 1995 512 2017 De
530 1994 579 2016 fine
592 1992 730 2016 Constantii
752 1992 918 2021 Imperatoris,
933 1994 955 2015 et
972 1996 1029 2016 ortu

220 2023 326 2047 Juliuui.
983 2025 1027 2048 497

254 2054 313 2078 CAP.
323 2054 420 2078 XXVII.
436 2068 464 2071 —
481 2056 513 2078 De
525 2054 653 2083 Episcopis
668 2054 699 2076 ab
711 2053 788 2076 exilio
801 2053 926 2078 relaxatis.
959 2054 1026 2078 Ibid.

254 2085 312 2109 CAP.
326 2085 433 2109 XXVIII.
447 2099 477 2102 —
490 2087 523 2109 De
534 2086 645 2109 Concilio
656 2085 723 2113 apud
742 2085 917 2108 Alexandriam
928 2088 1029 2109 sancto-

223 2122 278 2139 rum
298 2116 482 2147 Eriscoporum,
496 2120 519 2139 et
531 2116 639 2140 Luciferi
657 2116 687 2138 ab
707 2116 745 2138 his
757 2116 865 2139 dissidio
880 2146 883 2147 ν
983 2117 1028 2141 498

256 2147 314 2170 CAP.
328 2147 415 2171 XXIX.
429 2161 458 2164 —
476 2149 508 2171 De
526 2148 567 2171 his
587 2153 642 2177 qua
658 2147 685 2169 in
700 2147 787 2170 eodem
811 2146 923 2170 Concilio
935 2150 1027 2170 statuta

223 2180 292 2201 sunt.
377 2179 380 2182 ’
980 2179 1026 2203 499

255 2209 313 2231 CAP.
329 2208 406 2233 XXX.
422 2222 452 2226 —
464 2210 496 2233 De
507 2208 643 2232 Eusebioet
654 2208 758 2238 Hilario,
773 2210 847 2237 atque
858 2207 1025 2232 Ecclesiarum

223 2246 266 2269 per
281 2245 322 2262 eos
335 2241 500 2264 restitutione.
980 2241 1027 2265 500

255 2271 312 2294 CAP.
326 2270 412 2295 XXXI.
425 2283 455 2288 —
468 2273 499 2294 De
512 2271 612 2299 scriptis
627 2269 727 2293 Hilarii.
981 2272 1023 2296 501

254 2301 313 2325 CAP.
339 2302 434 2325 XXXII.
447 2314 480 2319 —-
498 2302 530 2325 De
547 2300 763 2330 persocutionibus
777 2299 875 2323 Juliani
888 2300 988 2324 blandis
1003 2306 1028 2325 et

222 2331 333 2355 callidis.
956 2331 1024 2356 Ibid.

254 2363 311 2386 CAP.
325 2363 433 2387 XXXIII.
445 2376 477 2380 —
487 2364 519 2386 De
531 2363 629 2386 sawitia
636 2363 690 2391 ejus
699 2367 757 2390 erga
769 2362 946 2385 Athanasium.
981 2364 1026 2388 502

254 2393 312 2417 CAP.
327 2394 433 2418 XXXIV.
441 2407 470 2410 —
478 2395 509 2417 De
519 2394 578 2423 fuga
584 2399 685 2417 rursum
691 2395 714 2415 ct
724 2392 825 2415 latebris
834 2393 973 2417 Athanasii.
983 2393 1027 2419 Id.

254 2424 312 2446 CAP.
327 2425 422 2447 XXXV.
437 2438 465 2441 —
481 2426 512 2448 De
527 2425 641 2454 sepulcro
659 2423 777 2452 martyris
795 2424 904 2453 Babylaa.
980 2427 1026 2451 503

237 2455 312 2508 hCAP.
326 2455 433 2478 XXXVI.
447 2468 479 2472 —
501 2456 533 2478 De
545 2456 672 2479 Theodoro
696 2454 842 2478 Confessore
865 2455 931 2484 apud
945 2458 1028 2508 Antia-

256 2492 316 2508 iam.
981 2503 986 2508 .

222 2486 316 2508 chiam.
981 2488 1027 2513 504

256 2516 315 2540 CAP.
327 2516 445 2540 XXXVII.
459 2530 488 2534 -—
501 2518 533 2541 De
545 2517 687 2540 Iudaeorum
701 2516 839 2545 conatibus,
850 2517 893 2545 qui
905 2525 918 2539 ιλ
927 2518 1028 2542 .Iuliauo

223 2547 328 2576 decepti,
343 2548 462 2575 templum
470 2548 497 2570 in
505 2548 668 2577 Jerosolymis
681 2548 841 2570 romtiitieant.
981 2551 1028 2574 505

255 2578 315 2602 CAP.
328 2579 456 2602 XXXVIII.
470 2591 488 2596 —
516 2580 542 2602 Ut
556 2581 693 2602 terrwmotu
708 2578 782 2607 inihi,
796 2581 818 2600 ct
834 2578 887 2606 igni
900 2579 1026 2604 divinitus

223 2614 336 2638 accenso,
360 2609 441 2633 Judaai
453 2609 483 2632 ab
508 2609 605 2632 illicitis
622 2610 829 2632 disturhahantur
853 2609 967 2638 inceptis.
981 2612 1029 2636 506

256 2640 315 2664 CAP.
329 2640 439 2664 XXXIX.
452 2653 482 2658 —-
494 2641 527 2664 De
542 2640 622 2669 signis
645 2643 669 2663 et
686 2640 821 2662 virtutibus
836 2640 956 2670 terriﬁcis,
970 2649 1029 2670 qum

225 2670 251 2693 in
260 2670 364 2693 exitium
377 2678 498 2694 conversa
510 2674 568 2695 sunt
580 2671 733 2694 Judaaorum.
959 2670 1029 2698 Ibid.

256 2706 404 2729 HISTORI/E
414 2706 654 2731 ECCLESIASTICAE
666 2706 751 2730 LIBER
764 2707 796 2730 II.
984 2710 1029 2735 507

256 2736 466 2770 CAEUTAPRIMAUM:
479 2750 509 2755 ——-
521 2738 554 2770 De
567 2740 623 2761 ortu
634 2741 658 2761 et
669 2737 785 2767 religiosa
798 2739 885 2761 mente
904 2738 1030 2770 Principis

223 2767 362 2798 Ioviniani,
375 2769 399 2790 et
409 2768 441 2791 de
452 2768 502 2791 [Ine
514 2769 577 2798 ejus.
960 2767 1029 2796 Ibid.

256 2797 314 2821 CAP.
330 2799 360 2822 II.
373 2811 402 2815 —
418 2800 450 2822 De
461 2803 517 2822 ortu
531 2800 701 2823 Valentiniani
711 2803 734 2823 et
746 2800 871 2826 Valentis.
984 2803 1029 2827 508

257 2828 315 2862 CA_P.
329 2829 416 2862 III.»—
428 2830 460 2862 De
477 2830 628 2862 dormitione
646 2832 785 2861 Athanasii,
802 2834 827 2856 et
845 2833 1030 2862 persecutioni-

227 2856 273 2880 bus
290 2859 361 2882 Lucii
376 2860 496 2884 haeretici.
777 2856 784 2861 7
845 2856 854 2862 7
983 2856 1030 2890 5170

616 174 712 198 URDO
731 172 853 197 RERUM
871 172 952 203 QUrE
970 171 1006 195 ΙΝ
1028 170 1100 194 HOC
1117 168 1218 194 TOMO
1235 168 1502 194 CONTINENTUR.

1827 168 1886 195 1216

1117 224 1175 247 CAP.
1190 225 1229 247 IV.
1243 237 1272 241 —
1281 225 1313 247 De
1325 224 1465 247 virtutibus
1478 226 1501 246 et
1513 223 1680 246 mirabilibus
1693 226 1835 247 sanctorum
1845 226 1885 253 qui

1085 255 1188 278 fuerunt
1203 255 1228 277 in
1248 256 1362 285 .Egypto.
1834 257 1884 280 511.

1116 287 1173 309 CAP.
1188 286 1214 308 V.
1228 299 1258 302 —
1273 284 1306 309 De
1317 285 1489 315 persecutione
1501 291 1560 314 qua:
1573 285 1623 308 fuit
1633 284 1703 314 apud
1713 285 1836 309 Edessam.
1844 287 1884 310 513

1116 318 1174 340 CAP.
1189 317 1228 339 VI.
1243 330 1271 333 —
1284 318 1315 340 De
1326 318 1416 346 Moyse,
1429 322 1505 345 quem
1519 316 1616 345 Regina
1622 317 1817 339 Sarracenorum
1828 324 1884 346 gen-

1084 349 1115 370 tis
1131 354 1182 370 sute
1194 348 1305 376 poposcit
1316 348 1476 376 Episcopum.
1842 349 1883 372 514

1114 379 1172 402 CAP.
1187 379 1236 401 VII.
1250 391 1280 395 —
1292 380 1325 402 De
1341 379 1446 407 Didyme
1462 377 1637 401 Alexandrino
1652 378 1766 401 vidente.

1114 410 1173 433 CAP.
1187 409 1247 433 VIII.
1260 423 1289 427 —
1305 410 1368 436 Quot
1388 416 1417 432 ex
1431 409 1566 438 discipulis
1581 409 1687 431 Antonii
1705 409 1782 431 etiam
1796 411 1847 432 tunc
1857 410 1881 433 in

1082 447 1165 462 eremo
1178 440 1362 468 habitantibus,
1376 440 1480 462 virtutes
1492 442 1514 462 et
1532 440 1605 468 signa
1618 440 1735 463 fecerint.
1843 442 1880 464 517

1113 472 1171 524 EAI’.
1189 471 1230 494 IX.
1245 485 1272 487 —
1287 472 1319 494 De
1332 471 1449 500 Gregorio
1462 474 1486 493 et
1498 471 1592 493 Basilio
1608 471 1777 499 Cappadocia:
1789 471 1881 525 Ερέιέιᾶ-

1834 510 1880 524 σω.

1098 508 1129 524 is.
1822 508 1880 525 ισια.

1080 508 1095 531 p
1112 533 1171 555 CAP.
1186 532 1216 555 X.
1228 545 1254 548 —
1273 533 1305 555 De
1319 533 1424 555 Damaso
1438 532 1569 562 Episcopo,
1582 535 1605 555 et
1621 532 1705 555 Ursini
1718 532 1880 579 subreptiopf,

1855 569 1860 574 ι
1870 566 1878 579 4

1111 594 1168 616 CAP.
1187 594 1227 617 XI.
1240 606 1271 610 —
1283 594 1315 616 De
1326 594 1458 616 Ambrosio
1470 594 1602 623 Episcopo.
1823 565 1880 618 [65:11.

1110 624 1168 648 CAP.
1180 625 1233 648 XII.
1246 637 1274 641 -
1291 625 1324 647 De
1336 624 1505 647 Valentiniani
1515 625 1573 648 ﬁne.
1843 626 1882 649 522

1110 656 1168 677 CAP.
1186 655 1247 679 XIII.
1262 668 1291 671 —
1307 656 1339 678 De
1352 656 1488 679 Gothorum
1510 662 1554 685 per
1573 655 1692 678 Thracias
1705 656 1851 685 irruptione,
1861 660 1883 679 et

1079 686 1190 709 Valentis
1213 692 1282 710 nece.
1387 710 1390 715 ,
1822 686 1881 709 Ibid.

1110 717 1170 739 CAP.
1184 717 1245 741 XIV.
1256 718 1323 740 —-L't
1346 717 1479 740 Gratianus
1490 718 1626 746 Imperator
1637 718 1806 740 Theodosium
1820 719 1882 747 regni

1078 747 1225 777 participem
1248 748 1389 777 adsciverit,
1414 751 1437 771 et
1459 751 1512 777 post
1526 748 1607 771 multa
1632 748 1751 777 religiose
1762 752 1786 771 et
1797 748 1883 771 fortiter

1078 781 1147 808 gesta
1159 779 1262 801 maximi
1275 779 1374 808 tyranni
1385 779 1489 802 insidiis
1499 779 1672 803 succubuerit.
1841 780 1882 803 523

1110 810 1170 833 CAP.
1188 810 1239 833 XV.
1260 822 1291 826 —
1305 811 1337 833 De
1351 810 1528 833 Valentiniano
1541 816 1627 839 puero.
1653 811 1731 839 thue
1746 812 1822 833 mater
1831 811 1882 838 ejus

1078 840 1177 863 Iustina
1195 841 1312 863 Arianam
1336 841 1450 864 haeresim
1463 841 1610 871 defendens,
1623 841 1748 863 Ecclesias
1759 842 1883 870 pertubare

1079 874 1168 894 conata
1183 872 1224 894 sit.

1111 902 1171 925 CAP.
1190 903 1251 926 XVI.
1266 915 1294 919 —
1307 903 1338 925 De
1351 902 1469 926 Benevoli
1482 902 1593 932 Magistri
1604 902 1733 925 memoria:
1746 902 1813 925 ﬁdeli
1826 898 1901 928 enm.”

1104 941 1107 945 .
1149 935 1162 945 γ.
1845 937 1886 952 ναι

1079 935 1260 988 δωὲἳῖΧνΠ.
1274 976 1305 980 -
1317 964 1344 987 Ut
1362 964 1516 987 Theodosius
1536 970 1623 987 necem
1637 943 1888 995 Gratianiultusfd;

1080 994 1186 1017 Maximo
1203 994 1405 1023 triumphaverit.
1837 994 1887 1023 7525

1111 1026 1170 1049 CAP.
1186 1025 1269 1049 XVIII.
1277 1038 1307 1042 —
1315 1026 1346 1048 De
1355 1026 1487 1049 Theodosii
1505 1026 1640 1049 commisso
1647 1026 1676 1048 in
1682 1026 1887 1053 Thessalonicen-

1080 1058 1161 1085 ces,et
1174 1056 1323 1085 pwnitentia
1334 1057 1389 1085 ejus
1403 1057 1505 1085 publice
1512 1057 1580 1086 apud
1590 1057 1732 1080 sacerdotes
1739 1058 1884 1087 gesLstid,

1112 1087 1170 1109 CAP.
1185 1088 1250 1111 XIX.
1264 1088 1328 1110 -De
1335 1088 1490 1111 restitutione
1500 1088 1679 1118 Ecclesiarum,
1689 1095 1796 1118 quaeper
1803 1090 1884 1118 ipsum

1078 1119 1131 1146 jam
1144 1118 1294 1141 catholicum
1310 1118 1337 1141 in
1350 1120 1448 1142 Oriente
1465 1119 1585 1142 restituta:
1611 1122 1669 1141 sunt
1840 1124 1882 1147 ωδ

1113 1148 1171 1172 CAP.
1186 1149 1236 1172 XX.
1252 1162 1279 1165 —
1297 1150 1328 1172 De
1345 1149 1498 1178 Apollinare,
1510 1154 1533 1172 ct
1554 1151 1644 1172 Ιιςῑιτθεὶ
1660 1150 1725 1177 ejus.
1822 1153 1882 1178 Ibid,

1112 1179 1171 1202 CAP.
1185 1180 1247 1202 XXI.
1259 1192 1290 1196 ——-
1301 1181 1333 1203 De
1344 1180 1523 1209 Episcoporum
1532 1181 1741 1205 suocessionibus
1750 1189 1794 1212 per
1802 1185 1883 1208 Orico.

1082 1213 1129 1232 tem
1134 1226 1140 1232 .
1841 1216 1881 1239 527

1113 1241 1171 1272 CAP.
1179 1241 1254 1264 XXII.
1263 1253 1294 1258 —
1302 1242 1334 1264 De
1341 1242 1463 1265 seditione
1470 1242 1626 1272 Paganorum
1633 1243 1828 1267 contraFideles.
1838 1246 1880 1268 528

1113 1271 1172 1303 CAP.
1193 1272 1277 1295 XXIII.
1297 1285 1327 1289 —
1339 1273 1370 1295 De
1388 1273 1440 1295 situ
1459 1273 1545 1302 templi
1563 1274 1673 1303 Serapis,
1686 1276 1709 1297 et
1722 1274 1882 1298 subversione

1113 1302 1177 1330 ejus.
1624 1302 1629 1303 7
1667 1302 1670 1303 7
1836 1306 1879 1329 529

1113 1333 1170 1355 CAP.
1185 1333 1270 1356 XXIV.
1283 1335 1352 1357 ——De
1364 1334 1504 1364 fraudibus,
1518 1335 1610 1364 quaein
1617 1335 1718 1364 templis
1730 1336 1879 1364 Paganomm

1082 1363 1181 1386 detecta:
1197 1367 1265 1388 sunt.
1526 1363 1533 1364 7
1669 1363 1675 1364 7
1764 1363 1773 1364 7
1836 1368 1878 1391 533

1112 1395 1170 1418 CAP.
1185 1395 1257 1426 XXV.
1271 1408 1300 1411 —
1314 1396 1347 1418 De
1357 1397 1453 1419 saturni
1462 1396 1589 1420 sacerdote
1599 1397 1726 1426 'I‘yranno,
1737 1398 1809 1420 totius
1820 1404 1878 1426 pene

1080 1425 1239 1448 Alexandriae
1254 1426 1375 1449 adultero.
1622 1425 1625 1426 7
1722 1425 1725 1426 7
1813 1427 1875 1452 Ibid.

1110 1456 1169 1479 CAP.
1183 1457 1267 1479 XXVI.
1282 1458 1314 1480 De
1326 1458 1420 1485 Canopi
1431 1458 1505 1480 initio
1522 1460 1543 1481 et
1557 1458 1671 1481 interitu.
1836 1460 1877 1483 534

1110 1487 1168 1519 CAP.
1188 1487 1283 1519 XXVII.
1301 1501 1330 1505 -—
1343 1489 1375 1511 Du
1388 1489 1504 1512 Ecclesiis
1523 1491 1545 1512 et
1559 1490 1685 1519 Martyriis
1695 1496 1752 1518 qua:
1763 1490 1789 1513 in
1800 1490 1877 1513 idolo-

1079 1524 1135 1540 rum
1153 1517 1215 1540 locis
1226 1521 1368 1542 constructa
1378 1523 1446 1543 sunt.
1623 1517 1632 1519 ἡ
1704 1517 1710 1518 7
1833 1522 1876 1545 535

1110 1548 1171 1581 CAP.
1180 1549 1287 1581 XXVIII.
1300 1563 1330 1566 —
1342 1551 1375 1573 De
1385 1550 1487 1573 Joannis
1500 1551 1617 1579 sepulcro
1624 1551 1719 1574 violato
1734 1555 1756 1574 et
1769 1552 1877 1581 reliquiis

1079 1579 1146 1607 apud
1164 1580 1340 1603 Alexandriam
1356 1581 1520 1605 conservatis.
1820 1579 1827 1581 7
1834 1583 1875 1606 536

1112 1610 1172 1642 CAP.
1185 1610 1347 1634 XXIX.—De
1356 1612 1508 1635 Thoracibus
1517 1613 1616 1642 Serapis
1628 1613 1693 1642 apud
1706 1613 1874 1636 Alexandriam

1079 1640 1186 1671 abrasis,
1201 1644 1224 1664 et
1236 1641 1309 1671 signo
1322 1642 1412 1666 Christi
1424 1643 1450 1666 in
1464 1643 1518 1665 loco
1533 1640 1620 1667 eorum
1634 1640 1742 1667 reddito.
1833 1644 1873 1668 537

1112 1671 1171 1695 CAP.
1188 1672 1262 1696 XXX.
1278 1685 1306 1690 —
1330 1674 1357 1696 Ut
1383 1680 1501 1696 mensura
1513 1680 1586 1703 aquas
1603 1676 1652 1698 Nili
1671 1674 1794 1703 ﬂuminis,
1806 1681 1874 1704 quam

1251 1707 1347 1731 vocant,
1360 1706 1391 1727 ad
1404 1705 1537 1728 Ecclesiam
1550 1705 1687 1728 deferatur.
1814 1705 1874 1728 Ibid.

1111 1733 1169 1755 CAP.
1187 1733 1273 1758 XXXI.
1284 1747 1315 1751 —
1327 1736 1359 1758 De
1368 1736 1539 1759 Valentiniani
1548 1737 1662 1764 junioris
1674 1736 1785 1766 interitu,
1797 1740 1873 1759 etortu

1080 1762 1188 1785 Euaeuii
1832 1767 1873 1785 an

1101 1764 1188 1790 ugenii
1780 1764 1784 1766 7
1832 1767 1874 1791 538

1112 1794 1171 1825 CAP.
1185 1795 1282 1819 XXXII.
1296 1796 1366 1819 -—I)e
1377 1797 1504 1825 responsis
1514 1798 1619 1821 Joannis
1632 1799 1761 1821 monachi.
1814 1797 1874 1821 Ibid.

1112 1824 1173 1858 CAP.
1185 1826 1294 1858 XXXIII.
1309 1839 1338 1843 -
1352 1828 1383 1849 De
1402 1824 1522 1856 apparatu
1534 1829 1593 1851 belli
1607 1829 1731 1852 adversus
1743 1830 1875 1858 Eugenium

1081 1855 1222 1890 Theodosii,
1241 1860 1264 1879 et
1287 1858 1317 1881 de
1339 1855 1444 1882 victoria
1464 1859 1519 1887 ejus
1537 1860 1696 1884 orationibus
1708 1855 1795 1890 magis,
1806 1866 1876 1889 quam

1082 1885 1174 1909 virtute
1191 1890 1297 1916 peracta.
1477 1885 1483 1887 7
1749 1885 1763 1890 ‘7
1790 1885 1794 1888 7
1814 1885 1821 1889 7
1835 1890 1876 1914 539

1114 1917 1171 1950 CAP.
1186 1919 1292 1941 XXXIV.
1308 1932 1338 1935 -—
1350 1920 1382 1942 De
1390 1920 1439 1943 ﬁne
1451 1920 1581 1944 Theodosii
1591 1924 1647 1950 post
1654 1922 1793 1949 victoriam,
1801 1926 1824 1943 et
1834 1923 1877 1944 Ar-

1081 1947 1154 1970 cadio
1166 1953 1239 1977 atque
1252 1950 1360 1973 Honorio
1372 1951 1458 1974 liberis
1469 1951 1525 1979 ejus
1537 1954 1560 1974 et
1583 1947 1727 1976 hwredihus
1749 1947 1824 1979 regni.
1836 1952 1877 1976 540

1113 1978 1269 2003 APOLOGIJE
1312 1982 1342 2004 IN
1385 1983 1419 2005 S.
1464 1978 1666 2007 HIERONYMUM
1704 1983 1875 2037 LIBRls‘Rggj

1778 2014 1861 2038 541-62

1112 2040 1263 2072 APOLOGIA
1275 2042 1352 2065 altera
1367 2049 1442 2071 quam
1458 2050 1502 2072 pro
1520 2050 1546 2066 se
1563 2044 1633 2067 misit
1645 2045 1753 2068 Ruﬁnus
1764 2045 1793 2068 ad
1804 2046 1876 2067 Anas-

1082 2071 1174 2101 tasium
1190 2078 1290 2101 papam.
1459 2071 1466 2072 7
1834 2075 1874 2099 6‘23

1111 2100 1235 2132 Epistold
1248 2102 1390 2127 Anastasii
1407 2111 1486 2135 super
1499 2105 1610 2129 nomine
1621 2106 1728 2135 Ruﬁni.
1835 2106 1875 2129 627

1219 2138 1407 2163 APPENDIX
1418 2139 1467 2163 AD
1484 2139 1596 2164 OPERA
1613 2140 1744 2165 RL’FINI.

1112 2165 1239 2198 Praefatio
1262 2169 1378 2193 Antonii
1391 2169 1422 2193 de
1442 2170 1544 2194 Albane
1557 2171 1587 2194 in
1609 2171 1837 2196 Commentarium
1849 2171 1872 2193 in

1078 2198 1197 2233 psqlmos
1208 2199 1304 2233 LXXV
1313 2201 1412 2232 Ruﬁno
1425 2201 1583 2233 ascriptum.
1834 2202 1873 2225 633

1117 2231 1210 2254 Inciptr
1226 2231 1278 2254 Com
1283 2239 1433 2256 MENTARIUS.
1496 2231 1503 2233 ἡ
1835 2233 1874 2257 645

1111 2263 1308 2294 COMMENTARIUS
1334 2264 1360 2286 in
1378 2264 1445 2292 Osee,
1458 2264 1509 2286 Joel
1519 2266 1542 2286 et
1554 2265 1640 2292 Amos,
1659 2265 1811 2294 przecedeate
1822 2270 1874 2292 pre

1081 2293 1182 2317 ratione.
1662 2293 1666 2294 7
1770 2294 1873 2319 959-1105

1112 2324 1175 2346 VI'rA
1183 2324 1206 2346 S.
1221 2323 1338 2353 Eugenio:
1353 2325 1462 2354 virginis
1474 2331 1502 2348 ac
1521 2326 1650 2354 martyris.
1749 2326 1873 2350 1105-1122

1112 2355 1231 2377 LIBELLUS
1258 2362 1288 2378 ns
1315 2362 1371 2379 nos
1392 2362 1437 2379 seu
1455 2356 1590 2379 duodecim
1616 2357 1817 2380 anathematismi
1832 2355 1873 2378 sub

1080 2386 1182 2408 nomine
1195 2385 1286 2409 Rufini.
1819 2386 1872 2411 1123

1113 2417 1186 2440 LIBER
1199 2422 1229 2438 ns
1241 2423 1306 2440 FIDE.
1815 2415 1872 2441 Ibid.

1279 2451 1368 2475 PELA
1373 2451 1407 2475 GI
1413 2451 1456 2476 US
1474 2452 1533 2476 BR]
1539 2452 1578 2476 TA
1583 2452 1696 2477 NNUS.

1110 2484 1201 2506 Notitia
1217 2483 1422 2513 Schasnemanni,
1440 2490 1516 2512 quam
1535 2487 1679 2512 sequuntur
1696 2484 1763 2507 tituli
1782 2490 1871 2513 operum

1082 2514 1184 2567 Polaglii,
1197 2521 1254 2537 cum
1268 2514 1333 2536 notis
1351 2515 1393 2537 ubi
1409 2515 1554 2543 Patrologias
1566 2522 1580 2536 τι
1593 2516 1667 2538 nobis
1679 2515 1746 2538 edita
1757 2516 1804 2538 sint
1816 2514 1872 2569 istisis-

1080 2549 1145 2568 cann
1157 2551 1205 2569 ωε.

1265 2578 1442 2604 JULIANUS
1469 2579 1699 2604 ECLANEESIS

1113 2610 1202 2633 Notitia
1221 2610 1426 2640 Schmnemanni,
1447 2617 1521 2640 quam
1545 2615 1690 2641 sequuntur
1703 2612 1870 2641 titulioperum

1080 2641 1174 2664 Iuliani
1187 2648 1244 2664 cum
1256 2641 1322 2664 notis
1341 2641 1385 2664 ubi
1401 2642 1546 2671 Patrologia:
1559 2648 1573 2664 a
1584 2643 1659 2666 nobis
1674 2643 1742 2666 edita
1754 2643 1802 2665 sint
1812 2641 1870 2664 indi-

1081 2673 1207 2695 cantibus.
1820 2672 1866 2696 1167

1232 2706 1436 2741 C(ELESTIIJS
1455 2707 1559 2741 Pelagii
1580 2707 1744 2739 discipulus.
1805 2739 1809 2741 Δ
1847 2738 1865 2741 Η

1112 2738 1277 2762 Memorantur
1289 2744 1363 2767 opera
1374 2739 1405 2762 ad
1419 2745 1497 2769 eaque
1515 2739 1591 2763 lector
1605 2743 1746 2768 revocatur,
1761 2739 1822 2762 notis
1832 2738 1866 2761 ubi

1079 2769 1225 2799 Patrologias
1235 2772 1331 2793 exstent
1344 2769 1525 2794 indicantibus.
1817 2769 1866 2793 1173

1234 2803 1399 2829 ANIANUS
1420 2804 1552 2829 diaconus
1565 2804 1729 2830 Celedensis.

1110 2836 1170 2858 Item
1183 2836 1327 2859 indicantur
1339 2836 1485 2865 Patrologite
1494 2836 1659 2867 loca,quibus
1667 2837 1799 2866 consultis,
1806 2836 1865 2867 vitata

1079 2865 1162 2895 ipsius
1173 2873 1298 2897 operaque
1310 2867 1395 2890 lectori
1409 2864 1510 2891 noScera
1525 2864 1619 2891 licebit.
1793 2864 1797 2866 Ἴ
1812 2864 1865 2890 Ibid.

876 2917 990 2949 FINIS
1013 2918 1120 2951 TOMI
1142 2920 1235 2951 XXI.
1910 2910 1913 2987 χ

1229 2997 1379 3020 Turunihus.
1392 3010 1421 3014 —
1434 2998 1469 3020 Ex
1481 2997 1545 3027 typis
1558 2993 1850 3022 ROUILLE—LADEVEZE.

1842 380 1883 403 516
1919 394 1921 396 -

1818 871 1881 895 Ibid.
1912 884 1922 891 τ
