3910 6238
178 279 267 341 ὶθτ

1428 276 1809 340 ΡἎΕῈΑΤΙΟ
1845 275 2188 335 Ευιτοιιιε.

3381 244 3490 333 an

178 397 584 475 patriarcharum
619 401 1065 474 Aquileiensium
1088 444 1102 471 ,
1131 402 1224 475 qui
1276 415 1470 461 omnes
1514 407 1641 474 post
1667 415 1767 455 an~
1795 399 1846 457 Α
1874 395 2053 453 adhuc
2082 412 2149 453 eo
2173 405 2421 467 tempore
2449 396 2749 468 imperabat
2767 438 2783 461 ,
2804 393 3167 467 probabiliter
3190 393 3493 465 pertinent,

178 508 286 551 num
315 494 679 552 millesimum
718 498 836 553 cusi
870 494 1108 561 fuerunt,
1155 509 1207 553 ct
1240 505 1491 569 prostant
1518 493 1664 567 apud
1700 494 1777 550 De

178 586 353 645 Rubeis
376 588 789 649 dissertatione
836 593 1012 664 prima
1055 592 1121 648 de
1164 591 1409 648 Nummis
1450 590 1777 664 patriarcha-

179 694 277 736 τισι
312 678 759 753 Aquileiensium,
805 694 863 741 et
901 685 1048 758 apud
1077 684 1328 742 Lirutum
1372 683 1526 741 Delta
1569 682 1777 739 Honeta

180 774 246 831 ά*
268 778 380 833 eis:
400 793 555 835 com
585 778 646 835 in
672 777 872 847 Frisii,
902 790 1012 839 etc.

235 872 341 931 Non
391 874 708 933 diffitemur
752 876 975 950 quidem
1014 875 1330 950 singulares
1375 892 1505 934 esse
1561 874 1619 931 in
1670 872 1780 931 hoc

177 970 408 1046 plumbeo
437 974 791 1032 nttmismate
820 989 919 1032 seu
945 974 1127 1048 sigillo
1159 975 1362 1032 formas
1394 975 1704 1039 litterarum
1736 968 1780 1027 C

178 1070 227 1125 et
244 1062 305 1131 0.
329 1081 564 1136 quarum
601 1067 761 1139 prior
787 1068 842 1124 in
868 1069 1048 1127 antica
1090 1076 1250 1139 parte
1281 1068 1360 1124 uti
1387 1068 1587 1129 littera.
1620 1074 1678 1122 et
1721 1063 1777 1121 in

178 1159 359 1231 postica
408 1159 487 1216 uti
541 1171 683 1218 nota
737 1162 1081 1233 numeratis,
1119 1162 1342 1219 duobus
1368 1162 1539 1219 rectis
1561 1159 1778 1231 angulis

179 1259 418 1310 eortstata
443 1264 612 1327 tergo
645 1256 802 1325 sitis;
828 1257 1073 1315 etaltera
1102 1257 1410 1330 quaterniz.
1433 1257 1524 1327 qui
1549 1254 1777 1327 ﬁguram

179 1346 396 1419 perfecte
440 1350 785 1421 quadratam
821 1356 1185 1410 constituunt.
1236 1352 1441 1408 Verum
1491 1351 1609 1409 hare
1663 1352 1780 1422 ipsa

132 1485 137 1490 -
177 1441 378 1500 duarum
408 1444 729 1505 litterarum
766 1447 1130 1521 singularitas
1172 1447 1559 1519 antiquitatem
1602 1443 1781 1519 quinti

179 1537 394 1596 ineuntis
421 1542 626 1599 muli
657 1542 729 1597 ab
759 1543 867 1600 hoc
904 1544 1239 1600 numismate
1284 1542 1563 1609 excludit,
1593 1556 1659 1597 ac
1689 1557 1779 1597 se-

1880 488 2017 564 lLvt]
2060 506 2124 545 ac
2152 490 2351 547 eodem
2382 500 2534 547 certe
2563 490 2895 561 posteriores
2924 504 3048 545 esse
3077 502 3186 544 non
3220 496 3445 559 possunt
3478 501 3489 513 ·

1878 598 2117 655 quorum
2147 599 2493 639 nummorum
2535 596 2695 658 typos
2726 596 2984 639 accurate
3013 598 3124 639 aere
3165 582 3371 637 incisos
3413 579 3496 633 vi-

1879 680 2010 736 deas
2043 680 2096 733 in
2126 682 2347 751 egregia
2401 678 2785 737 lucubratione
2832 677 3034 733 nobilis
3077 676 3183 730 viri
3220 672 3492 731 Leon'trtli

1879 773 2085 830 Martini
2114 774 2363 836 comitis,
2409 774 2632 831 Patricii
2660 773 2883 839 Veneti,
2914 773 3003 827 cui
3036 769 3226 825 titulus
3253 786 3267 823 :
3296 767 3496 822 Memo-

1879 870 1958 926 rie
1994 871 2433 925 storico-eritiche
2466 871 2674 925 intortio
2699 871 2755 925 la
2781 870 2916 938 vita,
2948 867 3286 931 traslazione,
3318 866 3383 920 ed
3410 882 3492 919 m-

1880 966 2116 1023 vertziom'
2141 967 2196 1019 di
2224 983 2323 1021 san
2358 964 2540 1021 Marco
2561 965 2921 1040 evangelista,
2970 963 3266 1037 principale
3297 968 3495 1031 protel—

1881 1070 1993 1115 tore
2018 1059 2075 1114 di
2107 1059 2354 1116 Venezt'a.
2392 1058 2620 1115 Venetia
2653 1061 2815 1118 1815.

1953 1153 2111 1221 Quod
2142 1170 2273 1209 vero
2298 1135 2514 1225 spectat
2542 1156 2609 1210 ad
2633 1154 2873 1212 litteram
2897 1153 2965 1221 Ο,
2995 1155 3049 1209 in
3079 1168 3148 1209 eo
3173 1150 3397 1225 plumbo
3425 1152 3497 1207 ita

1882 1248 2194 1313 formatam.
2221 1260 2280 1306 ut
2300 1251 2525 1307 schema
2552 1249 2800 1324 perfecte
2820 1251 3146 1322 quadratum
3167 1251 3496 1311 consmuat;

1882 1344 1988 1401 etsi
2021 1345 2075 1400 in
2108 1344 2316 1403 Grmcis
2361 1347 2572 1418 aliquot
2617 1346 3009 1404 vetustissimis
3051 1346 3291 1402 nummis
3331 1360 3503 1416 appa~

1884 1448 2041 1495 reattt
2065 1440 2137 1494 ita
2171 1439 2474 1495 edormitur
2498 1440 2704 1497 Graium
2728 1442 2925 1498 littera:
2952 1443 3183 1496 omicrort
3214 1452 3269 1495 et
3294 1456 3499 1512 omege,

1882 1540 1945 1589 ut
1970 1534 2235 1591 admonet
2262 1534 2612 1591 clarissimus
2640 1534 2975 1593 Franciscus
3005 1536 3361 1599 Numanus,
3396 1535 3506 1589 Po-

178 1634 397 1707 qsioretn
438 1637 709 1709 ejusdem
737 1648 956 1696 aetatem
986 1640 1264 1707 oatendit,
1293 1652 1657 1712 quacumque
1686 1635 1785 1694 de-
1886 1629 2130 1701 Pulorum
2176 1641 2227 1689 ει
2270 1649 2451 1705 regum
2508 1631 2676 1687 Ntmu'
2732 1644 2921 1689 veteres

179 1745 305 1788 utam
345 1746 409 1790 ea
455 1732 749 1790 censenda
783 1734 878 1791 sit.
909 1733 980 1792 Et
1011 1736 1254 1806 priorem
1291 1732 1513 1805 quidem
1540 1731 1782 1788 litteram

1885 1738 2008 1801 pag.
2057 1726 2197 1795 291,
2232 1726 2573 1802 Vindobonm
2602 1728 2777 1796 1779;
2824 1729 3045 1785 fatendo

178 1822 243 1891 (ἶ.
269 1842 333 1883 eo
357 1828 524 1885 modo
554 1828 791 1887 ductam
814 1830 909 1902 qui
950 1829 1006 1888 in
1037 1830 1265 1903 plumbo
1298 1841 1490 1886 n05tro
1513 1836 1781 1901 apparet,
1813 1806 1864 1869 Β
1890 1820 2053 1876 nobis
2082 1820 2401 1893 huiusmodi
2424 1824 2734 1881 occurrisse
2757 1822 2811 1879 in
2846 1823 3055 1879 Latinis
3078 1822 3358 1879 veteribus
3378 1834 3507 1875 mo-

180 1918 376 1980 exhibet
398 1939 614 1996 parvus
640 1941 903 1984 nummus
928 1938 1234 2000 argenteus
1260 1926 1506 1984 Venetus
1535 1925 1681 1998 apud
1702 1924 1783 1981 ci-

182 2024 329 2072 talum
357 2016 619 2077 Lirutum
652 2021 771 2077 tab.
804 2036 893 2088 vt,
934 2020 1039 2077 sub
1080 2036 1233 2077 num.
1283 2018 1394 2086 60;
1424 2034 1588 2092 quam
1613 2016 1779 2074 etiam

180 2109 443 2183 pertinere
461 2112 533 2169 ad
563 2112 1055 2186 Langobardorum
1087 2124 1334 2187 tempora
1358 2111 1481 2185 ipse
1504 2120 1777 2181 autumat,

180 2213 234 2259 ac
259 2201 483 2263 fortasse
512 2204 587 2263 ad
617 2217 833 2280 partem
867 2208 1109 2278 priorem
1151 2206 1340 2263 seaculi
1376 2220 1508 2275 vttt,
1544 2205 1621 2261 uti
1651 2220 1781 2262 eru-

182 2293 278 2354 dite
316 2297 547 2356 disserit
603 2300 810 2357 ibidem
858 2316 983 2375 pag.
1034 2299 1140 2358 N0
1189 2309 1249 2358 et
1302 2314 1457 2372 seqq.
1514 2296 1779 2355 Eatndem

184 2389 333 2463 ipsam
378 2394 628 2451 litteram
682 2394 872 2453 Roma:
914 2394 1129 2452 viderat
1180 2408 1250 2451 eo
1281 2393 1567 2466 ipsissimo
1615 2392 1781 2448 modo

184 2479 417 2551 scalptam
445 2481 625 2537 etiam
671 2481 727 2535 in
759 2479 1067 2555 fragmento
1093 2478 1273 2537 Latini
1303 2476 1501 2550 lapidis
1530 2478 1584 2535 in
1630 2477 1783 2550 pavi-

180 2583 342 2630 Itento
366 2573 597 2633 Smcta
621 2574 852 2648 Agathe:
874 2574 1208 2633 Gotthorum
1232 2573 1301 2631 ad
1334 2573 1608 2631 Suburam
1629 2572 1780 2630 cele-

182 2663 279 2722 bris
304 2653 1041 2740 Antonius’laria'Lupius;
1074 2666 1222 2739 quod
1251 2667 1618 2741 fragmentum
1651 2666 1785 2724 licet

180 2762 307 2819 mni
330 2778 495 2820 sensu
522 2766 885 2831 destitutum,
910 2762 985 2818 ob
1006 2761 1448 2834 singularitatem
1470 2770 1654 2818 tamen
1682 2760 1784 2816 ltu-

178 2850 256 2924 jas
280 2852 472 2912 litterae
517 2856 792 2914 exhibere
822 2855 998 2912 voluit
1028 2854 1084 2911 in
1113 2871 1211 2912 sua
1247 2854 1625 2913 eruditissima
1666 2856 1783 2913 dis-

183 2954 456 3010 sertatione
498 2951 579 3009 ad
597 2950 956 3028 ,ερίιιρήἱαπι
984 2951 1195 3009 δευρί-ω
1218 2950 1487 3025 martyris,
1514 2966 1639 3024 pag.
1675 2950 1784 3010 ωι

182 3043 415 3103 editionis
464 3045 880 3104 Panormitana
920 3044 1081 3104 1734.
1128 3046 1249 3103 Jam
1290 3060 1423 3102 vero
1468 3044 1781 3102 (ianitorum

186 3156 361 3200 nomen
384 3143 486 3201 atdi
517 3143 755 3215 Agatlta
780 3142 1079 3208 adhaerens
1102 3143 1237 3199 satis
1288 3140 1535 3200 indicare
1562 3141 1783 3199 videtur

184 3234 424 3309 originem
446 3236 606 3294 illius
630 3238 797 3295 fracti
822 3238 1024 3309 lapidis
1048 3237 1261 3311 absque
1280 3240 1487 3305 sensu;
1513 3248 1574 3295 ut
1594 3238 1781 3296 mirari
1808 3215 1857 3282 (ἶ

189 3332 394 3402 amplius
420 3344 535 3389 non
566 3331 769 3389 subeat
797 3331 1040 3388 litteram
1059 3347 1280 3405 quoque
1303 3331 1346 3388 C
1375 3330 1630 3389 Latinam
1668 3332 1783 3390 Ro-

186 3438 381 3482 manam
436 3425 675 3485 fortnam
726 3426 871 3499 apud
937 3441 1061 3484 eam
1102 3437 1327 3501 gentem
1370 3427 1785 3500 quodammodo

189 3520 420 3591 exuisse,
468 3530 531 3580 et
562 3530 624 3578 ut
666 3519 889 3579 demum
915 3521 1247 3595 colligamus
1273 3520 1344 3576 ad
1392 3521 1787 3595 quinti-saeculi

191 3608 382 3683 initium
408 3629 535 3673 eam
565 3614 830 3687 fortnam,
852 3631 889 3672 a
924 3616 1104 3688 prisca
1131 3616 1206 3673 ita
1231 3614 1587 3690 degenerem,
1616 3616 1790 3690 perti-

193 3722 306 3792 nere
325 3726 429 3768 non
460 3728 653 3785 posse.
673 3712 947 3769 Caterum
978 3710 1212 3793 formam
1242 3712 1387 3768 hanc
1414 3712 1597 3768 tertia:
1620 3712 1788 3784 hujus

194 3797 379 3885 Latina
406 3806 608 3864 littera
652 3805 816 3864 valde
838 3807 1186 3879 frequentem
1218 3806 1419 3863 asserit
1457 3806 1513 3862 itt
1552 3806 1789 3877 inscrip-

200 3898 412 3960 tionibus
438 3902 634 3961 ηαυιί
660 3917 722 3961 ss
747 3906 989 3960 domnus
1008 3901 1307 3961 Vainesius
1335 3917 1403 3958 ex
1429 3901 1789 3959 Benedictina

198 3979 601 4071 congregatione
640 3996 831 4058 Saneti
858 3998 1035 4056 Mauri
1062 3999 1115 4055 in
1161 4014 1263 4055 suo
1297 3997 1652 4054 Dictt'onnaire
1676 3997 1788 4053 rai-

200 4096 417 4151 mea
463 4092 878 4169 Diplotuetique,
928 4103 1077 4151 tomo
1104 4093 1156 4162 Ι,
1206 4109 1332 4165 pag.
1357 4092 1485 4159 2L3,
1529 4091 1788 4149 editionis

202 4181 505 4246 Parisiemis
550 4186 717 4246 ηπ.
748 4187 908 4259 Quod
951 4197 1135 4245 autem
1191 4186 1248 4244 in
1292 4186 1532 4243 nummis
1570 4202 1788 4258 quoque

204 4276 353 4350 ipsius
385 4282 577 4340 saeculi
608 4288 667 4340 xt‘
696 4282 893 4340 eadem
942 4282 1106 4353 hujus
1136 4279 1318 4337 tertia?
1350 4280 1561 4337 Latinae
1591 4280 1789 4338 litteras

203 4370 355 4434 forma
376 4385 673 4451 appareret
701 4380 784 4452 (ut
809 4378 917 4434 alia
940 4377 1029 4434 hic
1049 4385 1409 4433 monumenta
1438 4390 1623 4433 curva
1647 4392 1788 4448 prae-

206 4473 471 4547 tereamus)
509 4474 648 4532 satis
674 4473 977 4531 ostendunt
1000 4473 1212 4531 nummi
1249 4471 1468 4530 Πετιήεὶ
1495 4473 1785 4547 insperato.

205 4564 269 4623 ris
311 4568 529 4625 nomine
568 4568 803 4640 signati,
841 4569 933 4639 qui
982 4567 1281 4624 novissime
1313 4566 1553 4625 Yenitiis
1578 4565 1787 4625 inventi

1882 1916 2160 1972 numentis
2188 1915 2334 1989 typis
2361 1916 2543 1984 editis,
2574 1934 2695 1990 quae
2744 1919 3042 1976 consulere
3071 1917 3367 1991 potuimus.

1882 2006 2187 2065 hilominus
2217 2011 2413 2067 horum
2443 2010 2565 2069 loco
2584 2012 2806 2095 abunde
2834 2020 2923 2095 est
2951 2012 3098 2084 quod

1881 2102 1939 2161 in
1984 2104 2199 2177 paginis
2228 2120 2325 2161 seu
2362 2106 2567 2162 tabulis
2601 2090 2909 2180 plumbeis,
2943 2124 3119 2180 nuper

1882 2197 2062 2257 ventis
2088 2216 2119 2255 a
2168 2201 2510 2273 praelaudato
2540 2221 2659 2259 Vtro
2707 2204 3019 2261 clarissimo
3047 2204 3208 2261 Moro
3239 2203 3371 2259 Boni
3391 2247 3404 2264 .
3435 2218 3502 2260 ex

1881 2306 2101 2352 vetusta
2145 2305 2202 2351 et
2241 2296 2525 2369 hucusque
2573 2307 2940 2361 senm-tribus
2984 2300 3244 2356 omnibus
3281 2300 3505 2372 ignota,

1881 2388 2209 2448 Corrariana
2230 2398 2498 2451 societate
2522 2394 2788 2451 litterarta
2808 2440 2822 2454 .
2850 2411 2972 2467 quae
2999 2396 3112 2466 jam
3142 2410 3171 2450 a
3199 2395 3403 2451 saeculo
3426 2412 3503 2459 ιι,

1882 2485 1963 2541 uti
1989 2500 2021 2541 a
2054 2486 2162 2543 tide
2185 2486 2367 2560 dignis
2392 2488 2656 2561 omnique
2678 2490 2990 2545 eruditione
3018 2488 3344 2545 clarissimis
3371 2489 3509 2543 viris

1882 2581 2231 2653 accepimus,
2274 2583 2480 2640 ibidem
2526 2585 2819 2651 exstabat;
2872 2586 3108 2655 cuique,
3165 2584 3313 2641 inter
3360 2584 3503 2651 alia,

1882 2689 2033 2732 curae
2052 2676 2401 2749 potissimum
2427 2677 2601 2735 fuitin
2621 2678 2909 2752 plumbeas
2933 2679 3054 2733 illas
3078 2678 3309 2734 laminas
3333 2687 3508 2735 trans-

1883 2767 2066 2838 ferre,
2113 2784 2211 2826 seu
2256 2770 2491 2841 Latino,
2544 2787 2641 2830 seu
2693 2773 2907 2844 vulgari
2961 2788 3150 2829 eorum
3197 2781 3506 2840 temporum

1883 2860 2220 2921 Venetorum
2271 2879 2567 2933 sermone,
2603 2863 2921 2940 rigentique
2971 2874 3100 2922 tunc
3138 2866 3463 2923 charactere
3491 2908 3504 2929 .

1883 2956 2152 3029 quidquid
2196 2957 2591 3015 memoriarum
2637 2974 2705 3016 ac
2752 2960 3207 3017 documentorum
3256 2970 3503 3016 veterum

1886 3051 2091 3109 habere
2120 3062 2177 3109 et
2208 3052 2487 3124 inquirere
2519 3054 2697 3125 potuit
2727 3052 2781 3109 in
2816 3054 3164 3127 pergam-ruis
3190 3068 3498 3121 exaratum,

1886 3146 2056 3203 uthis
2081 3146 2248 3202 etiam
2288 3148 2526 3204 decursu
2572 3148 2838 3219 temporis
2885 3147 3183 3220 fragilitate
3228 3166 3324 3206 sua
3354 3149 3506 3204 fatis-

1887 3237 2179 3307 centibtts,
2211 3248 2307 3294 aut
2336 3239 2567 3296 omnino
2594 3254 2815 3312 quoque
2844 3241 3212 3313 pereuntibus
3232 3284 3248 3310 ,
3273 3242 3505 3298 solidior

1889 3332 2098 3401 plumbi
2130 3334 2359 3391 materia
2381 3332 2691 3405 posteritati
2720 3349 2786 3391 ea
2814 3336 2996 3393 omnia
3022 3348 3377 3393 conservaret
3398 3337 3500 3410 (α).

1888 3426 1949 3486 in
1990 3426 2076 3483 his
2125 3443 2289 3500 porro
2332 3429 2535 3486 tabulis
2579 3427 2724 3501 (quae
2755 3429 2879 3486 luce
2921 3428 3088 3487 etiam
3140 3430 3394 3501 publica,
3428 3433 3505 3487 uti

1888 3536 2207 3596 speramus,
2266 3522 2568 3595 aliquando
2617 3523 3003 3602 gaudebunt),
3052 3525 3507 3598 quatiescumquc

1890 3617 2051 3694 [uti]
2076 3619 2260 3675 littera
2286 3618 2355 3685 0,
2379 3633 2479 3676 seu
2509 3616 2565 3675 in
2594 3618 2793 3677 Latino
2832 3634 2931 3677 seu
2961 3620 3017 3677 in
3047 3620 3349 3677 vernaculo
3377 3629 3507 3677 tunc

1890 3712 2226 3771 Venetorum
2250 3729 2509 3771 sermone
2534 3714 2797 3781 occurrit,
2822 3713 2941 3773 haec
2969 3726 3237 3788 perpetuo
3264 3718 3509 3791 perfecte

1889 3810 2263 3883 quadrangulo
2307 3819 2436 3880 est,
2490 3819 2655 3883 prout
2704 3812 2758 3867 in
2799 3813 3129 3869 nutnismate
3177 3829 3274 3871 seu
3327 3815 3511 3887 sigillo

1870 3904 2283 3962 Cltromatiano
2306 3914 2580 3976 apparet;
2612 3903 2771 3962 sicuti
2799 3905 3071 3978 angulatze
3099 3909 3265 3965 etiam
3287 3952 3303 3976 ,
3333 3910 3509 3964 modis

1893 4008 2081 4057 tamen
2108 3997 2345 4054 diversis
2365 4041 2381 4068 ,
2410 3999 2640 4071 reliquie
2670 4014 2864 4056 omnes
2894 3999 3097 4058 ibidem
3127 4003 3327 4058 littcrre
3353 4012 3505 4069 sunt,

1893 4110 1963 4152 ex
1988 4094 2245 4167 quadam,
2277 4105 2336 4151 ut
2364 4095 2601 4161 videtur,
2633 4095 2929 4168 angulatim
2957 4097 3235 4154 scribendi
3264 4102 3505 4169 ptopric-

1893 4199 2041 4257 tate,
2071 4205 2198 4263 qua:
2221 4196 2350 4244 tunc
2379 4188 2581 4245 ibidem
2600 4230 2614 4256 ,
2638 4189 2924 4260 cujusdam
2957 4192 3192 4248 fortasse
3218 4193 3507 4263 elegantia:

1892 4298 2058 4339 causa
2079 4323 2096 4352 ,
2129 4283 2185 4339 in
2209 4296 2312 4339 usu
2341 4282 2515 4340 fuisse
2546 4282 2780 4339 videtur.
2820 4282 2993 4354 Hujus
3016 4284 3200 4340 Latini
3227 4287 3505 4356 alphabctt

1892 4378 2101 4435 iittem
2153 4376 2202 4433 Ο
2246 4378 2569 4449 quadratam
2617 4378 2891 4446 formam,
2948 4378 3005 4433 in
3056 4379 3509 4451 inscriptionibus

1892 4480 2237 4543 usurpatam,
2258 4469 2484 4527 exhibet
2514 4468 2769 4526 laudatus
2795 4484 3013 4543 quoque
3036 4470 3326 4529 Vainesius
3350 4472 3405 4527 in
3433 4472 3513 4529 ciX

1893 4576 2007 4624 tato
2028 4565 2369 4623 Dictionario
2391 4580 2492 4620 suo
2514 4564 2901 4636 Diplomatico,
2937 4574 3091 4623 toruo
3113 4565 3184 4633 ιι,
3214 4582 3337 4636 pag.
3365 4566 3465 4624 Ml
3492 4583 3507 4635 ;

203 4668 311 4717 sntit
332 4661 384 4720 in
414 4666 593 4725 Area.
622 4636 719 4720 ubi
747 4636 897 4719 anno
929 4664 1071 4719 loss
1108 4662 1413 4721 recondita:
1454 4664 1673 4720 fuerunt
1697 4678 1788 4719 sa-
1812 4636 1871 4699 Ῐ)
1894 4677 2060 4735 quam
2091 4672 2309 4728 tamen,
2339 4676 2445 4715 una
2474 4674 2598 4715 cum
2626 4660 2954 4730 quibusdam
2982 4661 3105 4716 aliis
3137 4660 3510 4733 peculiaribus

205 4756 518 4812 rraexuvia:
559 4755 678 4812 divi
708 4756 875 4813 Marci
917 4755 1310 4828 evangelista;
1354 4756 1553 4829 quique
1578 4758 1789 4815 idcirco

207 4845 262 4905 id
277 4846 561 4909 Henricum
591 4852 897 4926 Augustum
924 4850 1087 4925 hujus
1109 4851 1346 4909 nominis
1366 4866 1619 4924 quartum
1641 4893 1658 4921 ,
1691 4853 1785 4925 qui

264 4965 333 5042 (ι)
358 4968 569 5028 Inventi
599 4968 762 5035 huius
791 4969 1217 5039 auspicatissimi
1241 4970 1472 5041 primam
1496 4970 1654 5027 nobis
1683 4986 1784 5027 no-

209 5035 352 5113 titiam
378 5044 612 5113 praebuit
640 5042 1000 5105 clarissimus,
1032 5044 1320 5113 nostrique
1345 5042 1777 5111 amantissimus,

210 5110 348 5169 abbas
379 5110 819 5172 Comaltlulcnsis
846 5114 904 5171 in
934 5116 1109 5171 sancti
1134 5110 1417 5172 Michaelis
1441 5114 1512 5171 de
1534 5110 1786 5171 Moriano

210 5180 567 5250 Venetiarum,
611 5184 869 5243 Placidus
906 5185 1109 5255 Zurln,
1137 5185 1283 5243 datis
1327 5186 1395 5241 ad
1438 5203 1540 5253 nos
1587 5187 1784 5243 litteris

212 5255 413 5315 suissub
434 5258 525 5331 die
550 5259 621 5316 27
644 5256 774 5315 Julii
806 5258 977 5320 is“;
1009 5260 1064 5313 in
1092 5258 1291 5325 quibus
1314 5262 1594 5327 specimen
1645 5275 1783 5331 quo-

211 5340 297 5397 que
316 5330 465 5390 nobis
494 5330 875 5387 fidelissimum
894 5331 1302 5393 transmittens,
1331 5347 1439 5386 non
1462 5332 1625 5387 modo
1650 5330 1783 5385 cha-

211 5401 411 5475 ηαετὶιι
438 5403 818 5475 plumbearum
848 5403 1061 5457 illarum
1093 5403 1440 5475 laminarum,
1471 5403 1569 5458 sed
1595 5418 1780 5475 rerum

212 5474 345 5602 gain
382 5476 747 5549 quarumdam
790 5491 913 5547 qua:
956 5475 1012 5530 in
1062 5474 1173 5530 illis
1202 5476 1496 5541 habentur,
1539 5478 1612 5530 ita
1648 5474 1784 5529 scri-o

328 5560 364 5602 t.

272 5618 421 5676 «Elia
450 5619 671 5677 πονοι-ἦ
699 5619 850 5675 varie
886 5634 1014 5675 cose
1046 5619 1099 5673 iu
1150 5618 1349 5674 diversi
1383 5620 1657 5690 lingttaggi
1682 5660 1696 5684 ,
1749 5620 1785 5673 ii

216 5693 333 5761 iulio
372 5693 701 5749 ledeltnente
730 5734 745 5757 ,
787 5709 819 5745 υ
863 5707 967 5746 con
1022 5692 1299 5746 itttltcihile
1344 5706 1603 5761 paucula
1651 5705 1792 5745 tras-

214 5760 350 5834 crittn
370 5765 435 5821 da
458 5776 614 5834 certe
636 5766 924 5821 laminette
949 5762 1005 5818 di
1034 5764 1255 5832 piombo
1275 5805 1291 5827 ,
1316 5760 1405 5833 giit
1431 5767 1484 5818 di
1516 5762 1793 5833 proprieta

215 5827 259 5886 ὕ
278 5849 373 5908 una
392 5828 619 5908 patriziu
642 5834 888 5908 famiglta
916 5827 1138 5908 cori-er,
1165 5834 1214 5908 la
1236 5827 1399 5907 quain
1421 5852 1452 5890 a
1467 5827 1593 5891 ,ἐή
1621 5827 1683 5908 in,
1697 5851 1796 5908 sua

220 5915 319 5965 an
341 5905 449 5968 lno
469 5907 562 5965 dat
591 5905 860 5969 seculo'xt
884 5906 977 5963 utt‘
996 5905 1325 5965 Accadeniia
1345 5909 1401 5966 di
1424 5907 1714 5979 Lcuerati,
1746 5907 1798 5964 la

360 6008 365 6015 ’
462 6004 749 6073 Panos.
782 5998 943 6066 XX.

1895 4753 2146 4824 ejusdem
2176 4749 2436 4809 elementi
2468 4749 2661 4807 formis
2684 4793 2701 4819 ,
2730 4768 3075 4823 nequaquam
3100 4754 3169 4807 ad
3202 4750 3381 4822 priora
3406 4769 3505 4811 seu

1896 4858 2028 4907 ante
2050 4864 2145 4906 seu
2179 4857 2306 4921 post
2347 4847 2629 4904 Christum
2677 4848 2914 4915 sucula,
2955 4847 3053 4904 sed
3074 4850 3147 4903 ad
3176 4848 3282 4904 late
3314 4855 3509 4918 patens

1884 4969 2013 5043 quo]
2049 4966 2377 5043 Accadentia
2399 5009 2413 5032 ,
2436 4981 2599 5043 come
2620 4967 2689 5021 da
2710 4966 2835 5043 varj
2856 4967 3162 5043 argumenti
3189 4968 3497 5039 apparisce,

1886 5039 2029 5099 ebhe
2062 5055 2193 5096 cura
2228 5041 2281 5095 di
2315 5039 2401 5094 far
2434 5040 2678 5095 incidere
2708 5040 2763 5095 itt
2787 5041 3005 5110 piomhu
3040 5042 3095 5098 le
3135 5050 3350 5097 vetuste
3382 5058 3499 5097 me-

1888 5114 2063 5170 morie
2094 5114 2195 5167 eho
2228 5114 2283 5167 in
2328 5120 2481 5167 cat-te
2514 5115 2744 5185 pellicee
2786 5112 3104 5185 esiste'vano
3118 5114 3441 5185 uersutiae,
3475 5132 3513 5175 e

1887 5186 2184 5257 andavano
2211 5200 2254 5238 a'
2276 5186 2491 5257 perire;
2527 5184 2675 5241 delle
2712 5184 2861 5252 quali
2893 5194 3048 5242 carte
3090 5186 3321 5257 pellicce
3339 5189 3509 5257 origio

1886 5260 1996 5315 nali
2030 5256 2195 5329 rtusoi
2223 5272 2355 5325 pure
2380 5257 2428 5309 al
2455 5255 2587 5329 Boni
2627 5267 2893 5312 trovarne
2931 5255 3225 5320 alcuno,e
3249 5255 3505 5329 grandis-

1886 5332 2030 5386 simo
2057 5328 2089 5383 ὲ
2132 5327 2166 5382 il
2199 5344 2430 5383 numero
2468 5328 2521 5382 di
2564 5331 2774 5384 codesti
2823 5332 3061 5397 piomhi.
3093 5332 3195 5388 clte
3226 5327 3507 5399 riportano

1891 5402 2009 5457 [alti
2037 5404 2193 5467 patrii
2220 5402 2358 5455 dolia
2386 5399 2675 5457 fundamina
2702 5404 2755 5457 di
2777 5402 3007 5459 Vettozia
3040 5405 3217 5459 tinual
3245 5406 3378 5462 1500
3400 5410 3507 5463 cir-

1889 5490 1974 5531 ca.
2009 5473 2189 5543 Largo
2219 5486 2439 5548 rumore
2455 5471 2617 5548 destt‘)
2650 5475 2695 5528 la
2731 5488 2982 5544 scoperta
3022 5477 3075 5529 di
3104 5480 3299 5533 cotesti
3334 5478 3507 5548 pium-

1894 5547 1945 5602 hi
1968 5588 1985 5610 ,
2020 5545 2420 5620 resapnblilica
2452 5544 2503 5597 in
2538 5561 2607 5620 uo
2639 5549 2955 5618 ragguaglio
2980 5551 3209 5603 recitato
3234 5550 3285 5603 in
3313 5544 3511 5620 questo

1900 5624 2108 5693 Alconti
2138 5618 2224 5671 dal
2263 5615 2509 5693 jtredettt)
2542 5617 2677 5672 Boni
2709 5615 2859 5674 ttello
2882 5635 3071 5675 δρεπδο
3093 5615 3397 5693 Μςοεειυέθ
3422 5624 3505 5677 aio

1897 5692 2023 5747 cuni
2049 5690 2095 5744 si
2124 5704 2401 5757 opoosero
2435 5690 2738 5745 vivatnonte
2782 5693 3100 5747 necandooe
3129 5693 3162 5746 l'
3188 5690 3509 5751 antennae

1901 5765 2040 5818 sulla
2080 5776 2213 5832 gran
2250 5773 2477 5830 ragtone
2499 5802 2514 5823 ,
2548 5762 2648 5816 che
2679 5766 2746 5817 ne
2778 5764 2811 5817 tl
2840 5764 3121 5819 l-oscarini
3151 5807 3164 5828 ,
3215 5765 3282 5822 ne
3320 5768 3443 5822 altri
3472 5768 3509 5822 li

1900 5831 2253 5905 cottoiauro,
2277 5854 2310 5887 υ
2332 5831 2535 5905 percbt'.
2564 5850 2909 5905 contengooo
2936 5838 3131 5895 alcune
3159 5837 3291 5895 frasi
3321 5838 3426 5896 che
3464 5839 3514 5897 si

1904 5907 2109 5965 dicouo
2140 5904 2345 5963 usitate
2365 5902 2617 5963 soltanto
2644 5907 2709 5965 da
2744 5902 2865 5981 p'ci,
2904 5918 3004 5965 22:.
3030 5928 3051 5962 ι

2930 6000 3008 6059 so
