3910 6238
425 365 553 430 ω

1418 389 1424 394 ‘
1452 371 1528 434 '5.
1555 370 1956 439 omnium
1983 374 2210 439 81³180.
2246 371 2746 448 -Αρυιιειειιειε

3641 377 3780 441 πω

439 480 582 538 stilis
604 479 769 539 nubes
791 481 1081 555 penetrabit
1105 480 1322 561 (Ereti.
1343 503 1517 559 xxxv,
1544 488 1610 547 ει
1635 492 1690 563 ).
1709 493 2052 565 perveniens
2069 507 2129 571 ⁴Α
2157 503 2402 550 sanctum
2433 535 2449 560 ,
2479 495 2711 554 Patrem
2726 494 2912 556 .Deum
2944 462 3287 568 baberejam
3317 493 3610 566 capimus.
3638 492 3782 566 ipse

337 609 352 620 ο
438 574 510 632 ad
537 574 711 633 Deum
742 576 838 650 qui
866 581 1084 636 orantis
1112 596 1340 651 pret-cm
1370 583 1568 641 audire
1595 588 1925 654 consuevit,
1959 587 2051 660 qui

439 679 528 728 est
557 671 883 730 benedictus
912 673 970 731 in
1001 675 1222 733 saecula.
1254 676 1454 736 Amen.

913 769 1335 834 TRACTATUS
1374 773 1495 833 XIV
1530 785 1579 832 ι.

712 864 786 924 In
824 878 986 942 caput
1023 885 1083 928 ιι
1113 869 1398 946 Evangelii
1433 873 1495 933 S.
1537 871 1801 932 Ilattlttei.

509 957 552 1018 ι.
598 955 809 1021 Deinde
839 965 955 1023 ait:
1005 963 1102 1023 Sic
1144 981 1268 1044 ergo
1310 967 1528 1024 ambitis
1568 967 1808 1044 (Matth.
1837 985 1926 1040 vr,
1957 969 2050 1043 9).

440 1051 715 1114 Dominus
743 1070 956 1127 noster,
973 1061 1078 1132 =qui
1107 1071 1332 1118 orantes
1359 1077 1422 1119 se
1449 1064 1715 1120 exaudire
1743 1067 2053 1133 consuevit,

434 1151 641 1223 quibus
673 1152 860 1210 verbis
875 1167 1048 1212 vorare
1074 1155 1381 1214 debeamus
1417 1158 1684 1216 ostendit.
1723 1159 1771 1216 0
1797 1176 1959 1232 quam
1993 1160 2057 1216 ﬁ-

440 1243 588 1302 delis
615 1245 747 1304 .btec
770 1255 832 1304 et
848 1247 1026 1306 beata
1055 1249 1220 1308 nobis
1248 1255 1434 1309 oratio
1464 1264 1550 1311 est
1568 1293 1586 1320 ,
1617 1254 1778 1326 cujus
1804 1256 2055 1312 ordinem

436 1338 603 1397 nobis
636 1340 836 1398 doctor
869 1344 1036 1404 vitze.
1081 1358 1147 1402 ac
1181 1347 1448 1419 magister
1483 1348 1735 1407 catastis
1763 1347 1876 1424 75
1900 1350 2060 1407 insti-

439 1433 590 1493 tuiti
620 1436 973 1506 Quambeati
1002 1440 1171 1498 etiam
1201 1457 1306 1500 nos
1335 1457 1460 1500 esse
1480 1459 1826 1518 possumus,
1857 1444 2057 1504 sihmo

440 1530 713 1587 Orationis
750 1530 1043 1590 dominica:
1086 1535 1252 1592 verba
1294 1530 1408 1594 non
1438 1545 1654 1596 tantum
1683 1537 1872 1596 ofﬁcio
1897 1539 2054 1610 oris,

439 1621 541 1681 sed
574 1621 902 1682 lidelissimo
929 1631 1370 1688 conversationis
1395 1639 1523 1686 actu
1551 1633 1870 1689 servemus!
1903 1631 2058 1688 lianc

437 1715 632 1789 itaque
673 1721 869 1777 orandi
917 1721 1154 1780 formam
1197 1725 1466 1782 Dominus
1492 1725 1798 1799 discipulis
1832 1728 1950 1784 suis
1985 1725 2056 1784 ad

445 1827 604 1884 spem
640 1813 850 1870 salutis
896 1813 1156 1874 humana:
1201 1819 1526 1888 constituit,
1567 1821 1845 1880 dicendo:
1895 1819 2057 1877 Pater

2157 585 2302 644 enim
2336 588 2482 646 Deus
2505 588 2670 646 Pater
2693 605 2835 647 unus
2861 600 2949 648 est
2973 588 3136 648 nobis
3148 630 3176 658 ι,
3203 587 3294 662 qui
3322 597 3616 661 regenerat
3640 586 3783 660 Spi-

2155 682 2266 738 ritu
2292 697 2428 750 suo,
2461 698 2604 756 quos
2629 683 2762 742 iacit
2791 683 3153 742 admternam
3174 681 3566 740 hereditatem
3596 680 3778 739 ﬁlios.

2155 774 2228 833 Et
2256 775 2382 834 ideo
2408 777 2569 852 quasi
2597 776 2697 834 lilii
2728 777 2828 836 Dei
2857 775 3468 845 artibulareldeltemus,
3499 790 3569 833 ne
3605 774 3783 832 aliter

2155 881 2383 942 agentes
2423 885 2587 942 quam
2615 871 2770 929 ﬁlios
2806 870 2908 930 Dei
2945 869 3237 939 convenit,
3279 870 3360 929 rei
3400 869 3507 928 sub
3535 865 3784 942 usurpo;

2156 963 2310 1022 tione
2341 967 2478 1022 tanti
2510 968 2751 1026 nominis
2783 975 3095 1024 teneamur.

2218 1055 2296 1114 ιι.
2329 1059 2574 1132 Aitergo
2601 1076 2618 1114 ε
2653 1056 2820 1114 Pater
2858 1069 3033 1115 noster
3057 1058 3148 1132 qui
3174 1074 3228 1114 es
3254 1057 3309 1114 in
3329 1053 3781 1128 cclis,sanctiﬁ-

2156 1162 2299 1208 cetur
2336 1168 2521 1210 nomen
2567 1165 2730 1210 tuum.
2766 1154 2885 1209 Non
2913 1151 3060 1226 quod
3106 1152 3180 1208 ab
3205 1152 3392 1224 aliquo
3435 1165 3640 1208 nomen
3668 1148 3780 1206 Dei

2157 1245 2490 1305 sanctiﬁcari
2537 1245 2735 1320 possit,
2762 1263 2888 1304 curn
2941 1234 3136 1318 omnes
3157 1246 3461 1303 sanctillcet
3491 1244 3633 1316 ipse,
3659 1243 3778 1316 qui

2158 1339 2234 1396 ait
2253 1355 2363 1412 per
2407 1339 2739 1411 Proplietam
2772 1359 2787 1395 :
2819 1339 3005 1397 Sancti
3025 1347 3209 1408 estote,
3239 1339 3378 1396 sicut
3421 1347 3470 1394 et
3491 1355 3585 1411 ego
3614 1353 3781 1393 sanc-

2157 1443 2240 1488 tus
2258 1451 2399 1501 sum,
2429 1433 2555 1489 dicit
2578 1431 2841 1490 Dominus
2889 1431 3091 1508 (Leuit.
3119 1448 3198 1500 ιι,
3229 1432 3323 1499 M;
3373 1446 3504 1498 xxx,
3531 1432 3630 1502 2).
3655 1429 3776 1489 Sed

2159 1527 2364 1586 idcirco
2393 1544 2592 1586 nomen
2619 1526 2790 1600 ipsius
2824 1526 3157 1586 sanctiﬁcari
3182 1529 3544 1600 postulamus,
3561 1526 3677 1602 77
3711 1536 3780 1583 ιιι

2160 1626 2216 1682 in
2248 1626 2406 1684 nobis
2457 1627 2832 1684 sanctiﬁcatur
2865 1642 2962 1695 per
2999 1641 3166 1698 opera
3192 1625 3448 1697 justitim,
3493 1639 3594 1697 per
3624 1624 3776 1681 ιιιιεί

2159 1721 2442 1783 meritum.
2473 1736 2570 1791 per
2613 1719 3112 1793 gratiamSpirit‘us
3129 1718 3327 1775 sancti.
3361 1718 3536 1786 Quam
3562 1718 3781 1774 sancti-

2161 1813 2498 1881 ﬁcationem,
2549 1824 2610 1871 ut
2657 1830 2756 1888 per
2803 1814 3126 1884 hujusmodi
3163 1814 3309 1871 dona
3332 1816 3588 1885 accipere
3642 1830 3777 1886 pos-

445 1915 627 1962 nostsr
649 1906 819 1980 quiin
846 1908 990 1966 catis
1013 1926 1066 1966 es
1097 1908 1284 1983 (Ibid.
1304 1912 1351 1986 ).
1378 1913 1599 1983 Quanta
1639 1913 1860 1973 Domini
1903 1919 2052 1972 circa
2081 1924 2132 1989 Β
2155 1913 2349 1978 simus,
2375 1909 2765 1967 misericordiae
2791 1911 3244 1984 ipsiusauxilium
3262 1912 3637 1970 necessarium
3658 1919 3774 1968 est.

451 2012 558 2056 nos
588 1997 868 2058 dilectio!
900 2002 1114 2072 Quanta
1161 2006 1542 2064 misericordia
1584 2007 1703 2082 ejus
1739 2017 1801 2068 et
1836 2013 2012 2082 pietas
2033 2051 2050 2079 ,

443 2108 572 2165 qua:
599 2094 760 2153 nobis
791 2103 961 2154 tanta
987 2101 1182 2172 gratiae
1208 2115 1410 2160 munus
1440 2104 1703 2174 indulsit,
1733 2113 1795 2162 ut
1827 2107 2056 2163 licenter

438 2187 737 2248 Dominum
766 2204 832 2248 ac
859 2190 1034 2250 Deum
1065 2204 1318 2252 nostrum
1341 2237 1358 2264 ,
1393 2197 1552 2254 servi
1601 2197 1820 2256 Patrem
1867 2201 2056 2258 dicere

437 2281 775 2342 audeamus!
823 2285 966 2357 Quo_
990 2290 1259 2347 vocabulo
1284 2305 1392 2348 non
1415 2291 1531 2364 jam
1571 2301 1780 2350 tantum
1821 2309 2052 2362 servos,

431 2378 533 2438 sed
561 2379 734 2437 etiam
765 2378 912 2438 ﬁlios
933 2397 1035 2439 nos
1061 2383 1318 2444 Deiesse
1342 2385 1703 2445 demonstrat.
1733 2389 1952 2446 Etcum
1982 2389 2053 2446 ad

432 2473 672 2546 gratiam
702 2475 840 2532 satis
867 2490 1150 2550 superque
1177 2479 1496 2548 sul‘ﬁceret,
1531 2492 1593 2539 ut
1614 2483 1713 2540 vel
1749 2485 1898 2541 servi
1941 2483 2052 2541 dici

441 2569 1215 2642 tantummodomereremur,
1239 2577 1294 2632 in
1309 2585 1521 2633 tantum
1543 2577 1788 2636 charitas
1810 2576 1907 2636 Del
1926 2593 2057 2636 esa-

445 2661 712 2722 bundavit
732 2705 750 2732 ,
782 2676 845 2722 ut
873 2682 988 2724 non
1031 2670 1211 2727 solum
1253 2671 1433 2739 servi,
1475 2672 1571 2729 sed
1603 2683 1662 2728 et
1694 2673 1790 2729 lilii
1825 2671 2058 2746 Dei=per

439 2755 797 2832 adoptionem
839 2776 1119 2819 vocemur.
1161 2761 1336 2836 Cujus
1373 2765 1616 2822 nominis
1647 2768 1914 2838 gratiam,
1957 2783 2055 2838 per

436 2852 608 2912 ﬁdem
641 2854 1001 2914 credentibus
1036 2854 1268 2916 Christo
1300 2859 1597 2928 donatam,
1649 2861 1709 2918 in
1755 2861 2056 2934 Evangelia

434 2946 682 3009 Joannes
705 2951 955 3010 Ostendit
975 2993 994 3019 ,
1025 2951 1307 3011 dicendo:
1340 2955 1608 3026 Quotquot
1638 2955 1970 3013 crediderunt
1998 2957 2054 3013 in

438 3060 564 3103 sunt
580 3084 600 3114 ,
617 3043 772 3102 dedit
792 3047 878 3103 eis
903 3056 1217 3116 potestatein
1235 3045 1377 3120 ﬁlios
1403 3047 1499 3105 Dei
1517 3049 1636 3120 ﬁeri
1653 3090 1671 3117 ,
1701 3048 1906 3124 ltisqu
1931 3066 2052 3107 ere-

425 3128 576 3198 ;dunt
601 3142 659 3197 in
690 3140 905 3199 nomine
926 3140 1084 3212 ejus:
1110 3141 1203 3216 qui
1227 3158 1334 3198 non
1367 3158 1435 3200 ex
1467 3142 1814 3218 sanguinibus
1832 3184 1850 3212 ,
1891 3161 2055 3216 neque

427 3248 512 3293 res
539 3235 804 3292 voluntate
837 3233 1012 3292 carnis
1033 3275 1051 3302 ,
1093 3251 1258 3306 neque
1282 3252 1359 3294 ea:
1397 3236 1668 3294 voluntate
1705 3237 1804 3294 viri
1824 3240 1960 3303 ,sed
1988 3255 2056 3296 ea:

2160 2003 2361 2062 Verum
2391 2019 2501 2061 non
2530 2015 2656 2078 eget
2686 2005 2868 2076 aliqua
2895 2003 3332 2064 sanctiﬁcatione
3351 2007 3459 2064 ille
3479 2047 3494 2076 ,
3525 2006 3620 2080 qui
3646 2007 3779 2062 lous

2147 2098 2576 2157 estsanctitatis
2604 2108 2848 2158 mternae.

2228 2192 2320 2250 ιιι.
2353 2191 2564 2251 Deinde
2587 2193 2708 2250 ait:
2741 2193 3000 2250 Adveniet
3019 2210 3236 2269 regnum
3256 2203 3407 2251 tuum
3433 2193 3653 2269 (lauit.
3675 2208 3733 2251 vt
3754 2236 3773 2263 ,

2159 2286 2276 2358 ιο).
2309 2284 2579 2344 Similiter
2605 2297 2662 2343 et
2692 2286 2781 2344 hic
2804 2302 2913 2345 non
2937 2288 3051 2346 Deo
3070 2301 3324 2362 optamus
3357 2298 3416 2345 ut
3437 2303 3651 2362 regnet,
3671 2288 3776 2361 qui

2156 2380 2274 2438 Rea
2295 2389 2384 2437 est
2409 2389 2742 2438 aeternorum
2778 2383 3153 2450 saeculorum;
3203 2385 3365 2454 cujus
3406 2398 3635 2456 regnum
3665 2397 3776 2440 nec

2156 2474 2375 2532 initium
2407 2474 2572 2532 liabet
2625 2490 2731 2536 nec
2775 2477 2974 2534 ﬁnem:
3023 2479 3122 2533 sed
3149 2488 3210 2534 ut
3239 2477 3371 2533 illud
3429 2493 3683 2549 regnum,
3711 2476 3773 2534 id

2155 2580 2242 2627 est
2261 2571 2492 2629 t-mleste
2517 2571 2665 2642 quod
2695 2571 2857 2629 nobis
2887 2571 3175 2645 promisit,
3206 2572 3477 2631 adveniat.
3513 2571 3623 2632 Sed
3654 2587 3776 2629 ma-

2144 2679 2281 2737 gna:
2309 2663 2526 2721 ﬁducia:
2547 2677 2603 2722 et
2625 2665 2859 2722 sincera:
2897 2665 3253 2723 conscientia:
3283 2676 3389 2732 est,
3425 2666 3530 2722 ltoc
3553 2667 3772 2723 Domini

2158 2773 2389 2832 regnum
2416 2767 2477 2816 ut
2501 2759 2780 2826 adveniat,
2811 2761 3158 2818 conﬁdenter
3185 2770 3399 2834 optare.
3441 2760 3512 2817 Et
3539 2761 3768 2830 idcirco,

2156 2851 2306 2924 quia,
2337 2866 2393 2908 ut
2415 2868 2654 2926 regnum
2687 2853 2783 2912 Dei
2829 2854 3292 2926 vettiat,.-seutper
3319 2869 3586 2924 oramus;
3625 2855 3775 2912 tales

2157 2959 2261 3002 nos
2291 2945 2344 3001 in
2364 2943 2475 3002 ﬁde
2507 2946 2722 3005 Domini
2747 2958 2804 3006 et
2834 2945 2893 3006 in
2915 2949 3190 3004 mandatis
3219 2949 3346 3017 eius
3373 2948 3643 3006 exhibere
3670 2947 3772 3006 de-

2157 3039 2375 3108 bemus,
2399 3048 2466 3098 ut
2492 3041 2876 3114 luturoregno
2897 3043 3048 3115 digni
3076 3057 3206 3101 esse
3237 3041 3538 3115 possimus.

2226 3130 2318 3190 Ν.
2346 3133 2560 3190 Βειιὶιιο
2587 3135 2699 3190 ait:
2731 3131 2858 3190 Fiat
2889 3137 3127 3191 voluntas
3162 3145 3278 3202 tua,
3307 3135 3443 3193 sicut
3469 3136 3528 3192 in
3569 3135 3697 3193 mlo
3717 3144 3772 3192 et

2152 3226 2213 3282 in
2238 3234 2378 3284 terra
2399 3226 2616 3302 (Νι).
2646 3228 2755 3286 Par
2773 3244 2996 3302 quoque
3024 3243 3079 3286 et
3095 3231 3188 3286 hic
3216 3229 3598 3300 intelligentia:
3626 3232 3774 3287 ratio

442 3325 558 3386 Deo
583 3327 695 3384 nati
707 3339 838 3384 sunt
871 3323 1076 3401 (Joan.
1103 3343 1156 3397 ι,
1188 3328 1291 3397 12,
1323 3329 1393 3387 15
1417 3330 1458 3403 ).
1490 3329 1730 3390 υιιάετει
1754 3332 2048 3403 Apostolus

2158 3328 2258 3378 est.
2290 3319 2411 3378 Non
2437 3321 2585 3378 enim
2624 3321 2914 3394 quisquam
2945 3334 3054 3390 est,
3088 3324 3195 3395 qui
3227 3324 3503 3380 obsistere
3533 3332 3605 3380 -ει
3633 3337 3770 3379 conv

438 3421 554 3480 ait:
591 3420 855 3492 Quoniam
879 3433 1057 3478 autent
1084 3426 1212 3480 estis
1239 3425 1340 3496 ﬁlii
1365 3423 1465 3481 Dei
1484 3468 1503 3495 ,
1520 3427 1675 3482 misit
1702 3425 1846 3483 Deus
1876 3429 2054 3500 Spiri-

440 3527 555 3575 tum
580 3514 716 3574 Filii
738 3517 826 3574 sui
851 3517 1094 3576 incortla
1118 3530 1289 3578 vestra
1313 3524 1623 3579 clamantem
1640 3565 1659 3594 ,
1686 3524 1831 3582 Abba
1848 3566 1865 3592 ,
1887 3524 2054 3582 Pater

444 3607 594 3683 (Gal.
618 3625 702 3680 Iv,
731 3611 812 3680 6).
844 3613 986 3681 Quia
1017 3613 1186 3687 igitur
1216 3616 1357 3672 tanti
1388 3619 1634 3675 muneris
1661 3620 1893 3692 gratiam
1921 3637 2055 3678 con~

442 3709 622 3766 secuti
655 3722 885 3774 sumus,
925 3717 986 3764 ut
1013 3724 1119 3765 non
1149 3711 1333 3768 soium
1362 3714 1542 3780 servi,
1569 3713 1668 3770 sed
1707 3725 1763 3770 et
1803 3717 1901 3772 lilii
1926 3715 2051 3775 elﬁ-

438 3815 736 3870 caremur;
765 3801 924 3873 quasi
951 3802 1055 3859 lilii
1082 3803 1181 3861 Dei
1209 3819 1388 3878 agere
1429 3816 1487 3864 et
1523 3809 1842 3866 conversari
1881 3810 2052 3868 debe-

439 3912 604 3957 mus:
639 3897 782 3954 utid
815 3911 922 3954 nos
958 3913 1084 3955 esse
1119 3900 1268 3973 quod
1308 3901 1569 3972 dicimur,
1609 3905 1882 3976 spirituali
1910 3916 2052 3964 actu

440 3989 774 4065 probemus,
804 3993 1108 4049 secundum
1139 3993 1560 4067 quod-Joannes
1589 3996 1643 4054 in
1677 3995 1923 4070 Epistula
1948 4013 2049 4056 sua

433 4085 551 4143 ait:
583 4084 693 4153 Qui
719 4092 875 4143 tratus
902 4095 977 4142 est
1001 4092 1071 4144 ea
1095 4085 1241 4154 Deo,
1285 4103 1559 4163 peccatum
1601 4108 1705 4148 non
1743 4091 1871 4164 facit
1894 4134 1909 4160 ,
1937 4093 2050 4168 76

435 4185 561 4254 quia
589 4181 833 4237 natisitus
859 4178 966 4237 Dei
994 4185 1220 4240 custodit
1245 4186 1399 4241 illum
1423 4228 1438 4254 ,
1461 4199 1511 4242 et
1530 4186 1771 4244 diabolus
1798 4206 1902 4245 non
1931 4201 2041 4246 tam

435 4269 691 4348 git-illurn
720 4271 769 4344 (Ι
794 4269 960 4329 loca.
993 4289 1052 4343 ν,
1078 4277 1192 4350 l8).
1213 4275 1330 4346 (Qui
1363 4288 1538 4334 autent
1572 4291 1840 4350 peccatum
1873 4278 2041 4354 facit,

433 4381 549 4424 non
577 4376 664 4424 est
690 4381 759 4424 es
790 4365 940 4433 θοι),
979 4370 1079 4426 seti
1102 4389 1140 4425 α
1175 4371 1389 4426 diabolo
1415 4381 1491 4428 est
1513 4412 1529 4439 ,
1557 4373 1681 4446 quia
1712 4373 1953 4431 diabolus
1977 4375 2043 4431 ab

429 4458 586 4519 initio
613 4475 793 4536 peccat
819 4463 868 4535 (ι
888 4463 1049 4520 Joan.
1078 4480 1173 4533 ιιι,
1196 4465 1278 4536 8).
1307 4463 1378 4521 Et
1405 4463 1612 4523 idcirco
1637 4480 2040 4526 sacramentum

2158 3413 2430 3473 tradicere
2459 3414 2577 3473 Deo
2625 3417 2822 3489 possit,
2871 3431 2966 3485 ne,
3005 3415 3155 3488 quod
3188 3416 3342 3487 velit,
3393 3417 3596 3485 iaciat;
3637 3431 3767 3474 cnim

2157 3509 2435 3568 voluntate
2465 3511 2609 3584 ejus,
2640 3522 2697 3570 ει
2719 3515 2774 3568 in
2802 3514 2944 3570 οωιυ
2971 3527 3028 3571 ει
3057 3514 3300 3581 interra,
3335 3526 3536 3570 cuncta
3558 3513 3770 3572 consis-

2153 3612 2309 3662 tant:
2343 3606 2464 3671 sed.
2519 3615 2581 3664 ut
2607 3607 2665 3664 in
2696 3607 2855 3666 nobis
2899 3609 3156 3664 voluntas
3199 3607 3320 3680 ejus
3365 3611 3479 3667 liat.
3511 3623 3760 3666 oramus.

2157 3698 2418 3758 Voluntas
2446 3709 2632 3760 autem
2659 3703 2754 3760 Dei
2783 3715 2868 3762 est
2890 3744 2906 3773 ,
2937 3714 2997 3760 ut
3024 3715 3141 3760 toto
3168 3705 3337 3761 corde
3362 3703 3414 3760 ei
3441 3705 3760 3774 credentes,

2152 3796 2293 3861 haec,
2319 3811 2444 3869 qua:
2472 3797 2592 3854 ﬁeri
2638 3797 2908 3870 pracipit,
2940 3797 3286 3872 impleamus.
3321 3797 3402 3854 De
3425 3816 3532 3870 qua
3573 3802 3766 3858 voluu~

2151 3899 2263 3948 tate
2307 3893 2404 3949 Dei
2445 3893 2745 3964 Apostolus
2792 3900 3058 3961 testatur,
3093 3894 3320 3950 dicens:
3362 3891 3622 3949 Voluntas
3661 3891 3765 3950 Dei

2113 3987 2116 3990 ’
2147 4000 2226 4047 est
2251 3988 2596 4059 sanctiﬁcatio
2625 4000 2814 4057 vestra,
2845 4000 2900 4045 ut
2938 3988 3245 4046 abstinentia
3269 4006 3357 4046 vos
3385 4006 3421 4046 ο
3456 3988 3763 4047 carnalibus

2149 4083 2578 4155 concupiscentiis
2601 4083 2622 4157 (
2647 4084 2666 4138 ι
2694 4081 2878 4139 Thess.
2905 4083 3043 4150 tv,-5
3063 4089 3108 4154 ).
3142 4082 3222 4139 De
3249 4097 3361 4156 quo
3393 4089 3464 4141 -ει
3496 4082 3763 4140 Dominus

2147 4181 2260 4255 78
2288 4182 2339 4234 in
2382 4178 2680 4250 Evangelia
2711 4180 2928 4237 locutus
2971 4177 3350 4245 est,-dicens:
3393 4176 3525 4234 Hec
3554 4187 3646 4235 est
3673 4194 3763 4235 ss-

2147 4273 2320 4327 luntas
2351 4270 2534 4326 Patris
2561 4273 2660 4327 mei
2685 4273 2774 4345 qui
2806 4271 2946 4329 misit
2971 4288 3076 4339 nte,
3107 4281 3164 4327 ut
3182 4276 3351 4326 omnis
3378 4271 3468 4342 qui
3492 4273 3631 4328 uidet
3659 4269 3765 4327 Fi-

2144 4371 2274 4425 lium
2324 4378 2373 4423 et
2409 4369 2585 4424 credit
2612 4368 2685 4424 -in
2708 4385 2791 4436 eo,
2827 4367 3023 4424 .Itabeat
3069 4369 3225 4422 uitam
3271 4381 3518 4423 aeternam
3556 4365 3756 4442 (Joan.

2146 4482 2220 4531 vr,
2249 4465 2368 4533 40).
2400 4465 2537 4521 Cum
2578 4464 3022 4538 ergovdicimus:
3050 4461 3176 4520 Fiat
3216 4463 3452 4519 voluntas
3476 4473 3596 4529 tua,
3625 4463 3761 4520 sicut

430 4554 674 4614 calcatis
714 4558 1016 4615 nativitatis
1056 4569 1265 4615 nostra:
1308 4557 1722 4628 custodientes,
1775 4561 1846 4616 ab
1891 4561 2043 4619 omni
2143 4561 2200 4616 in
2223 4558 2351 4617 calo
2371 4560 2502 4615 etin
2531 4559 2844 4626 terrsrhoc
2869 4574 3114 4628 oramus,
3141 4557 3196 4614 id
3223 4568 3417 4627 est,'ut
3472 4558 3640 4614 sicuti
3661 4556 3756 4614 Dei

433 4654 663 4724 peccato
697 4649 870 4709 alieni
909 4666 1035 4710 esse
1074 4650 1374 4722 debemus,
1406 4662 1634 4711 ut'vcre
1665 4653 1758 4710 lilii
1803 4655 1896 4712 Dei
1926 4655 2039 4714 dici
2145 4656 2405 4711 voluntas
2431 4654 2503 4711 ab
2529 4655 2741 4728 angelis
2771 4653 3012 4712 ﬁdeliter
3033 4651 3344 4711 custoditur
3370 4655 3426 4709 in
3453 4654 3649 4723 oculis;
3683 4654 3756 4708 ita

433 4743 523 4800 vel
550 4757 679 4803 esse
708 4762 1042 4804 mereamur.
1055 4745 1261 4805 Sciunt
1279 4756 1335 4804 et
1360 4749 1536 4806 sancti
1563 4748 1858 4824 Propheta:
1882 4750 2043 4824 hujus
2069 4752 2125 4814 Β
2149 4766 2363 4822 quoque
2389 4767 2420 4808 a
2448 4749 2614 4808 nobis
2641 4750 2901 4822 religiosa
2928 4765 2994 4806 ac
3040 4750 3186 4808 tideli
3215 4744 3512 4807 devotione
3537 4763 3758 4820 setnper

428 4837 638 4899 divina:
676 4839 1072 4899 misericordia
1120 4847 1386 4916 gratiam,
1430 4844 1487 4900 in
1523 4860 1629 4916 qua
1672 4844 1832 4903 nobis
1859 4847 2041 4903 Deum
2134 4861 2397 4905 servetur
2423 4846 2478 4903 in
2507 4856 2680 4904 terra.
2707 4846 2846 4913 Qum
2866 4847 3122 4904 voluntas
3150 4854 3213 4902 ut
3238 4845 3292 4902 in
3323 4844 3484 4901 nobis
3507 4847 3757 4917 ritepos-

427 4931 648 4994 Patrem
677 4951 999 5008 nuncupare
1022 4938 1347 5016 permissum
1374 4949 1492 4998 est.
1522 4940 1931 4999 dicentelsaia:
1962 4941 2044 4999 Tu
2143 4943 2217 4998 sit
2272 4943 2511 5016 impleri,
2557 4943 2679 4998 sine
2719 4941 3128 4998 intermissione
3174 4939 3376 4997 divina:
3422 4938 3756 5011 dignationis

415 5045 485 5086 ea
510 5031 650 5086 enirn
680 5027 844 5088 Pater
858 5040 1048 5088 noster
1069 5049 1090 5087 :
1111 5035 1237 5104 quia
1254 5034 1520 5090 Abraham
1540 5052 1645 5091 non
1665 5037 1902 5108 cognovit
1923 5055 2039 5107 nos,

411 5133 478 5182 at
505 5123 679 5183 Israel
705 5143 812 5182 non
839 5127 1080 5200 cognovit
1097 5143 1217 5193 nos,
1245 5130 1440 5196 δράμω,
1467 5127 1710 5197 Dauniae,
1737 5130 1896 5187 Pater
1922 5149 2041 5188 nos»

423 5227 539 5287 let‘,‘
581 5219 648 5274 ob
667 5215 837 5276 initio
863 5236 1054 5276 nomen
1077 5230 1410 5296 tuum-super
1438 5240 1532 5279 nos
1559 5233 1635 5279 est
1666 5225 1684 5298 (
1708 5224 1843 5282 lsai.
1868 5240 2033 5294 unt,

426 5309 552 5384 ιιι).
582 5303 851 5371 $militer
878 5323 936 5371 et
964 5313 1263 5372 Malacltias
1289 5317 1348 5372 in
1373 5317 1514 5373 lilii‘ll
1535 5334 1637 5373 suo
1666 5328 1918 5388 testatur,
1950 5321 2034 5376 di-

415 5415 601 5464 cens:
632 5403 784 5463 Unus
807 5417 884 5464 est
909 5424 1046 5464 enim
1068 5405 1232 5468 Pater
1253 5412 1492 5467 omnium
1515 5422 1748 5469 nostrum
1773 5413 2033 5487 (Πειθώ.

426 5511 504 5566 ιι,
535 5497 645 5571 ιο).
681 5500 900 5570 Quanta
933 5502 1151 5561 Domini
1192 5505 1609 5563 misericordia!
1650 5508 1752 5578 Qui
1788 5509 1898 5580 jam
1934 5510 2037 5566 du-

423 5591 559 5651 dum
590 5595 754 5653 nobis
781 5607 998 5669 patrem
1027 5597 1311 5658 diabolum
1344 5602 1628 5659 voluntate
1657 5606 1879 5676 propria
1909 5604 2036 5662 ads-

421 5684 773 5756 civeratnus,
833 5705 981 5748 nunc
1033 5690 1210 5748 renati
1266 5707 1363 5764 per
1413 5707 1612 5765 aquam
1661 5703 1720 5751 et
1765 5696 2033 5769 Spiritum

501 5838 529 5868 ι
562 5829 720 5898 Apud
769 5831 1069 5891 Galland.:
1120 5831 1453 5892 Tucuros
1497 5832 1617 5892 Xlll
1646 5837 1702 5892 in
1733 5837 1797 5895 S.
1831 5837 2026 5897 Matth.

427 5898 797 5974 Euangeliunt.

496 5972 528 6016 δ
563 5972 723 6035 Hunc
761 5981 945 6038 locum
992 5980 1153 6039 valde
1202 5980 1553 6052 mendosum,
1603 5983 1774 6043 immo
1809 5985 2032 6059 absque

2141 5038 2401 5094 auxilium
2435 5037 2823 5110 postulandum
2853 5044 2972 5094 est.
2992 5032 3035 5074 ’δ
3063 5035 3160 5093 Vel
3187 5043 3381 5094 certe:
3413 5031 3541 5089 Fiat
3573 5036 3758 5091 uoluit:

2142 5144 2221 5188 tas
2247 5143 2356 5200 tua,
2389 5135 2525 5189 sicut
2553 5134 2767 5190 iit-celo
2793 5140 2841 5188 et
2872 5131 2927 5188 in
2951 5141 3124 5188 terra:
3160 5139 3219 5188 ut
3244 5138 3390 5187 sicut
3417 5128 3472 5185 in
3501 5131 3672 5196 ccio,
3700 5129 3756 5188 id

2143 5238 2248 5294 εει,
2273 5227 2326 5284 in
2351 5231 2558 5286 sanctis
2582 5243 2649 5283 ac
2667 5227 2988 5286 cmlestibus
3007 5226 3347 5289 horninibus,
3380 5225 3479 5284 Dei
3504 5227 3757 5286 voluntas

2146 5322 2542 5392 impleturtita
2561 5339 2779 5396 quoque
2808 5325 2863 5381 in
2887 5334 3060 5389 terra,
3080 5324 3133 5378 id
3164 5333 3272 5392 est,
3308 5322 3362 5379 in
3392 5322 3482 5380 liis
3504 5324 3758 5397 qni'nec-

2135 5417 2265 5474 dum
2298 5419 2802 5491 crediderunt,‘per
2839 5420 3226 5478 credulitatem
3255 5420 3380 5478 ﬁdei
3410 5428 3471 5477 et
3486 5421 3754 5480 veritatis

2124 5514 2530 5586 cognitionem,
2565 5525 2624 5572 ut
2648 5516 2745 5573 Dei
2779 5517 2870 5572 ﬁat
2894 5516 3180 5585 voluntas,
3212 5503 3458 5574 oramus.

2213 5607 2276 5663 ν..
2334 5609 2544 5667 Dehinc
2570 5610 2688 5666 ait:
2739 5609 2942 5666 Panem
2995 5620 3229 5668 nostrum
3269 5611 3639 5686 quotidianum
3685 5616 3756 5672 de

2137 5703 2289 5757 nobis
2320 5702 2475 5758 hodie
2497 5703 2518 5777 (
2540 5702 2734 5760 lauit.
2767 5719 2822 5761 Vl
2849 5744 2863 5771 ,
2895 5702 3023 5775 11).
3055 5703 3272 5777 Duplici
3302 5707 3468 5762 modo
3497 5705 3607 5765 hoc
3646 5707 3757 5768 Do-

2133 5857 2301 5900 sensu
2324 5886 2340 5909 ,
2372 5844 2428 5902 in
2459 5846 2705 5903 editione
2733 5846 3032 5912 Gallandii,
3081 5865 3185 5906 nec
3229 5865 3337 5907 non
3375 5851 3432 5907 in
3482 5851 3750 5913 Biblioth.

2133 5915 2624 6000 PgdLugdunqet
2652 5923 2792 6000 apud
2818 5921 3136 6000 Gryneum.
3162 5939 3229 5978 ex
3246 5923 3552 5984 Bastleettsi
3573 5929 3752 6000 prima

2134 5990 2379 6048 editione
2404 6007 2521 6049 sua:
2551 5990 2854 6065 integritati
2885 5990 3248 6052 restituimus.

3807 5985 3854 6176 I
