3910 6238
370 342 468 402 385

1466 337 1659 403 JUSTI
1699 337 2074 401 PONTANINI
2115 338 2577 403 DlLUCiDATiO.

3591 318 3757 402 ass

369 454 537 513 mines
561 466 662 526 per
692 454 985 512 Austriam
1021 455 1178 531 117
1208 453 1587 529 reliquamque
1630 456 1984 516 Germaniam
2011 463 2063 524 Α
2091 468 2200 526 tur,
2242 459 2314 515 ita
2344 459 2601 517 rEmilius
2626 458 2925 517 Beneventi
2957 460 3275 532 episcopus,
3317 458 3701 543 Cytbegiuset

372 548 681 620 ingruente,
732 554 795 604 ct
841 550 1037 619 procul
1081 543 1195 605 uos'
1230 548 1559 616 minitante;
1610 552 1819 606 utinam
1869 564 1984 607 nou

369 644 569 716 prope!
600 641 717 700 Nec
745 642 933 701 solum
961 642 1337 702 Eusebianam
1383 642 1699 714 historiam,
1724 643 1825 701 sed
1863 641 1986 701 Ori-
2025 646 2029 651 “

368 739 529 812 genis
558 737 818 796 bomilias
861 738 959 806 26,
1010 740 1067 795 in
1116 738 1381 810 losuem,
1431 753 1535 798 seu
1574 738 1763 797 lesum
1809 737 1982 795 tilium

367 834 543 903 ﬂave,
585 835 863 916 latinitate
904 834 1158 903 donatas,
1189 832 1513 904 Chromatio,
1540 832 1637 908 qui
1676 833 1733 891 id
1776 833 1984 892 laboris

364 931 443 989 ab
476 946 548 989 eo
576 930 945 1003 ﬂagitaverat,
979 930 1216 986 Rufinus
1244 929 1481 1004 prologo
1502 927 1863 1002 nuncupavit,
1888 926 1986 1000 qui

364 1022 512 1081 falso
554 1022 954 1097 HierOnymum
1002 1032 1286 1082 auctorem
1335 1022 1566 1096 praefert
1618 1022 1762 1081 inter
1811 1036 1985 1095 opera

363 1118 626 1191 Origenis
650 1116 913 1175 editionis
942 1117 1179 1186 Erasmi,
1210 1115 1445 1175 Basileae
1471 1118 1617 1190 apud
1644 1115 1985 1175 Frobenium

366 1212 540 1277 1557,
572 1222 726 1270 temo
755 1210 801 1280 ι,
831 1226 957 1283 pag.
988 1210 1117 1269 518.
1148 1208 1383 1267 Rutinus
1404 1209 1495 1267 bis
1519 1209 1701 1267 verbis
1730 1206 1986 1264 Chroma-

366 1308 505 1362 tium
535 1306 743 1364 ibidem
772 1306 1113 1378 alloquitur:
1141 1305 1279 1376 Quia
1298 1322 1421 1379 ergo
1442 1312 1493 1361 et
1517 1312 1598 1374 tu,
1624 1320 1657 1359 o
1683 1303 1757 1359 mi
1781 1319 1986 1374 semper

362 1400 677 1459 uenerabilis
702 1410 850 1476 pater
879 1399 1171 1469 Chromati,
1202 1399 1439 1473 injungis
1462 1409 1511 1455 et
1535 1398 1781 1471 praecipis
1809 1398 1983 1467 nobis,

363 1505 427 1553 ut
471 1494 680 1569 aliquid
707 1495 777 1551 ad
804 1493 1203 1565 adiﬁcationem
1247 1501 1300 1549 et
1350 1492 1791 1548 constructionem
1819 1491 1985 1547 divini

365 1586 696 1647 tabernaculi
721 1604 787 1645 ex
815 1586 1116 1644 Grtccorum
1144 1585 1331 1659 opibus
1356 1593 1407 1645 et
1439 1585 1606 1660 copiis
1627 1588 1983 1659 conferamus,

362 1680 732 1739 mtiunculas
756 1680 829 1737 26
856 1681 912 1735 in
935 1678 1121 1736 Jesum
1170 1678 1345 1749 Nave,
1390 1696 1523 1752 quas
1551 1695 1617 1735 ea:
1645 1688 1879 1751 tempore
1927 1680 1986 1737 in

363 1769 610 1834 Ecclesia
622 1774 887 1849 peroravit
906 1775 1257 1831 Adamantius
1286 1791 1475 1843 senex,
1505 1790 1571 1833 ex
1586 1774 1767 1833 (ἔνθεο
1796 1773 1986 1834 Latine

2086 553 2433 612 Gaudentius
2474 544 2663 627 legati,
2692 570 2796 611 una
2831 568 2954 610 cum
2992 554 3369 612 Valentiniano
3395 565 3453 611 et
3478 554 3699 610 Bonita-

2085 649 2174 706 cio
2194 648 2555 723 presbyteris,
2588 660 2794 720 praeter
2826 645 3022 721 synodi
3053 646 3419 727 Occidentalis
3455 661 3703 704 commo-

2082 742 2371 810 nitorium,
2423 742 2667 801 tulerunt
2712 740 3250 814 Constantinopolim
3292 742 3363 807 ad
3400 742 3697 814 Arcadium

2085 834 2395 909 Augustum
2426 834 2591 919 Ani).
2623 834 2754 906 406,
2783 844 2839 892 et
2870 836 3069 892 litteras
3094 834 3419 909 imperatoris
3450 834 3701 906 Honorii,

2086 927 2383 987 Innocentii
2423 939 2473 986 et
2506 928 2771 985 Italorum
2795 930 3180 1003 episcoporum,
3208 927 3497 986 Chromatii
3539 929 3703 1002 Aqui-

2085 1022 2320 1091 leiensis,
2370 1032 2419 1080 et
2470 1022 2684 1079 Vener-ii
2734 1022 3179 1093 Mediolanensis,
3215 1033 3388 1098 atque
3436 1021 3699 1093 aliorum,

2086 1124 2230 1176 teste
2257 1117 2458 1176 eodem
2488 1116 2754 1184 Palladio,
2786 1134 2909 1191 cap.
2938 1118 2997 1187 4,
3027 1134 3153 1194 pag.
3181 1115 3281 1175 51.
3319 1117 3400 1176 Ex
3425 1117 3513 1176 bis
3538 1118 3702 1176 colli-

2082 1210 2271 1284 gimus
2304 1211 2687 1282 Chromatium,
2725 1227 2835 1269 non
2862 1213 3040 1270 solum
3061 1212 3136 1270 ad
3154 1214 3484 1282 Honorium,
3509 1202 3702 1271 sed'ad

2085 1303 2387 1363 Arcadium
2410 1320 2631 1377 quoque
2659 1306 2878 1363 litteras
2906 1306 3133 1363 dedisse
3158 1308 3215 1369 iu
3245 1320 3410 1363 causa
3430 1306 3705 1381 Citrysos-

2092 1396 2261 1463 tomi;
2302 1397 2465 1472 118
2490 1408 2656 1469 atque
2696 1396 2826 1453 hinc
2873 1408 3021 1469 patet
3048 1395 3238 1469 quanti
3269 1397 3491 1456 habitus
3511 1398 3702 1475 luerit,

2088 1497 2205 1545 tum
2239 1498 2300 1546 ut
2322 1492 2408 1546 vir
2435 1490 2729 1547 sanctitate
2748 1500 2806 1546 et
2832 1490 3083 1548 doctrina
3111 1492 3468 1565 conspicuus,
3496 1482 3618 1551 tum
3640 1503 3705 1552 ut

2086 1586 2470 1659 Aquileiensis
2498 1588 2875 1660 metropolita.
3100 1640 3103 1643 λ

2160 1678 2272 1738 γη.
2305 1678 2581 1745 Baronius
2606 1679 2675 1736 Α.
2702 1680 2767 1737 D.
2796 1679 2929 1750 405,
2956 1679 2986 1754 ᾗ
3018 1682 3107 1751 17,
3127 1698 3201 1740 ex
3225 1682 3608 1759 Cbrysostomi
3627 1684 3699 1745 ad

2087 1775 2464 1845 Chromatium,
2502 1776 2827 1843 Venerium,
2852 1782 2911 1833 et
2954 1775 3320 1836 Gaudentium
3356 1779 3703 1849 Brisianum,

363 1872 460 1930 tibi
482 1888 583 1945 pro
610 1872 801 1928 virium
827 1888 1060 1929 mearum
1088 1871 1346 1946 parvitate
1362 1871 1611 1931 disserui.
1637 1872 1759 1931 lam
1777 1872 1847 1931 ad
1873 1872 1981 1929 alia
2004 1871 2060 1937 Β
2086 1868 2309 1936 litteris,
2342 1886 2469 1941 qua:
2497 1864 3113 1942 supersunt,observat,
3140 1870 3363 1930 eosdem
3386 1873 3703 1947 episcopos,

365 1968 762 2042 procedamus.

437 2061 533 2119 Vl.
570 2060 814 2119 Joannes
841 2062 1276 2137 Cbrysostomus
1309 2066 1381 2123 Δ.
1408 2064 1475 2121 D.
1493 2064 1605 2123 ωδ
1632 2062 1816 2124 esede
1833 2060 1983 2122 Con-

365 2154 865 2225 stantinopolitana
897 2156 1066 2229 impie
1091 2156 1377 2227 detrusus,
1406 2166 1465 2215 et
1483 2157 1711 2215 exulare
1734 2168 1983 2226 coactus,

369 2250 442 2307 ab
470 2250 798 2309 Innocentio
826 2250 1078 2310 Romano
1097 2252 1380 2324 pontiﬁce,
1397 2252 1805 2327 prccipuisque
1826 2252 1987 2310 Occi-

365 2343 556 2402 dentis
593 2346 962 2417 metropolitis
1000 2361 1163 2418 opem
1210 2347 1538 2419 implorans,
1568 2356 1771 2423 prteter
1799 2346 1984 2404 Venno

366 2435 517 2495 rium
545 2438 1035 2507 Mediolanensem,
1061 2437 1419 2496 Chromatium
1447 2440 1615 2496 etiam
1658 2438 1985 2510 Aquileien-

366 2546 493 2591 sem
537 2530 856 2603 episcopum
906 2533 978 2590 de
1023 2532 1142 2591 suis
1188 2534 1451 2597 aerumnis
1488 2534 1782 2592 certiorem
1828 2532 1981 2601 fecit,

365 2626 607 2699 singulis
634 2643 800 2684 unam
829 2628 1189 2702 eamdemque
1208 2628 1499 2701 epistolam
1519 2631 1793 2697 scribens,
1818 2645 1982 2704 quam

365 2721 652 2780 Palladius
694 2722 1192 2795 Helenopolitanus
1228 2722 1530 2791 recinui-
1562 2722 1687 2781 Vita
1717 2722 1985 2796 Cbrysos-

365 2813 532 2884 tomi,
562 2831 685 2889 cap.
709 2816 766 2883 2,
800 2832 927 2888 pag.
956 2816 1048 2887 1ο,
1071 2816 1179 2885 22;
1198 2814 1403 2890 quippe
1421 2817 1727 2889 antiquittm
1745 2816 1802 2875 in
1827 2832 1983 2877 more

367 2910 615 2983 positqu
656 2910 781 2981 fuit,
816 2920 874 2968 ut
915 2920 1042 2984 post
1068 2926 1340 2969 summum
1374 2911 1690 2985 pontiﬁcem
1722 2910 1981 2984 praecipui

366 3005 493 3076 ejus
520 3004 891 3077 metropolittc
911 3004 982 3061 de
1006 3005 1219 3077 magnis
1239 3003 1511 3062 Ecclesiae
1533 3004 1766 3081 negotiis
1782 3003 1983 3065 edoce-

365 3104 587 3161 rentur,
632 3096 1095 3169 quemadmodum
1138 3111 1210 3155 ea
1257 3096 1362 3155 boc
1408 3097 1559 3155 laeto
1598 3096 1982 3171 Cbrysostomi

360 3192 615 3249 ostendit
642 3192 1010 3265 Hieronymus
1029 3190 1312 3251 Alcander
1334 3192 1528 3265 iunior
1550 3194 1618 3249 de
1638 3192 1980 3265 [legionibus

2086 1979 2199 2023 non
2226 1964 2465 2039 paciﬁcis
2493 1972 2730 2033 tantum,
2776 1964 2875 2021 sed
2919 1964 3087 2022 etiam
3138 1967 3380 2039 formatis
3419 1981 3546 2024 cum
3580 1967 3707 2027 viro

2086 2074 2289 2132 magno
2317 2059 2775 2117 communicasse.
2812 2058 2905 2115 Hae
2932 2067 3121 2125 tamen
3159 2059 3509 2119 interierunt.
3530 2060 3706 2137 Epis-

2088 2154 2259 2211 tolam
2314 2151 2702 2227 Cbrysostomi
2744 2152 2815 2209 ad
2860 2152 3238 2226 Chromatium,
3270 2172 3397 2228 qua:
3435 2165 3524 2216 est
3573 2156 3702 2229 105,

2085 2246 2353 2319 integram
2380 2248 2489 2305 line
2508 2264 2579 2305 ex
2595 2258 2743 2304 torno
2762 2247 2849 2315 IV,
2867 2246 3267 2318 Opusculorunt
3290 2264 3415 2325 pag.
3427 2248 3561 2319 νει,
3574 2250 3703 2309 edi-

2090 2340 2255 2398 tionis
2284 2339 2584 2399 Frontonis
2627 2339 2809 2397 ι)αωί
2837 2339 2993 2397 lubet
3022 2344 3347 2413 transferre,
3380 2339 3704 2415 propterea-

2086 2433 2231 2506 quod
2262 2434 2436 2491 virum
2481 2434 2895 2493 sanctissimum
2943 2433 3179 2493 miriﬁce
3217 2445 3472 2493 exornet.
3502 2433 3704 2495 Claris-

2085 2528 2219 2585 sima
2242 2528 2488 2599 Ieroentis
2514 2538 2618 2585 tua:
2636 2546 2701 2585 ac
2726 2529 2943 2587 sincera:
2972 2531 3246 2588 charitatis
3268 2530 3474 2588 tubaed
3499 2534 3595 2588 nos
3614 2528 3704 2587 us-

2082 2640 2184 2695 que
2204 2640 2391 2679 sonum
2412 2640 2566 2693 suum
2597 2623 2812 2695 diludit
2832 2667 2847 2693 ,
2888 2642 3135 2699 magnum
3166 2616 3419 2698 quiddam
3437 2622 3706 2705 aediutii-

2083 2720 2213 2775 sime
2243 2720 2442 2776 durans
2478 2737 2545 2776 ea:
2571 2730 2716 2776 tento
2742 2720 2946 2776 itineris
2983 2721 3258 2778 intervallo
3286 2720 3519 2795 spiratis,
3548 2732 3704 2796 atque

2083 2820 2154 2870 ad
2196 2824 2450 2872 extrarios
2488 2832 2652 2888 usque
2692 2826 2845 2873 terra
2876 2816 3009 2887 ﬁnes
3050 2818 3374 2892 pertingens.
3396 2817 3529 2889 glVec
3584 2835 3701 2889 nos,

2083 2905 2205 2963 licet
2232 2906 2429 2979 alioqui
2476 2917 2581 2963 tam
2628 2908 2779 2981 longe
2814 2910 3089 2983 disjuncti,
3132 2910 3305 2967 minus
3338 2928 3495 2983 quem
3533 2913 3575 2967 ii
3613 2912 3702 2984 qui

2082 3002 2295 3065 adsunt.
2319 3002 2816 3071 pellemmtissimam
2836 3014 2989 3076 atque
3006 3003 3125 3079 igne
3140 3003 3350 3077 plenam
3361 3005 3695 3081 oboriuntur,

2081 3094 2438 3167 sinceramque
2474 3105 2523 3152 et
2564 3097 2761 3171 ingenti
2805 3097 3041 3154 libertate
3081 3110 3131 3154 et
3177 3098 3381 3168 ﬁducia
3429 3103 3701 3173 perfusus

2083 3186 2337 3260 linguam,
2364 3198 2520 3261 atque
2544 3190 2937 3245 adamantinant
2960 3190 3342 3248 contentionem
3370 3192 3701 3265 exploratam

363 3286 767 3345 subnrbicariis
791 3288 1015 3347 dissert.
1036 3288 1095 3356 2,
1118 3302 1242 3361 cap.
1271 3290 1327 3357 ὃ,
1363 3305 1487 3361 pag.
1516 3288 1640 3347 130.
1670 3287 1786 3346 lloc
1810 3288 1976 3345 etiam

2086 3279 2333 3336 (iubemus
2350 3296 2370 3336 :
2388 3296 2545 3352 eoque
2571 3282 2799 3351 nomine,
2831 3294 3001 3339 oestro
3027 3284 3184 3339 etiam
3208 3292 3515 3357 conspectu,
3545 3296 3701 3360 atque

302 3395 312 3405 '
366 3379 623 3436 ﬁrmatur
648 3380 906 3452 exemplo
947 3380 1295 3449 Theodoriti,
1335 3382 1428 3453 qui
1461 3384 1782 3453 episcopatu
1811 3380 1981 3452 depo-

362 3473 532 3541 situs,
561 3471 633 3530 ad
658 3480 915 3531 sanctum
938 3472 1179 3531 Leonem
1210 3473 1468 3546 Magnum
1491 3473 1787 3545 appellavit
1811 3471 1977 3543 epist.

368 3565 501 3633 H5,
535 3564 858 3639 litterasque
902 3581 969 3624 ea
1008 3566 1077 3623 de
1102 3582 1165 3625 re
1192 3567 1349 3624 illum
1393 3565 1685 3637 scripsisse
1724 3566 1794 3621 ad
1830 3565 1981 3637 epis-

364 3674 542 3733 copos
587 3658 913 3730 lediolani,
961 3659 1238 3732 Aquileia,
1265 3671 1323 3717 et
1360 3660 1662 3727 Ravennae,
1697 3670 1979 3733 tamquam

366 3756 438 3814 ad
464 3756 780 3829 praecipuos
800 3753 1119 3813 Occidentis
1142 3756 1537 3828 metropolitas,
1564 3756 1725 3813 docet
1744 3755 1979 3825 epistola

368 3850 500 3921 112,
534 3849 606 3908 ad
634 3849 901 3910 domuum
929 3850 1355 3909 Antioclienum.
1386 3849 1663 3921 Quantum
1694 3850 1977 3922 sputum-

362 3952 563 4018 gustus
623 3940 1003 4016 Chrysostomi
1057 3957 1283 4004 causam
1335 3942 1625 3999 Chromatii
1685 3940 1981 4000 auctoritas

364 4036 601 4110 iuverit,
645 4035 922 4095 Honorius
966 4035 1267 4108 imperator
1296 4043 1529 4093 testatus
1557 4022 1645 4091 est
1680 4035 1739 4092 in
1777 4034 1980 4093 litteris

366 4132 439 4187 ad
482 4129 781 4188 Arcadium
812 4130 1064 4197 fratrem,
1092 4129 1181 4186 cui
1207 4128 1646 4187 Occidentalium
1686 4127 1979 4203 episcopo-

364 4242 495 4284 rum
521 4226 855 4283 sententiam
877 4223 1311 4297 signiﬁcaturus,
1336 4223 1473 4281 duas
1496 4240 1608 4298 prae
1633 4224 1847 4282 ceteris
1874 4225 1981 4282 sibi

365 4319 615 4391 scriptas
664 4317 866 4375 direxit
918 4317 1208 4390 epistolas,
1258 4317 1519 4374 nimirum
1567 4316 1871 4376 lnnocentii
1924 4325 1984 4374 et

370 4411 665 4471 Chromatii
695 4410 840 4482 apud
870 4409 1196 4474 Palladium,
1220 4424 1345 4481 cap.
1378 4410 1431 4475 5,
1464 4424 1585 4481 pag.
1617 4409 1711 4477 50,
1743 4411 1832 4467 ubi
1856 4410 1934 4468 ait
1962 4427 1975 4465 :

373 4508 634 4577 Quem
646 4505 715 4562 sit
730 4503 1144 4561 Occidentalium
1152 4504 1214 4560 dc
1224 4502 1431 4560 Joanne
1450 4504 1695 4577 episcopo
1704 4504 1976 4572 sententia,

365 4616 436 4659 ea:
453 4597 694 4656 mitibus
716 4596 972 4672 epistolis,
997 4612 1114 4669 qua
1135 4597 1205 4653 ad
1223 4614 1303 4652 me
1323 4598 1531 4669 scripta
1548 4605 1689 4666 sunt,
1710 4598 1839 4653 duas
1855 4597 1980 4654 διώ-

2082 3390 2363 3448 congressu
2388 3376 2496 3447 frui
2518 3394 2829 3451 magnopere
2849 3378 3068 3433 nobisin
3093 3381 3222 3435 uotis
3253 3392 3403 3436 esset.
3432 3380 3697 3449 Quoniam

2083 3480 2258 3527 autem
2286 3472 2341 3526 id
2359 3488 2564 3543 quoque
2589 3473 2735 3528 nobis
2757 3492 2816 3529 ea
2840 3475 3091 3543 solitudo,
3112 3492 3218 3547 qua
3253 3492 3411 3546 nunc,
3434 3484 3697 3551 tamquam

2082 3564 2437 3639 compedibus,
2466 3567 2688 3622 restricti
2715 3584 2917 3635 sumus,
2943 3568 3167 3640 eripuit;
3207 3570 3407 3625 idcirco
3428 3552 3699 3631 dominum

2081 3676 2254 3715 meum
2281 3659 2764 3717 reverendissimum
2793 3661 3149 3733 presbyterum
3167 3663 3329 3730 necti,
3355 3644 3699 3736 cupiditatem

2082 3763 2334 3821 nostram,
2378 3762 2431 3807 ut
2470 3753 2607 3822 licet,
2649 3753 2936 3825 capiemus,
2970 3754 3253 3814 scribentes
3288 3766 3338 3813 et
3378 3757 3693 3829 salutantes,

2082 3845 2224 3901 vobis
2248 3863 2448 3918 quoque
2473 3864 2567 3918 pro
2593 3864 2652 3903 eo
2671 3850 2873 3917 studio,
2897 3849 3039 3921 quod
3060 3858 3168 3906 toto
3193 3850 3291 3925 ξος
3312 3859 3420 3906 tam
3443 3852 3697 3908 diuturno

2081 3952 2314 4012 tempore
2339 3958 2526 4014 magna
2548 3958 2667 3997 cum
2695 3942 2859 3998 animi
2877 3944 3211 4000 contentione
3238 3934 3701 4017 prauitatis,“-

2079 4034 2346 4108 plissimas
2388 4036 2585 4108 gratias
2632 4046 2863 4111 agentes.
2894 4036 2971 4093 Ac
3014 4052 3104 4095 vos
3131 4038 3287 4095 etiam
3324 4054 3593 4111 rogemus,
3636 4048 3697 4096 ut

2080 4144 2197 4184 cum
2216 4130 2330 4200 ipse
2366 4139 2666 4198 revertetur,
2694 4130 3005 4203 insuperque
3034 4132 3211 4201 etiam,
3240 4133 3287 4189 si
3308 4133 3570 4189 tabellarii
3610 4150 3698 4189 oc-

2080 4232 2317 4289 currant,
2358 4223 2445 4295 qui
2465 4222 2534 4278 ad
2556 4223 2691 4279 lianc
2717 4224 3050 4280 solitudinem
3071 4225 3298 4290 ueniant,
3329 4225 3394 4282 de
3412 4234 3585 4293 nostra
3600 4240 3695 4281 oa-

2080 4312 2313 4385 letutline
2356 4317 2427 4370 ad
2447 4332 2540 4370 nos
2564 4315 2823 4372 scribatis.
2848 4308 2967 4373 Scis
2994 4318 3133 4373 enim
3156 4329 3405 4392 quantam
3445 4318 3570 4397 hinc
3608 4336 3701 4375 to-

2081 4408 2333 4477 luptatem
2382 4412 2673 4479 percepturi
2724 4428 2925 4477 sumus,
2979 4428 3096 4467 cum
3152 4414 3217 4468 de
3264 4414 3531 4469 hominum
3585 4425 3695 4470 tam

2081 4503 2324 4557 ardenter
2351 4520 2444 4560 nos
2486 4504 2773 4559 amantium
2806 4507 3102 4561 valetudine
3124 4508 3351 4575 crebrius
3380 4508 3450 4563 nd
3478 4524 3569 4564 nos
3598 4509 3701 4564 ali-

2082 4598 2207 4669 quid
2232 4596 2494 4664 afferetur.
2530 4596 2643 4653 lluc
2666 4614 2840 4669 usque
2860 4596 3306 4672 Chrysostomus.

362 4693 780 4768 junaiejusdem
801 4707 918 4748 cum
939 4682 2060 4760 steterissententitemuamRomani,al-D
2158 4690 2298 4749 Vill.
2354 4692 2452 4748 llic
2500 4690 2652 4751 locus
2691 4694 2936 4766 postulat
3005 4705 3065 4752 ut
3104 4710 3169 4753 ea
3218 4694 3525 4753 refutamus
3572 4711 3697 4769 qum

370 4797 543 4844 teram
572 4784 915 4859 Aquileiensis
955 4781 1207 4855 episcopi.
1233 4782 1391 4842 Sicut
1420 4800 1555 4842 vero
1598 4784 1835 4844 Sabinus
1866 4785 1981 4844 Me-

370 4876 717 4938 diolanensis
735 4878 1026 4945 diaconus,
1052 4888 1109 4935 et
1131 4877 1234 4935 sub
1260 4878 1498 4935 Damaso
1519 4878 1729 4952 legatus
1760 4880 1983 4938 concilii

372 4970 612 5028 Romani
662 4970 717 5027 in
763 4968 1089 5045 gravissimo
1118 4970 1332 5041 negotio
1384 4970 1817 5029 conﬁrmationis
1853 4972 1981 5030 lidei

372 5063 642 5136 Ficana},
667 5072 725 5123 et
753 5064 1064 5124 Divinitatis
1089 5065 1325 5139 Spiritus
1349 5067 1561 5137 Sancti,
1594 5080 1792 5141 praeter
1822 5084 1988 5142 syno-

372 5156 555 5227 dicae,
580 5157 814 5218 aliorum
840 5158 1059 5217 litteras
1085 5168 1407 5233 qnoque,'et
1442 5160 1785 5235 potissimum
1808 5164 1987 5222 sancti

375 5251 665 5311 Valeriani
678 5249 1053 5325 Aquileiensis
1068 5252 1459 5325 metropolitas,
1480 5254 1768 5312 Chromatii
1793 5255 1985 5314 deces-

376 5344 554 5415 soris,
582 5344 704 5405 tulit
727 5344 801 5405 ad
828 5355 1081 5404 sanctum
1108 5346 1377 5405 Basilium
1424 5347 1698 5423 Magnum,
1729 5360 1789 5406 ut
1820 5348 1984 5422 hujus

376 5439 614 5516 epistola
640 5438 770 5511 82d,
802 5441 872 5499 ad
901 5442 1159 5500 eumdem
1195 5441 1545 5507 Valerianum
1586 5445 1788 5517 scripta
1816 5453 1986 5502 testa-

378 5594 495 5655 que
528 5578 739 5643 mirum
923 5583 1014 5650 sit,
1044 5581 1092 5639 si
1123 5580 1214 5640 hic
1262 5584 1333 5641 ab
1369 5584 1563 5641 eodem
1608 5584 1983 5643 eruditissimo

378 5653 531 5721 Viro,
568 5662 627 5713 et
654 5655 740 5713 rei
763 5653 1228 5728 Bibliograpbicm
1258 5655 1613 5726 peritissimo,
1645 5672 1757 5713 non
1786 5673 1982 5714 recen-

381 5736 619 5800 seantur
644 5735 759 5785 tum
787 5741 998 5800 Opera,
1026 5737 1141 5783 tum
1175 5742 1411 5799 operum
1443 5730 1718 5787 editiones
1763 5731 1984 5797 amplis-

385 5797 715 5873 sima,ng
736 5797 927 5873 postea
950 5797 1276 5872 prodierunt
1308 5815 1480 5873 usque
1505 5802 1574 5857 ad
1598 5818 1804 5859 annum
1820 5801 1985 5871 1756,

389 5883 505 5945 quo
528 5870 678 5929 diem
706 5870 904 5945 clausit
925 5870 1246 5942 supremum
1276 5889 1344 5927 xv
1374 5870 1486 5931 Ral.
1518 5874 1713 5939 Maias,
1738 5886 1792 5931 et
1814 5889 1986 5945 usque

389 5939 465 6009 id
531 5956 737 6004 annum
787 5944 953 6013 1712,
999 5939 1123 6019 quo
1185 5944 1404 6005 demum
1457 5946 1733 6021 publicam
1805 5939 1985 6004 lucem

2082 4786 2252 4843 David
2290 4787 2610 4847 Blondellus
2635 4790 2691 4845 in
2720 4788 2980 4847 Tractatu
3022 4790 3299 4852 Historico
3327 4794 3397 4851 de
3420 4794 3690 4860 Primatu,

2083 4894 2211 4954 pag.
2239 4879 2369 4947 262,
2397 4879 2526 4951 266,
2554 4880 2685 4951 283,
2722 4882 2865 4943 i265
2890 4899 2963 4941 ex
2998 4886 3265 4943 hactenus
3300 4886 3466 4948 dictis
3490 4886 3546 4945 in
3574 4903 3698 4947 seco
3752 4870 3755 4875 ’

2085 4983 2156 5029 tae
2195 4989 2309 5029 sum
2354 4989 2472 5029 rem
2516 4973 2772 5034 derivare
2813 4976 3041 5033 studuit.
3089 4976 3697 5052 Cum'Cltrysostomus

2087 5076 2290 5141 praeter
2323 5068 2702 5127 innocentium
2732 5068 2775 5139 l,
2808 5069 3117 5129 Romanum
3149 5073 3490 5146 pontiﬁcem,
3517 5075 3697 5133 Vene-

2088 5163 2230 5219 rium
2274 5162 2765 5232 Mediolaneusem,
2819 5175 2876 5223 ct
2916 5166 3276 5226 Chromatium
3314 5169 3695 5244 Aquileiensem

2086 5257 2157 5316 de
2187 5258 2369 5330 iniqua
2406 5274 2504 5316 sua
2545 5260 2859 5332 dejectione
2902 5262 3175 5333 docuerit,
3220 5264 3353 5322 hinc
3379 5265 3700 5326 Blondellus

2084 5350 2154 5407 ad
2184 5367 2380 5410 omnes
2414 5367 2539 5410 eum
2586 5369 2740 5426 neque
2769 5354 3101 5426 appellasse,
3150 5372 3332 5428 neque
3369 5356 3559 5415 sedem
3584 5358 3699 5415 Ro-

2086 5462 2327 5516 manam,
2382 5457 2444 5504 ut
2487 5462 2761 5506 summum
2808 5448 3071 5508 Ecclesia
3119 5452 3358 5507 tribunal
3401 5452 3701 5525 agnovisse

2090 5589 2305 5663 aspexit
2327 5589 2620 5663 posthuma
2637 5590 2784 5647 illius
2801 5590 3049 5648 Historia
3089 5590 3376 5648 Litteraria
3401 5592 3701 5663 Aquileien~

2089 5660 2339 5735 unum
2381 5662 2452 5719 de
2491 5679 2655 5719 causa
2690 5678 2877 5735 neque
2906 5665 3100 5722 videre
3131 5666 3308 5735 potuit
3352 5660 3699 5723 Fontaninus

2092 5732 2494 5810 Vallarsiauam
2520 5733 2702 5810 Ruﬁni
2722 5732 3183 5810 editionemanni
3216 5735 3377 5804 l7/i5,
3411 5739 3466 5792 in
3492 5754 3601 5810 qua
3622 5739 3703 5795 ci-

2094 5814 2209 5861 tato
2236 5809 2489 5878 superius
2520 5808 2643 5864 loco
2664 5808 2984 5877 exploditur
3014 5808 3109 5864 illa
3137 5808 3704 5879 inipcritorum‘Ama.

2094 5880 2382 5935 nucusium
2412 5880 2619 5936 atlditio
2651 5879 2925 5950 Pontiﬁcis
2968 5881 3273 5937 moximiad
3304 5897 3502 5940 nomen
3532 5881 3697 5946 Ultro.

2094 5952 2240 6007 malli
2266 5952 2319 6009 iu
2353 5953 2580 6026 l’rologc
2612 5952 2941 6010 Eusebium!)
2973 5952 3254 6013 llistoriac.
