  <div class='ocr_page' id='page_1' title='image "/cluster/home/n/w/nwhite01/storage/ocr_20150623/20-21/uva.x000826555/227.png"; bbox 0 0 3894 6238; ppageno 0'>
   <div class='ocr_carea' id='block_1_1' title="bbox 191 443 532 506">
    <p class='ocr_par' dir='ltr' id='par_1_1' title="bbox 191 443 532 506">
     <span class='ocr_line' id='line_1_1' title="bbox 191 443 532 506; baseline 0.023 -8"><span class='ocrx_word' id='word_1_1' title='bbox 191 446 194 448; x_wconf 65' lang='grc'>⁷</span> <span class='ocrx_word' id='word_1_2' title='bbox 221 445 386 466; x_wconf 49' lang='grc' dir='ltr'><strong>“”⁷⁷³λδ</strong></span> <span class='ocrx_word' id='word_1_3' title='bbox 423 443 532 506; x_wconf 65' lang='grc'><strong>139</strong></span> 
     </span>
    </p>
   </div>
   <div class='ocr_carea' id='block_1_2' title="bbox 1293 445 2859 511">
    <p class='ocr_par' dir='ltr' id='par_1_2' title="bbox 1293 445 2859 511">
     <span class='ocr_line' id='line_1_2' title="bbox 1293 445 2859 511; baseline 0.001 -6"><span class='ocrx_word' id='word_1_4' title='bbox 1293 448 1351 506; x_wconf 73' lang='grc' dir='ltr'><strong>ὃ.</strong></span> <span class='ocrx_word' id='word_1_5' title='bbox 1401 445 1790 505; x_wconf 76' lang='lat' dir='ltr'><strong>VlCTRlClUS</strong></span> <span class='ocrx_word' id='word_1_6' title='bbox 1833 446 2207 506; x_wconf 74' lang='lat' dir='ltr'><strong>EPISCOPUS</strong></span> <span class='ocrx_word' id='word_1_7' title='bbox 2245 445 2859 511; x_wconf 76' lang='lat' dir='ltr'><strong>ROTHOMAGENSlS.</strong></span> 
     </span>
    </p>
   </div>
   <div class='ocr_carea' id='block_1_3' title="bbox 3618 449 3738 512">
    <p class='ocr_par' dir='ltr' id='par_1_3' title="bbox 3618 449 3738 512">
     <span class='ocr_line' id='line_1_3' title="bbox 3618 449 3738 512; baseline -0.033 0"><span class='ocrx_word' id='word_1_8' title='bbox 3618 449 3738 512; x_wconf 67' lang='lat'><strong>“0</strong></span> 
     </span>
    </p>
   </div>
   <div class='ocr_carea' id='block_1_4' title="bbox 428 560 3737 638">
    <p class='ocr_par' dir='ltr' id='par_1_4' title="bbox 428 560 3737 638">
     <span class='ocr_line' id='line_1_4' title="bbox 428 560 3737 638; baseline 0.002 -20"><span class='ocrx_word' id='word_1_9' title='bbox 428 561 558 618; x_wconf 62' lang='lat' dir='ltr'><strong>[ire</strong></span> <span class='ocrx_word' id='word_1_10' title='bbox 582 562 748 620; x_wconf 85' lang='lat' dir='ltr'><strong>verba</strong></span> <span class='ocrx_word' id='word_1_11' title='bbox 792 578 914 636; x_wconf 67' lang='lat' dir='ltr'><strong>qua!</strong></span> <span class='ocrx_word' id='word_1_12' title='bbox 945 561 1287 636; x_wconf 79' lang='lat' dir='ltr'><strong>paragrapho</strong></span> <span class='ocrx_word' id='word_1_13' title='bbox 1315 562 1479 620; x_wconf 89' lang='lat' dir='ltr'><strong>tertio</strong></span> <span class='ocrx_word' id='word_1_14' title='bbox 1507 561 1798 632; x_wconf 78' lang='lat' dir='ltr'><strong>leguntur:</strong></span> <span class='ocrx_word' id='word_1_15' title='bbox 1826 560 1918 618; x_wconf 70' lang='lat' dir='ltr'><strong>llis</strong></span> <span class='ocrx_word' id='word_1_16' title='bbox 1963 561 2031 618; x_wconf 82' lang='lat' dir='ltr'><strong>ad</strong></span> <span class='ocrx_word' id='word_1_17' title='bbox 2059 566 2104 626; x_wconf 72' lang='grc' dir='ltr'><strong>Α</strong></span> <span class='ocrx_word' id='word_1_18' title='bbox 2139 560 2466 622; x_wconf 81' lang='lat' dir='ltr'><strong>Theodulus.</strong></span> <span class='ocrx_word' id='word_1_19' title='bbox 2503 563 2702 622; x_wconf 84' lang='lat' dir='ltr'><strong>Verum</strong></span> <span class='ocrx_word' id='word_1_20' title='bbox 2732 581 2840 622; x_wconf 90' lang='lat' dir='ltr'><strong>non</strong></span> <span class='ocrx_word' id='word_1_21' title='bbox 2868 581 3031 638; x_wconf 86' lang='lat' dir='ltr'><strong>parva</strong></span> <span class='ocrx_word' id='word_1_22' title='bbox 3059 567 3238 626; x_wconf 90' lang='lat' dir='ltr'><strong>oritur</strong></span> <span class='ocrx_word' id='word_1_23' title='bbox 3262 566 3559 626; x_wconf 79' lang='lat' dir='ltr'><strong>difﬁcultas</strong></span> <span class='ocrx_word' id='word_1_24' title='bbox 3583 569 3737 626; x_wconf 81' lang='lat' dir='ltr'><strong>circa</strong></span> 
     </span>
    </p>
   </div>
   <div class='ocr_carea' id='block_1_5' title="bbox 426 654 2032 728">
    <p class='ocr_par' dir='ltr' id='par_1_5' title="bbox 426 654 2032 728">
     <span class='ocr_line' id='line_1_5' title="bbox 426 654 2032 728; baseline 0.001 -18"><span class='ocrx_word' id='word_1_25' title='bbox 426 654 899 728; x_wconf 75' lang='lat' dir='ltr'><strong>Rothomagettsem</strong></span> <span class='ocrx_word' id='word_1_26' title='bbox 942 656 1128 715; x_wconf 84' lang='lat' dir='ltr'><strong>Sancti</strong></span> <span class='ocrx_word' id='word_1_27' title='bbox 1170 656 1388 712; x_wconf 78' lang='lat' dir='ltr'><strong>veniunt</strong></span> <span class='ocrx_word' id='word_1_28' title='bbox 1414 656 1696 724; x_wconf 76' lang='lat' dir='ltr'><strong>civitatem,</strong></span> <span class='ocrx_word' id='word_1_29' title='bbox 1730 657 1916 713; x_wconf 88' lang='lat' dir='ltr'><strong>statim</strong></span> <span class='ocrx_word' id='word_1_30' title='bbox 1947 657 2032 712; x_wconf 85' lang='lat' dir='ltr'><strong>iu—</strong></span> 
     </span>
    </p>
   </div>
   <div class='ocr_carea' id='block_1_6' title="bbox 421 749 2027 822">
    <p class='ocr_par' dir='ltr' id='par_1_6' title="bbox 421 749 2027 822">
     <span class='ocr_line' id='line_1_6' title="bbox 421 749 2027 822; baseline 0.001 -17"><span class='ocrx_word' id='word_1_31' title='bbox 421 751 606 821; x_wconf 80' lang='lat' dir='ltr'><strong>dicant</strong></span> <span class='ocrx_word' id='word_1_32' title='bbox 669 752 950 822; x_wconf 77' lang='lat' dir='ltr'><strong>Reliquias</strong></span> <span class='ocrx_word' id='word_1_33' title='bbox 996 751 1051 807; x_wconf 93' lang='lat' dir='ltr'><strong>in</strong></span> <span class='ocrx_word' id='word_1_34' title='bbox 1101 750 1235 807; x_wconf 84' lang='lat' dir='ltr'><strong>urbe</strong></span> <span class='ocrx_word' id='word_1_35' title='bbox 1274 749 1700 822; x_wconf 75' lang='lat' dir='ltr'><strong>Rothotnagensi</strong></span> <span class='ocrx_word' id='word_1_36' title='bbox 1747 758 2027 821; x_wconf 83' lang='lat' dir='ltr'><strong>exceptas.</strong></span> 
     </span>
    </p>
   </div>
   <div class='ocr_carea' id='block_1_7' title="bbox 422 842 2028 918">
    <p class='ocr_par' dir='ltr' id='par_1_7' title="bbox 422 842 2028 918">
     <span class='ocr_line' id='line_1_7' title="bbox 422 842 2028 918; baseline 0.002 -20"><span class='ocrx_word' id='word_1_37' title='bbox 422 842 580 912; x_wconf 86' lang='lat' dir='ltr'><strong>Quod</strong></span> <span class='ocrx_word' id='word_1_38' title='bbox 623 859 757 901; x_wconf 86' lang='lat' dir='ltr'><strong>vero</strong></span> <span class='ocrx_word' id='word_1_39' title='bbox 801 845 948 902; x_wconf 87' lang='lat' dir='ltr'><strong>circa</strong></span> <span class='ocrx_word' id='word_1_40' title='bbox 993 846 1153 900; x_wconf 84' lang='lat' dir='ltr'><strong>linem</strong></span> <span class='ocrx_word' id='word_1_41' title='bbox 1187 844 1515 918; x_wconf 84' lang='lat' dir='ltr'><strong>paragraphi</strong></span> <span class='ocrx_word' id='word_1_42' title='bbox 1545 845 1684 900; x_wconf 82' lang='lat' dir='ltr'><strong>sexti</strong></span> <span class='ocrx_word' id='word_1_43' title='bbox 1725 844 2028 901; x_wconf 88' lang='lat' dir='ltr'><strong>scribitur:</strong></span> 
     </span>
    </p>
   </div>
   <div class='ocr_carea' id='block_1_8' title="bbox 430 936 2031 1011">
    <p class='ocr_par' dir='ltr' id='par_1_8' title="bbox 430 936 2031 1011">
     <span class='ocr_line' id='line_1_8' title="bbox 430 936 2031 1011; baseline -0.002 -16"><span class='ocrx_word' id='word_1_44' title='bbox 430 936 543 995; x_wconf 87' lang='lat' dir='ltr'><strong>Sed</strong></span> <span class='ocrx_word' id='word_1_45' title='bbox 584 938 710 1010; x_wconf 83' lang='lat' dir='ltr'><strong>quid</strong></span> <span class='ocrx_word' id='word_1_46' title='bbox 739 954 832 1011; x_wconf 85' lang='lat' dir='ltr'><strong>ego</strong></span> <span class='ocrx_word' id='word_1_47' title='bbox 859 954 1058 1010; x_wconf 85' lang='lat' dir='ltr'><strong>pauper</strong></span> <span class='ocrx_word' id='word_1_48' title='bbox 1090 936 1375 993; x_wconf 79' lang='lat' dir='ltr'><strong>Victricius</strong></span> <span class='ocrx_word' id='word_1_49' title='bbox 1419 937 1591 994; x_wconf 81' lang='lat' dir='ltr'><strong>cultor</strong></span> <span class='ocrx_word' id='word_1_50' title='bbox 1631 945 1800 992; x_wconf 79' lang='lat' dir='ltr'><strong>vester</strong></span> <span class='ocrx_word' id='word_1_51' title='bbox 1826 941 1890 992; x_wconf 84' lang='lat' dir='ltr'><strong>de</strong></span> <span class='ocrx_word' id='word_1_52' title='bbox 1933 938 2031 993; x_wconf 84' lang='lat' dir='ltr'><strong>loci</strong></span> 
     </span>
    </p>
   </div>
   <div class='ocr_carea' id='block_1_9' title="bbox 427 1028 2032 1103">
    <p class='ocr_par' dir='ltr' id='par_1_9' title="bbox 427 1028 2032 1103">
     <span class='ocr_line' id='line_1_9' title="bbox 427 1028 2032 1103; baseline 0 -17"><span class='ocrx_word' id='word_1_53' title='bbox 427 1032 687 1103; x_wconf 85' lang='lat' dir='ltr'><strong>qualitate</strong></span> <span class='ocrx_word' id='word_1_54' title='bbox 714 1031 940 1103; x_wconf 79' lang='lat' dir='ltr'><strong>formido</strong></span> <span class='ocrx_word' id='word_1_55' title='bbox 968 1041 1118 1086; x_wconf 86' lang='lat' dir='ltr'><strong>clare</strong></span> <span class='ocrx_word' id='word_1_56' title='bbox 1142 1031 1382 1087; x_wconf 79' lang='lat' dir='ltr'><strong>05teudit</strong></span> <span class='ocrx_word' id='word_1_57' title='bbox 1409 1038 1689 1087; x_wconf 86' lang='lat' dir='ltr'><strong>auctorem</strong></span> <span class='ocrx_word' id='word_1_58' title='bbox 1727 1028 1893 1087; x_wconf 80' lang='lat' dir='ltr'><strong>fuisse</strong></span> <span class='ocrx_word' id='word_1_59' title='bbox 1927 1028 2032 1086; x_wconf 84' lang='lat' dir='ltr'><strong>ltu-</strong></span> 
     </span>
    </p>
   </div>
   <div class='ocr_carea' id='block_1_10' title="bbox 388 1110 2034 1194">
    <p class='ocr_par' dir='ltr' id='par_1_10' title="bbox 388 1110 2034 1194">
     <span class='ocr_line' id='line_1_10' title="bbox 388 1110 2034 1194; baseline 0.001 -18"><span class='ocrx_word' id='word_1_60' title='bbox 388 1110 391 1116; x_wconf 75' lang='grc'><em>’</em></span> <span class='ocrx_word' id='word_1_61' title='bbox 423 1126 516 1193; x_wconf 85' lang='lat' dir='ltr'><strong>jus</strong></span> <span class='ocrx_word' id='word_1_62' title='bbox 543 1124 791 1194; x_wconf 74' lang='lat' dir='ltr'><strong>Opusculi</strong></span> <span class='ocrx_word' id='word_1_63' title='bbox 815 1124 873 1182; x_wconf 89' lang='lat' dir='ltr'><strong>S.</strong></span> <span class='ocrx_word' id='word_1_64' title='bbox 904 1122 1244 1187; x_wconf 86' lang='lat' dir='ltr'><strong>Victriciutn,</strong></span> <span class='ocrx_word' id='word_1_65' title='bbox 1278 1123 1368 1194; x_wconf 86' lang='lat' dir='ltr'><strong>qui</strong></span> <span class='ocrx_word' id='word_1_66' title='bbox 1396 1121 1540 1178; x_wconf 87' lang='lat' dir='ltr'><strong>illius</strong></span> <span class='ocrx_word' id='word_1_67' title='bbox 1565 1123 1717 1178; x_wconf 69' lang='lat' dir='ltr'><strong>urbis</strong></span> <span class='ocrx_word' id='word_1_68' title='bbox 1746 1126 2034 1194; x_wconf 83' lang='lat' dir='ltr'><strong>episcopa-</strong></span> 
     </span>
    </p>
   </div>
   <div class='ocr_carea' id='block_1_11' title="bbox 425 1215 2030 1288">
    <p class='ocr_par' dir='ltr' id='par_1_11' title="bbox 425 1215 2030 1288">
     <span class='ocr_line' id='line_1_11' title="bbox 425 1215 2030 1288; baseline 0 -15"><span class='ocrx_word' id='word_1_69' title='bbox 425 1229 539 1273; x_wconf 90' lang='lat' dir='ltr'><strong>tum</strong></span> <span class='ocrx_word' id='word_1_70' title='bbox 588 1217 762 1275; x_wconf 87' lang='lat' dir='ltr'><strong>tenuit</strong></span> <span class='ocrx_word' id='word_1_71' title='bbox 811 1231 1024 1275; x_wconf 81' lang='lat' dir='ltr'><strong>versus</strong></span> <span class='ocrx_word' id='word_1_72' title='bbox 1053 1216 1215 1272; x_wconf 81' lang='lat' dir='ltr'><strong>ﬁnem</strong></span> <span class='ocrx_word' id='word_1_73' title='bbox 1256 1216 1436 1288; x_wconf 90' lang='lat' dir='ltr'><strong>quarti</strong></span> <span class='ocrx_word' id='word_1_74' title='bbox 1484 1218 1670 1273; x_wconf 69' lang='lat' dir='ltr'><strong>streuli</strong></span> <span class='ocrx_word' id='word_1_75' title='bbox 1713 1225 1778 1274; x_wconf 86' lang='lat' dir='ltr'><strong>.ct</strong></span> <span class='ocrx_word' id='word_1_76' title='bbox 1818 1215 2030 1273; x_wconf 89' lang='lat' dir='ltr'><strong>initium</strong></span> 
     </span>
    </p>
   </div>
   <div class='ocr_carea' id='block_1_12' title="bbox 427 1316 626 1385">
    <p class='ocr_par' dir='ltr' id='par_1_12' title="bbox 427 1316 626 1385">
     <span class='ocr_line' id='line_1_12' title="bbox 427 1316 626 1385; baseline 0.015 -18"><span class='ocrx_word' id='word_1_77' title='bbox 427 1316 626 1385; x_wconf 87' lang='lat' dir='ltr'><strong>qui-nti.</strong></span> 
     </span>
    </p>
   </div>
   <div class='ocr_carea' id='block_1_13' title="bbox 499 1405 2032 1484">
    <p class='ocr_par' dir='ltr' id='par_1_13' title="bbox 499 1405 2032 1484">
     <span class='ocr_line' id='line_1_13' title="bbox 499 1405 2032 1484; baseline -0.001 -19"><span class='ocrx_word' id='word_1_78' title='bbox 499 1409 688 1484; x_wconf 81' lang='lat' dir='ltr'><strong>Stylus</strong></span> <span class='ocrx_word' id='word_1_79' title='bbox 711 1408 872 1480; x_wconf 86' lang='lat' dir='ltr'><strong>hujus</strong></span> <span class='ocrx_word' id='word_1_80' title='bbox 891 1408 1075 1478; x_wconf 86' lang='lat' dir='ltr'><strong>operis</strong></span> <span class='ocrx_word' id='word_1_81' title='bbox 1094 1422 1216 1464; x_wconf 89' lang='lat' dir='ltr'><strong>cum</strong></span> <span class='ocrx_word' id='word_1_82' title='bbox 1242 1407 1386 1481; x_wconf 86' lang='lat' dir='ltr'><strong>stylo</strong></span> <span class='ocrx_word' id='word_1_83' title='bbox 1406 1407 1584 1462; x_wconf 87' lang='lat' dir='ltr'><strong>sancti</strong></span> <span class='ocrx_word' id='word_1_84' title='bbox 1609 1405 1846 1474; x_wconf 79' lang='lat' dir='ltr'><strong>Paulini,</strong></span> <span class='ocrx_word' id='word_1_85' title='bbox 1869 1422 2032 1477; x_wconf 85' lang='lat' dir='ltr'><strong>quem</strong></span> 
     </span>
    </p>
   </div>
   <div class='ocr_carea' id='block_1_14' title="bbox 428 1498 2037 1573">
    <p class='ocr_par' dir='ltr' id='par_1_14' title="bbox 428 1498 2037 1573">
     <span class='ocr_line' id='line_1_14' title="bbox 428 1498 2037 1573; baseline -0.002 -16"><span class='ocrx_word' id='word_1_86' title='bbox 428 1503 574 1573; x_wconf 79' lang='lat' dir='ltr'><strong>inter</strong></span> <span class='ocrx_word' id='word_1_87' title='bbox 602 1513 658 1559; x_wconf 92' lang='lat' dir='ltr'><strong>et</strong></span> <span class='ocrx_word' id='word_1_88' title='bbox 701 1509 953 1557; x_wconf 67' lang='lat' dir='ltr'><strong>sanetum</strong></span> <span class='ocrx_word' id='word_1_89' title='bbox 997 1499 1310 1557; x_wconf 74' lang='lat' dir='ltr'><strong>Victuicium</strong></span> <span class='ocrx_word' id='word_1_90' title='bbox 1355 1498 1661 1556; x_wconf 81' lang='lat' dir='ltr'><strong>arctissitna</strong></span> <span class='ocrx_word' id='word_1_91' title='bbox 1701 1498 1802 1553; x_wconf 83' lang='lat' dir='ltr'><strong>fuit</strong></span> <span class='ocrx_word' id='word_1_92' title='bbox 1843 1513 2037 1554; x_wconf 79' lang='lat' dir='ltr'><strong>ncces-</strong></span> 
     </span>
    </p>
   </div>
   <div class='ocr_carea' id='block_1_15' title="bbox 428 1594 2033 1666">
    <p class='ocr_par' dir='ltr' id='par_1_15' title="bbox 428 1594 2033 1666">
     <span class='ocr_line' id='line_1_15' title="bbox 428 1594 2033 1666; baseline -0.002 -11"><span class='ocrx_word' id='word_1_93' title='bbox 428 1599 587 1661; x_wconf 83' lang='lat' dir='ltr'><strong>sltas,</strong></span> <span class='ocrx_word' id='word_1_94' title='bbox 623 1601 914 1656; x_wconf 75' lang='lat' dir='ltr'><strong>maximam</strong></span> <span class='ocrx_word' id='word_1_95' title='bbox 947 1597 1112 1656; x_wconf 87' lang='lat' dir='ltr'><strong>habet</strong></span> <span class='ocrx_word' id='word_1_96' title='bbox 1140 1597 1580 1654; x_wconf 76' lang='lat' dir='ltr'><strong>similitudinem.</strong></span> <span class='ocrx_word' id='word_1_97' title='bbox 1611 1597 1744 1666; x_wconf 74' lang='lat' dir='ltr'><strong>Qntc</strong></span> <span class='ocrx_word' id='word_1_98' title='bbox 1771 1611 1841 1653; x_wconf 75' lang='lat' dir='ltr'><strong>ea</strong></span> <span class='ocrx_word' id='word_1_99' title='bbox 1885 1594 2033 1652; x_wconf 86' lang='lat' dir='ltr'><strong>Scri-</strong></span> 
     </span>
    </p>
   </div>
   <div class='ocr_carea' id='block_1_16' title="bbox 421 1679 2034 1766">
    <p class='ocr_par' dir='ltr' id='par_1_16' title="bbox 421 1679 2034 1766">
     <span class='ocr_line' id='line_1_16' title="bbox 421 1679 2034 1766; baseline -0.006 -12"><span class='ocrx_word' id='word_1_100' title='bbox 421 1705 577 1766; x_wconf 87' lang='lat' dir='ltr'><strong>ptura</strong></span> <span class='ocrx_word' id='word_1_101' title='bbox 619 1709 803 1762; x_wconf 82' lang='lat' dir='ltr'><strong>sacra,</strong></span> <span class='ocrx_word' id='word_1_102' title='bbox 847 1710 910 1751; x_wconf 91' lang='lat' dir='ltr'><strong>ea</strong></span> <span class='ocrx_word' id='word_1_103' title='bbox 937 1708 1006 1750; x_wconf 79' lang='lat' dir='ltr'><strong>ex</strong></span> <span class='ocrx_word' id='word_1_104' title='bbox 1035 1692 1229 1751; x_wconf 84' lang='lat' dir='ltr'><strong>Latina</strong></span> <span class='ocrx_word' id='word_1_105' title='bbox 1279 1692 1537 1749; x_wconf 81' lang='lat' dir='ltr'><strong>versione</strong></span> <span class='ocrx_word' id='word_1_106' title='bbox 1584 1679 2034 1762; x_wconf 85' lang='lat' dir='ltr'><strong>tunctemporis</strong></span> 
     </span>
    </p>
   </div>
   <div class='ocr_carea' id='block_1_17' title="bbox 425 1785 2034 1860">
    <p class='ocr_par' dir='ltr' id='par_1_17' title="bbox 425 1785 2034 1860">
     <span class='ocr_line' id='line_1_17' title="bbox 425 1785 2034 1860; baseline -0.004 -15"><span class='ocrx_word' id='word_1_107' title='bbox 425 1792 624 1846; x_wconf 86' lang='lat' dir='ltr'><strong>usitata</strong></span> <span class='ocrx_word' id='word_1_108' title='bbox 655 1801 912 1860; x_wconf 68' lang='lat' dir='ltr'><strong>excerpta</strong></span> <span class='ocrx_word' id='word_1_109' title='bbox 944 1799 1091 1844; x_wconf 85' lang='lat' dir='ltr'><strong>sunt.</strong></span> <span class='ocrx_word' id='word_1_110' title='bbox 1129 1790 1191 1844; x_wconf 85' lang='grc' dir='ltr'><strong>ι).</strong></span> <span class='ocrx_word' id='word_1_111' title='bbox 1225 1787 1530 1860; x_wconf 71' lang='lat' dir='ltr'><strong>.ilartianay</strong></span> <span class='ocrx_word' id='word_1_112' title='bbox 1559 1802 1625 1842; x_wconf 80' lang='lat' dir='ltr'><strong>ex</strong></span> <span class='ocrx_word' id='word_1_113' title='bbox 1659 1785 2034 1856; x_wconf 84' lang='lat' dir='ltr'><strong>manuscripto</strong></span> 
     </span>
    </p>
   </div>
   <div class='ocr_carea' id='block_1_18' title="bbox 420 1878 2030 1947">
    <p class='ocr_par' dir='ltr' id='par_1_18' title="bbox 420 1878 2030 1947">
     <span class='ocr_line' id='line_1_18' title="bbox 420 1878 2030 1947; baseline -0.004 -10"><span class='ocrx_word' id='word_1_114' title='bbox 420 1885 598 1939; x_wconf 84' lang='lat' dir='ltr'><strong>sancti</strong></span> <span class='ocrx_word' id='word_1_115' title='bbox 637 1882 907 1940; x_wconf 73' lang='lat' dir='ltr'><strong>Germani</strong></span> <span class='ocrx_word' id='word_1_116' title='bbox 928 1898 959 1939; x_wconf 89' lang='lat' dir='ltr'><strong>a</strong></span> <span class='ocrx_word' id='word_1_117' title='bbox 989 1881 1170 1938; x_wconf 87' lang='lat' dir='ltr'><strong>Pratis</strong></span> <span class='ocrx_word' id='word_1_118' title='bbox 1199 1880 1414 1947; x_wconf 86' lang='lat' dir='ltr'><strong>codice,</strong></span> <span class='ocrx_word' id='word_1_119' title='bbox 1445 1880 1707 1936; x_wconf 86' lang='lat' dir='ltr'><strong>nonnulla</strong></span> <span class='ocrx_word' id='word_1_120' title='bbox 1745 1879 1954 1946; x_wconf 88' lang='lat' dir='ltr'><strong>retulit,</strong></span> <span class='ocrx_word' id='word_1_121' title='bbox 1976 1878 2030 1932; x_wconf 90' lang='lat' dir='ltr'><strong>in</strong></span> 
     </span>
    </p>
   </div>
   <div class='ocr_carea' id='block_1_19' title="bbox 2136 656 3737 727">
    <p class='ocr_par' dir='ltr' id='par_1_19' title="bbox 2136 656 3737 727">
     <span class='ocr_line' id='line_1_19' title="bbox 2136 656 3737 727; baseline 0.006 -16"><span class='ocrx_word' id='word_1_122' title='bbox 2136 657 2310 727; x_wconf 83' lang='lat' dir='ltr'><strong>ipsum</strong></span> <span class='ocrx_word' id='word_1_123' title='bbox 2354 656 2722 726; x_wconf 85' lang='lat' dir='ltr'><strong>&#39;l‘beodulutn,</strong></span> <span class='ocrx_word' id='word_1_124' title='bbox 2764 677 2830 715; x_wconf 86' lang='lat' dir='ltr'><strong>an</strong></span> <span class='ocrx_word' id='word_1_125' title='bbox 2876 660 3083 719; x_wconf 84' lang='lat' dir='ltr'><strong>scilicet</strong></span> <span class='ocrx_word' id='word_1_126' title='bbox 3131 662 3224 719; x_wconf 85' lang='lat' dir='ltr'><strong>ille</strong></span> <span class='ocrx_word' id='word_1_127' title='bbox 3266 663 3339 719; x_wconf 89' lang='lat' dir='ltr'><strong>sit</strong></span> <span class='ocrx_word' id='word_1_128' title='bbox 3378 663 3737 721; x_wconf 77' lang='lat' dir='ltr'><strong>amanuensia</strong></span> 
     </span>
    </p>
   </div>
   <div class='ocr_carea' id='block_1_20' title="bbox 2134 750 3740 833">
    <p class='ocr_par' dir='ltr' id='par_1_20' title="bbox 2134 750 3740 833">
     <span class='ocr_line' id='line_1_20' title="bbox 2134 750 3740 833; baseline 0.006 -27"><span class='ocrx_word' id='word_1_129' title='bbox 2134 750 2278 806; x_wconf 82' lang='lat' dir='ltr'><strong>beati</strong></span> <span class='ocrx_word' id='word_1_130' title='bbox 2305 752 2582 809; x_wconf 78' lang='lat' dir='ltr'><strong>Ambrosii</strong></span> <span class='ocrx_word' id='word_1_131' title='bbox 2610 753 2682 809; x_wconf 90' lang='lat' dir='ltr'><strong>de</strong></span> <span class='ocrx_word' id='word_1_132' title='bbox 2709 768 2820 824; x_wconf 89' lang='lat' dir='ltr'><strong>quo</strong></span> <span class='ocrx_word' id='word_1_133' title='bbox 2849 754 3123 812; x_wconf 79' lang='lat' dir='ltr'><strong>scribebat</strong></span> <span class='ocrx_word' id='word_1_134' title='bbox 3160 755 3420 814; x_wconf 82' lang='lat' dir='ltr'><strong>Paulinus</strong></span> <span class='ocrx_word' id='word_1_135' title='bbox 3449 760 3740 833; x_wconf 78' lang='lat' dir='ltr'><strong>presbyter</strong></span> 
     </span>
    </p>
   </div>
   <div class='ocr_carea' id='block_1_21' title="bbox 2133 843 3745 928">
    <p class='ocr_par' dir='ltr' id='par_1_21' title="bbox 2133 843 3745 928">
     <span class='ocr_line' id='line_1_21' title="bbox 2133 843 3745 928; baseline 0.005 -27"><span class='ocrx_word' id='word_1_136' title='bbox 2133 843 2189 901; x_wconf 91' lang='lat' dir='ltr'><strong>in</strong></span> <span class='ocrx_word' id='word_1_137' title='bbox 2225 845 2337 902; x_wconf 74' lang='lat' dir='ltr'><strong>vita</strong></span> <span class='ocrx_word' id='word_1_138' title='bbox 2360 845 2604 918; x_wconf 79' lang='lat' dir='ltr'><strong>ejusdem</strong></span> <span class='ocrx_word' id='word_1_139' title='bbox 2635 845 2910 904; x_wconf 69' lang='lat' dir='ltr'><strong>Ambrosii</strong></span> <span class='ocrx_word' id='word_1_140' title='bbox 2932 864 3080 905; x_wconf 91' lang='lat' dir='ltr'><strong>anno</strong></span> <span class='ocrx_word' id='word_1_141' title='bbox 3104 851 3233 916; x_wconf 76' lang='grc'><strong>417,</strong></span> <span class='ocrx_word' id='word_1_142' title='bbox 3257 866 3320 906; x_wconf 85' lang='lat' dir='ltr'><strong>ea</strong></span> <span class='ocrx_word' id='word_1_143' title='bbox 3347 867 3468 928; x_wconf 74' lang='lat' dir='ltr'><strong>quae</strong></span> <span class='ocrx_word' id='word_1_144' title='bbox 3491 867 3745 924; x_wconf 60' lang='lat' dir='ltr'><strong>sequunv</strong></span> 
     </span>
    </p>
   </div>
   <div class='ocr_carea' id='block_1_22' title="bbox 2136 929 3748 1021">
    <p class='ocr_par' dir='ltr' id='par_1_22' title="bbox 2136 929 3748 1021">
     <span class='ocr_line' id='line_1_22' title="bbox 2136 929 3748 1021; baseline 0.007 -28"><span class='ocrx_word' id='word_1_145' title='bbox 2136 951 2224 995; x_wconf 88' lang='lat' dir='ltr'><strong>tur</strong></span> <span class='ocrx_word' id='word_1_146' title='bbox 2251 956 2268 995; x_wconf 86' lang='lat'><strong>:</strong></span> <span class='ocrx_word' id='word_1_147' title='bbox 2295 939 2421 996; x_wconf 84' lang='lat' dir='ltr'><strong>Cum</strong></span> <span class='ocrx_word' id='word_1_148' title='bbox 2465 941 2535 995; x_wconf 83' lang='lat' dir='ltr'><strong>ad</strong></span> <span class='ocrx_word' id='word_1_149' title='bbox 2578 940 2829 1016; x_wconf 79' lang='lat' dir='ltr'><strong>palatium</strong></span> <span class='ocrx_word' id='word_1_150' title='bbox 2861 953 3091 1016; x_wconf 77' lang='lat' dir='ltr'><strong>pergeret</strong></span> <span class='ocrx_word' id='word_1_151' title='bbox 3141 929 3462 1016; x_wconf 77' lang='lat' dir='ltr'><strong>Ambrosius,</strong></span> <span class='ocrx_word' id='word_1_152' title='bbox 3493 948 3748 1021; x_wconf 69' lang='lat' dir='ltr'><strong>eumque</strong></span> 
     </span>
    </p>
   </div>
   <div class='ocr_carea' id='block_1_23' title="bbox 2134 1035 3748 1110">
    <p class='ocr_par' dir='ltr' id='par_1_23' title="bbox 2134 1035 3748 1110">
     <span class='ocr_line' id='line_1_23' title="bbox 2134 1035 3748 1110; baseline 0.006 -22"><span class='ocrx_word' id='word_1_153' title='bbox 2134 1051 2231 1106; x_wconf 85' lang='lat' dir='ltr'><strong>pro</strong></span> <span class='ocrx_word' id='word_1_154' title='bbox 2260 1035 2373 1090; x_wconf 85' lang='lat' dir='ltr'><strong>loco</strong></span> <span class='ocrx_word' id='word_1_155' title='bbox 2399 1036 2565 1107; x_wconf 75' lang='lat' dir='ltr'><strong>ofﬁcii</strong></span> <span class='ocrx_word' id='word_1_156' title='bbox 2597 1037 2763 1091; x_wconf 81' lang='lat' dir='ltr'><strong>nostri</strong></span> <span class='ocrx_word' id='word_1_157' title='bbox 2788 1054 3131 1110; x_wconf 81' lang='lat' dir='ltr'><strong>sequerentur,</strong></span> <span class='ocrx_word' id='word_1_158' title='bbox 3176 1037 3444 1096; x_wconf 82' lang='lat' dir='ltr'><strong>Tlteodnlo</strong></span> <span class='ocrx_word' id='word_1_159' title='bbox 3465 1049 3591 1096; x_wconf 77' lang='lat' dir='ltr'><strong>tunc</strong></span> <span class='ocrx_word' id='word_1_160' title='bbox 3622 1040 3748 1097; x_wconf 83' lang='lat' dir='ltr'><strong>No—</strong></span> 
     </span>
    </p>
   </div>
   <div class='ocr_carea' id='block_1_24' title="bbox 2136 1131 3747 1206">
    <p class='ocr_par' dir='ltr' id='par_1_24' title="bbox 2136 1131 3747 1206">
     <span class='ocr_line' id='line_1_24' title="bbox 2136 1131 3747 1206; baseline 0.004 -22"><span class='ocrx_word' id='word_1_161' title='bbox 2136 1131 2271 1185; x_wconf 84' lang='lat' dir='ltr'><strong>tario</strong></span> <span class='ocrx_word' id='word_1_162' title='bbox 2298 1134 2383 1198; x_wconf 84' lang='lat' dir='ltr'><strong>qui</strong></span> <span class='ocrx_word' id='word_1_163' title='bbox 2431 1141 2610 1201; x_wconf 79' lang='lat' dir='ltr'><strong>postea</strong></span> <span class='ocrx_word' id='word_1_164' title='bbox 2633 1148 2836 1186; x_wconf 86' lang='lat' dir='ltr'><strong>summa</strong></span> <span class='ocrx_word' id='word_1_165' title='bbox 2860 1147 2978 1186; x_wconf 84' lang='lat' dir='ltr'><strong>cum</strong></span> <span class='ocrx_word' id='word_1_166' title='bbox 3006 1134 3177 1206; x_wconf 84' lang='lat' dir='ltr'><strong>gratia</strong></span> <span class='ocrx_word' id='word_1_167' title='bbox 3210 1132 3556 1190; x_wconf 76' lang='lat' dir='ltr'><strong>Mutinensem</strong></span> <span class='ocrx_word' id='word_1_168' title='bbox 3599 1136 3747 1192; x_wconf 67' lang='lat' dir='ltr'><strong>rexit</strong></span> 
     </span>
    </p>
   </div>
   <div class='ocr_carea' id='block_1_25' title="bbox 2137 1220 3747 1298">
    <p class='ocr_par' dir='ltr' id='par_1_25' title="bbox 2137 1220 3747 1298">
     <span class='ocr_line' id='line_1_25' title="bbox 2137 1220 3747 1298; baseline 0.006 -21"><span class='ocrx_word' id='word_1_169' title='bbox 2137 1220 2445 1288; x_wconf 79' lang='lat' dir='ltr'><strong>Ecclesium,</strong></span> <span class='ocrx_word' id='word_1_170' title='bbox 2469 1233 2576 1278; x_wconf 86' lang='lat' dir='ltr'><strong>etc.</strong></span> <span class='ocrx_word' id='word_1_171' title='bbox 2607 1222 2664 1280; x_wconf 89' lang='lat' dir='ltr'><strong>Si</strong></span> <span class='ocrx_word' id='word_1_172' title='bbox 2689 1223 2835 1278; x_wconf 83' lang='lat' dir='ltr'><strong>enim</strong></span> <span class='ocrx_word' id='word_1_173' title='bbox 2863 1225 3147 1280; x_wconf 83' lang='lat' dir='ltr'><strong>Victricius</strong></span> <span class='ocrx_word' id='word_1_174' title='bbox 3175 1226 3245 1280; x_wconf 85' lang='lat' dir='ltr'><strong>de</strong></span> <span class='ocrx_word' id='word_1_175' title='bbox 3271 1227 3552 1298; x_wconf 85' lang='lat' dir='ltr'><strong>episcopo,</strong></span> <span class='ocrx_word' id='word_1_176' title='bbox 3580 1245 3747 1286; x_wconf 82' lang='lat' dir='ltr'><strong>men-</strong></span> 
     </span>
    </p>
   </div>
   <div class='ocr_carea' id='block_1_26' title="bbox 2135 1315 3747 1388">
    <p class='ocr_par' dir='ltr' id='par_1_26' title="bbox 2135 1315 3747 1388">
     <span class='ocr_line' id='line_1_26' title="bbox 2135 1315 3747 1388; baseline 0.006 -19"><span class='ocrx_word' id='word_1_177' title='bbox 2135 1317 2337 1371; x_wconf 77' lang='lat' dir='ltr'><strong>tionem</strong></span> <span class='ocrx_word' id='word_1_178' title='bbox 2368 1315 2547 1384; x_wconf 85' lang='lat' dir='ltr'><strong>laciat,</strong></span> <span class='ocrx_word' id='word_1_179' title='bbox 2579 1317 2704 1373; x_wconf 92' lang='lat' dir='ltr'><strong>hinc</strong></span> <span class='ocrx_word' id='word_1_180' title='bbox 2730 1317 2898 1388; x_wconf 86' lang='lat' dir='ltr'><strong>liquet</strong></span> <span class='ocrx_word' id='word_1_181' title='bbox 2927 1318 3089 1374; x_wconf 81' lang='lat' dir='ltr'><strong>alium</strong></span> <span class='ocrx_word' id='word_1_182' title='bbox 3111 1334 3232 1376; x_wconf 89' lang='lat' dir='ltr'><strong>esse</strong></span> <span class='ocrx_word' id='word_1_183' title='bbox 3257 1336 3286 1375; x_wconf 85' lang='lat' dir='ltr'><strong>a</strong></span> <span class='ocrx_word' id='word_1_184' title='bbox 3308 1319 3594 1377; x_wconf 85' lang='lat' dir='ltr'><strong>Theodqu</strong></span> <span class='ocrx_word' id='word_1_185' title='bbox 3620 1321 3747 1379; x_wconf 80' lang='lat' dir='ltr'><strong>Mu-</strong></span> 
     </span>
    </p>
   </div>
   <div class='ocr_carea' id='block_1_27' title="bbox 2135 1410 3741 1483">
    <p class='ocr_par' dir='ltr' id='par_1_27' title="bbox 2135 1410 3741 1483">
     <span class='ocr_line' id='line_1_27' title="bbox 2135 1410 3741 1483; baseline 0.006 -19"><span class='ocrx_word' id='word_1_186' title='bbox 2135 1410 2328 1466; x_wconf 86' lang='lat' dir='ltr'><strong>tinensi</strong></span> <span class='ocrx_word' id='word_1_187' title='bbox 2351 1411 2631 1482; x_wconf 86' lang='lat' dir='ltr'><strong>episcopo,</strong></span> <span class='ocrx_word' id='word_1_188' title='bbox 2655 1412 2800 1483; x_wconf 90' lang='lat' dir='ltr'><strong>quod</strong></span> <span class='ocrx_word' id='word_1_189' title='bbox 2827 1427 3020 1483; x_wconf 78' lang='lat' dir='ltr'><strong>nempe</strong></span> <span class='ocrx_word' id='word_1_190' title='bbox 3040 1413 3397 1475; x_wconf 76' lang='lat' dir='ltr'><strong>Mutinensem</strong></span> <span class='ocrx_word' id='word_1_191' title='bbox 3413 1412 3741 1474; x_wconf 80' lang='lat' dir='ltr'><strong>cathedram</strong></span> 
     </span>
    </p>
   </div>
   <div class='ocr_carea' id='block_1_28' title="bbox 2136 1503 3742 1582">
    <p class='ocr_par' dir='ltr' id='par_1_28' title="bbox 2136 1503 3742 1582">
     <span class='ocr_line' id='line_1_28' title="bbox 2136 1503 3742 1582; baseline 0.006 -24"><span class='ocrx_word' id='word_1_192' title='bbox 2136 1503 2378 1558; x_wconf 89' lang='lat' dir='ltr'><strong>nondum</strong></span> <span class='ocrx_word' id='word_1_193' title='bbox 2425 1503 2772 1568; x_wconf 79' lang='lat' dir='ltr'><strong>ascenderat,</strong></span> <span class='ocrx_word' id='word_1_194' title='bbox 2802 1520 2925 1562; x_wconf 91' lang='lat' dir='ltr'><strong>cum</strong></span> <span class='ocrx_word' id='word_1_195' title='bbox 2957 1505 3222 1579; x_wconf 79' lang='lat' dir='ltr'><strong>Reliquize</strong></span> <span class='ocrx_word' id='word_1_196' title='bbox 3251 1507 3580 1566; x_wconf 88' lang='lat' dir='ltr'><strong>Sanctorum</strong></span> <span class='ocrx_word' id='word_1_197' title='bbox 3631 1509 3742 1582; x_wconf 78' lang='lat' dir='ltr'><strong>ipsi</strong></span> 
     </span>
    </p>
   </div>
   <div class='ocr_carea' id='block_1_29' title="bbox 2133 1597 3740 1676">
    <p class='ocr_par' dir='ltr' id='par_1_29' title="bbox 2133 1597 3740 1676">
     <span class='ocr_line' id='line_1_29' title="bbox 2133 1597 3740 1676; baseline 0.007 -25"><span class='ocrx_word' id='word_1_198' title='bbox 2133 1597 2420 1668; x_wconf 53' lang='lat' dir='ltr'><strong>assignatas</strong></span> <span class='ocrx_word' id='word_1_199' title='bbox 2443 1597 2690 1664; x_wconf 81' lang='lat' dir='ltr'><strong>fuerunt;</strong></span> <span class='ocrx_word' id='word_1_200' title='bbox 2714 1599 2978 1670; x_wconf 83' lang='lat' dir='ltr'><strong>siquidem</strong></span> <span class='ocrx_word' id='word_1_201' title='bbox 3002 1614 3073 1655; x_wconf 71' lang='lat' dir='ltr'><strong>ex</strong></span> <span class='ocrx_word' id='word_1_202' title='bbox 3099 1600 3222 1656; x_wconf 87' lang='lat' dir='ltr'><strong>loco</strong></span> <span class='ocrx_word' id='word_1_203' title='bbox 3241 1600 3454 1659; x_wconf 76' lang='lat' dir='ltr'><strong>Paulini</strong></span> <span class='ocrx_word' id='word_1_204' title='bbox 3477 1605 3740 1676; x_wconf 88' lang='lat' dir='ltr'><strong>superius</strong></span> 
     </span>
    </p>
   </div>
   <div class='ocr_carea' id='block_1_30' title="bbox 2134 1688 3739 1764">
    <p class='ocr_par' dir='ltr' id='par_1_30' title="bbox 2134 1688 3739 1764">
     <span class='ocr_line' id='line_1_30' title="bbox 2134 1688 3739 1764; baseline 0.007 -21"><span class='ocrx_word' id='word_1_205' title='bbox 2134 1688 2370 1764; x_wconf 82' lang='lat' dir='ltr'><strong>allegato</strong></span> <span class='ocrx_word' id='word_1_206' title='bbox 2402 1697 2611 1746; x_wconf 90' lang='lat' dir='ltr'><strong>certum</strong></span> <span class='ocrx_word' id='word_1_207' title='bbox 2658 1701 2739 1746; x_wconf 88' lang='lat' dir='ltr'><strong>est</strong></span> <span class='ocrx_word' id='word_1_208' title='bbox 2767 1707 2892 1748; x_wconf 88' lang='lat' dir='ltr'><strong>eum</strong></span> <span class='ocrx_word' id='word_1_209' title='bbox 2923 1707 3068 1747; x_wconf 84' lang='lat' dir='ltr'><strong>anno</strong></span> <span class='ocrx_word' id='word_1_210' title='bbox 3106 1691 3236 1761; x_wconf 78' lang='lat'><strong>395,</strong></span> <span class='ocrx_word' id='word_1_211' title='bbox 3269 1703 3391 1763; x_wconf 88' lang='lat' dir='ltr'><strong>post</strong></span> <span class='ocrx_word' id='word_1_212' title='bbox 3433 1695 3739 1755; x_wconf 70' lang='lat' dir='ltr'><strong>Theodosii</strong></span> 
     </span>
    </p>
   </div>
   <div class='ocr_carea' id='block_1_31' title="bbox 2137 1783 3743 1848">
    <p class='ocr_par' dir='ltr' id='par_1_31' title="bbox 2137 1783 3743 1848">
     <span class='ocr_line' id='line_1_31' title="bbox 2137 1783 3743 1848; baseline 0.006 -10"><span class='ocrx_word' id='word_1_213' title='bbox 2137 1796 2368 1842; x_wconf 89' lang='lat' dir='ltr'><strong>mortem</strong></span> <span class='ocrx_word' id='word_1_214' title='bbox 2399 1783 2605 1841; x_wconf 86' lang='lat' dir='ltr'><strong>Notarii</strong></span> <span class='ocrx_word' id='word_1_215' title='bbox 2639 1786 2820 1840; x_wconf 86' lang='lat' dir='ltr'><strong>munia</strong></span> <span class='ocrx_word' id='word_1_216' title='bbox 2863 1785 2966 1842; x_wconf 89' lang='lat' dir='ltr'><strong>sub</strong></span> <span class='ocrx_word' id='word_1_217' title='bbox 2997 1798 3189 1843; x_wconf 82' lang='lat' dir='ltr'><strong>sancto</strong></span> <span class='ocrx_word' id='word_1_218' title='bbox 3234 1786 3528 1846; x_wconf 82' lang='lat' dir='ltr'><strong>Ambrosio</strong></span> <span class='ocrx_word' id='word_1_219' title='bbox 3555 1788 3743 1848; x_wconf 84' lang='lat' dir='ltr'><strong>adhuc</strong></span> 
     </span>
    </p>
   </div>
   <div class='ocr_carea' id='block_1_32' title="bbox 2135 1875 3739 1956">
    <p class='ocr_par' dir='ltr' id='par_1_32' title="bbox 2135 1875 3739 1956">
     <span class='ocr_line' id='line_1_32' title="bbox 2135 1875 3739 1956; baseline 0.004 -22"><span class='ocrx_word' id='word_1_220' title='bbox 2135 1877 2334 1950; x_wconf 83' lang='lat' dir='ltr'><strong>egisse.</strong></span> <span class='ocrx_word' id='word_1_221' title='bbox 2362 1875 2568 1934; x_wconf 84' lang='lat' dir='ltr'><strong>Scribit</strong></span> <span class='ocrx_word' id='word_1_222' title='bbox 2596 1877 2854 1949; x_wconf 81' lang='lat' dir='ltr'><strong>Ughellus</strong></span> <span class='ocrx_word' id='word_1_223' title='bbox 2881 1880 3202 1936; x_wconf 82' lang='lat' dir='ltr'><strong>memoriam</strong></span> <span class='ocrx_word' id='word_1_224' title='bbox 3230 1879 3458 1954; x_wconf 88' lang='lat' dir='ltr'><strong>hujusce</strong></span> <span class='ocrx_word' id='word_1_225' title='bbox 3485 1883 3739 1956; x_wconf 76' lang='lat' dir='ltr'><strong>episcopi</strong></span> 
     </span>
    </p>
   </div>
   <div class='ocr_carea' id='block_1_33' title="bbox 424 1965 3746 2050">
    <p class='ocr_par' dir='ltr' id='par_1_33' title="bbox 424 1965 3746 2050">
     <span class='ocr_line' id='line_1_33' title="bbox 424 1965 3746 2050; baseline -0 -16"><span class='ocrx_word' id='word_1_226' title='bbox 424 1979 627 2050; x_wconf 85' lang='lat' dir='ltr'><strong>quibus</strong></span> <span class='ocrx_word' id='word_1_227' title='bbox 671 1979 868 2034; x_wconf 87' lang='lat' dir='ltr'><strong>similis</strong></span> <span class='ocrx_word' id='word_1_228' title='bbox 922 1978 1193 2050; x_wconf 86' lang='lat' dir='ltr'><strong>reperitur</strong></span> <span class='ocrx_word' id='word_1_229' title='bbox 1220 1976 1280 2033; x_wconf 91' lang='lat' dir='ltr'><strong>S.</strong></span> <span class='ocrx_word' id='word_1_230' title='bbox 1311 1975 1548 2031; x_wconf 71' lang='lat' dir='ltr'><strong>Matthaai</strong></span> <span class='ocrx_word' id='word_1_231' title='bbox 1593 1973 1908 2040; x_wconf 76' lang='lat' dir='ltr'><strong>translatio,</strong></span> <span class='ocrx_word' id='word_1_232' title='bbox 1958 1988 2024 2030; x_wconf 74' lang='lat' dir='ltr'><strong>ex</strong></span> <span class='ocrx_word' id='word_1_233' title='bbox 2061 1988 2110 2050; x_wconf 74' lang='grc' dir='ltr'><strong>Β</strong></span> <span class='ocrx_word' id='word_1_234' title='bbox 2137 1987 2293 2041; x_wconf 83' lang='lat' dir='ltr'><strong>quem</strong></span> <span class='ocrx_word' id='word_1_235' title='bbox 2320 1968 2667 2027; x_wconf 78' lang='lat' dir='ltr'><strong>Theodorum</strong></span> <span class='ocrx_word' id='word_1_236' title='bbox 2697 1965 2836 2028; x_wconf 82' lang='lat' dir='ltr'><strong>male</strong></span> <span class='ocrx_word' id='word_1_237' title='bbox 2858 1981 3031 2040; x_wconf 72' lang='lat' dir='ltr'><strong>vocat,</strong></span> <span class='ocrx_word' id='word_1_238' title='bbox 3059 1986 3273 2030; x_wconf 81' lang='lat' dir='ltr'><strong>exstare</strong></span> <span class='ocrx_word' id='word_1_239' title='bbox 3292 1974 3344 2030; x_wconf 93' lang='lat' dir='ltr'><strong>in</strong></span> <span class='ocrx_word' id='word_1_240' title='bbox 3368 1977 3746 2034; x_wconf 76' lang='lat' dir='ltr'><strong>monumentis</strong></span> 
     </span>
    </p>
   </div>
   <div class='ocr_carea' id='block_1_34' title="bbox 424 2065 2036 2142">
    <p class='ocr_par' dir='ltr' id='par_1_34' title="bbox 424 2065 2036 2142">
     <span class='ocr_line' id='line_1_34' title="bbox 424 2065 2036 2142; baseline -0.001 -15"><span class='ocrx_word' id='word_1_241' title='bbox 424 2070 583 2142; x_wconf 83' lang='lat' dir='ltr'><strong>cujus</strong></span> <span class='ocrx_word' id='word_1_242' title='bbox 633 2071 738 2128; x_wconf 83' lang='lat' dir='ltr'><strong>tide</strong></span> <span class='ocrx_word' id='word_1_243' title='bbox 787 2071 974 2128; x_wconf 78' lang='lat' dir='ltr'><strong>Patres</strong></span> <span class='ocrx_word' id='word_1_244' title='bbox 1013 2070 1316 2141; x_wconf 64' lang='lat' dir='ltr'><strong>Scriptura</strong></span> <span class='ocrx_word' id='word_1_245' title='bbox 1363 2069 1674 2126; x_wconf 86' lang='lat' dir='ltr'><strong>testimonia</strong></span> <span class='ocrx_word' id='word_1_246' title='bbox 1731 2065 2036 2125; x_wconf 75' lang='lat' dir='ltr'><strong>aﬂerebaut</strong></span> 
     </span>
    </p>
   </div>
   <div class='ocr_carea' id='block_1_35' title="bbox 421 2165 1244 2238">
    <p class='ocr_par' dir='ltr' id='par_1_35' title="bbox 421 2165 1244 2238">
     <span class='ocr_line' id='line_1_35' title="bbox 421 2165 1244 2238; baseline -0.002 -16"><span class='ocrx_word' id='word_1_247' title='bbox 421 2176 549 2224; x_wconf 91' lang='lat' dir='ltr'><strong>ante</strong></span> <span class='ocrx_word' id='word_1_248' title='bbox 570 2165 630 2224; x_wconf 74' lang='grc' dir='ltr'><strong>Β.</strong></span> <span class='ocrx_word' id='word_1_249' title='bbox 657 2166 974 2238; x_wconf 68' lang='lat' dir='ltr'><strong>Hieronymi</strong></span> <span class='ocrx_word' id='word_1_250' title='bbox 1003 2176 1244 2221; x_wconf 75' lang='lat' dir='ltr'><strong>aetatem.</strong></span> 
     </span>
    </p>
   </div>
   <div class='ocr_carea' id='block_1_36' title="bbox 497 2252 2034 2331">
    <p class='ocr_par' dir='ltr' id='par_1_36' title="bbox 497 2252 2034 2331">
     <span class='ocr_line' id='line_1_36' title="bbox 497 2252 2034 2331; baseline -0.003 -17"><span class='ocrx_word' id='word_1_251' title='bbox 497 2260 594 2316; x_wconf 91' lang='lat' dir='ltr'><strong>llic</strong></span> <span class='ocrx_word' id='word_1_252' title='bbox 625 2261 680 2315; x_wconf 85' lang='lat' dir='ltr'><strong>in</strong></span> <span class='ocrx_word' id='word_1_253' title='bbox 707 2261 1067 2331; x_wconf 61' lang='lat' dir='ltr'><strong>quiestionem</strong></span> <span class='ocrx_word' id='word_1_254' title='bbox 1095 2258 1290 2315; x_wconf 83' lang='lat' dir='ltr'><strong>venire</strong></span> <span class='ocrx_word' id='word_1_255' title='bbox 1317 2265 1503 2328; x_wconf 84' lang='lat' dir='ltr'><strong>posset</strong></span> <span class='ocrx_word' id='word_1_256' title='bbox 1529 2271 1600 2312; x_wconf 87' lang='lat' dir='ltr'><strong>an</strong></span> <span class='ocrx_word' id='word_1_257' title='bbox 1633 2270 1772 2326; x_wconf 88' lang='lat' dir='ltr'><strong>opus</strong></span> <span class='ocrx_word' id='word_1_258' title='bbox 1801 2253 1936 2312; x_wconf 88' lang='lat' dir='ltr'><strong>illud</strong></span> <span class='ocrx_word' id='word_1_259' title='bbox 1960 2252 2034 2310; x_wconf 88' lang='lat' dir='ltr'><strong>sit</strong></span> 
     </span>
    </p>
   </div>
   <div class='ocr_carea' id='block_1_37' title="bbox 413 2348 2034 2426">
    <p class='ocr_par' dir='ltr' id='par_1_37' title="bbox 413 2348 2034 2426">
     <span class='ocr_line' id='line_1_37' title="bbox 413 2348 2034 2426; baseline -0.004 -15"><span class='ocrx_word' id='word_1_260' title='bbox 413 2355 610 2411; x_wconf 87' lang='lat' dir='ltr'><strong>concio</strong></span> <span class='ocrx_word' id='word_1_261' title='bbox 640 2370 800 2426; x_wconf 86' lang='lat' dir='ltr'><strong>quam</strong></span> <span class='ocrx_word' id='word_1_262' title='bbox 820 2369 1007 2410; x_wconf 88' lang='lat' dir='ltr'><strong>coram</strong></span> <span class='ocrx_word' id='word_1_263' title='bbox 1036 2352 1239 2426; x_wconf 82' lang='lat' dir='ltr'><strong>popqu</strong></span> <span class='ocrx_word' id='word_1_264' title='bbox 1260 2348 1692 2421; x_wconf 79' lang='lat' dir='ltr'><strong>Rothomagensi</strong></span> <span class='ocrx_word' id='word_1_265' title='bbox 1715 2348 2034 2405; x_wconf 80' lang='lat' dir='ltr'><strong>recitaverit</strong></span> 
     </span>
    </p>
   </div>
   <div class='ocr_carea' id='block_1_38' title="bbox 422 2443 2030 2520">
    <p class='ocr_par' dir='ltr' id='par_1_38' title="bbox 422 2443 2030 2520">
     <span class='ocr_line' id='line_1_38' title="bbox 422 2443 2030 2520; baseline -0.002 -16"><span class='ocrx_word' id='word_1_266' title='bbox 422 2447 722 2505; x_wconf 83' lang='lat' dir='ltr'><strong>Victricius</strong></span> <span class='ocrx_word' id='word_1_267' title='bbox 751 2449 838 2505; x_wconf 81' lang='lat' dir='ltr'><strong>vel</strong></span> <span class='ocrx_word' id='word_1_268' title='bbox 869 2447 1089 2505; x_wconf 85' lang='lat' dir='ltr'><strong>libellus</strong></span> <span class='ocrx_word' id='word_1_269' title='bbox 1117 2461 1282 2520; x_wconf 88' lang='lat' dir='ltr'><strong>quem</strong></span> <span class='ocrx_word' id='word_1_270' title='bbox 1323 2443 1513 2517; x_wconf 83' lang='lat' dir='ltr'><strong>populi</strong></span> <span class='ocrx_word' id='word_1_271' title='bbox 1542 2443 1810 2501; x_wconf 85' lang='lat' dir='ltr'><strong>edocendi</strong></span> <span class='ocrx_word' id='word_1_272' title='bbox 1855 2446 2030 2516; x_wconf 84' lang='lat' dir='ltr'><strong>gratia</strong></span> 
     </span>
    </p>
   </div>
   <div class='ocr_carea' id='block_1_39' title="bbox 417 2538 2030 2614">
    <p class='ocr_par' dir='ltr' id='par_1_39' title="bbox 417 2538 2030 2614">
     <span class='ocr_line' id='line_1_39' title="bbox 417 2538 2030 2614; baseline -0.002 -16"><span class='ocrx_word' id='word_1_273' title='bbox 417 2542 832 2614; x_wconf 71' lang='lat' dir='ltr'><strong>composuerit?</strong></span> <span class='ocrx_word' id='word_1_274' title='bbox 875 2541 957 2598; x_wconf 77' lang='lat' dir='ltr'><strong>Ex</strong></span> <span class='ocrx_word' id='word_1_275' title='bbox 981 2541 1199 2598; x_wconf 85' lang='lat' dir='ltr'><strong>duobus</strong></span> <span class='ocrx_word' id='word_1_276' title='bbox 1237 2541 1422 2611; x_wconf 89' lang='lat' dir='ltr'><strong>operis</strong></span> <span class='ocrx_word' id='word_1_277' title='bbox 1457 2538 1592 2596; x_wconf 87' lang='lat' dir='ltr'><strong>locis</strong></span> <span class='ocrx_word' id='word_1_278' title='bbox 1631 2538 1875 2595; x_wconf 88' lang='lat' dir='ltr'><strong>libellum</strong></span> <span class='ocrx_word' id='word_1_279' title='bbox 1904 2554 2030 2596; x_wconf 78' lang='lat' dir='ltr'><strong>cre-</strong></span> 
     </span>
    </p>
   </div>
   <div class='ocr_carea' id='block_1_40' title="bbox 419 2631 2029 2709">
    <p class='ocr_par' dir='ltr' id='par_1_40' title="bbox 419 2631 2029 2709">
     <span class='ocr_line' id='line_1_40' title="bbox 419 2631 2029 2709; baseline -0.002 -17"><span class='ocrx_word' id='word_1_280' title='bbox 419 2635 546 2692; x_wconf 74' lang='lat' dir='ltr'><strong>dam</strong></span> <span class='ocrx_word' id='word_1_281' title='bbox 579 2637 758 2709; x_wconf 84' lang='lat' dir='ltr'><strong>petius</strong></span> <span class='ocrx_word' id='word_1_282' title='bbox 785 2650 911 2694; x_wconf 80' lang='lat' dir='ltr'><strong>esse</strong></span> <span class='ocrx_word' id='word_1_283' title='bbox 951 2649 1115 2706; x_wconf 84' lang='lat' dir='ltr'><strong>quam</strong></span> <span class='ocrx_word' id='word_1_284' title='bbox 1145 2635 1489 2691; x_wconf 86' lang='lat' dir='ltr'><strong>concionem.</strong></span> <span class='ocrx_word' id='word_1_285' title='bbox 1523 2631 1634 2689; x_wconf 84' lang='lat' dir='ltr'><strong>Sed</strong></span> <span class='ocrx_word' id='word_1_286' title='bbox 1678 2647 1798 2702; x_wconf 83' lang='lat' dir='ltr'><strong>nas,</strong></span> <span class='ocrx_word' id='word_1_287' title='bbox 1831 2633 2029 2706; x_wconf 82' lang='lat' dir='ltr'><strong>inquit,</strong></span> 
     </span>
    </p>
   </div>
   <div class='ocr_carea' id='block_1_41' title="bbox 425 2725 2029 2802">
    <p class='ocr_par' dir='ltr' id='par_1_41' title="bbox 425 2725 2029 2802">
     <span class='ocr_line' id='line_1_41' title="bbox 425 2725 2029 2802; baseline -0.002 -18"><span class='ocrx_word' id='word_1_288' title='bbox 425 2730 766 2802; x_wconf 85' lang='lat' dir='ltr'><strong>paragrapho</strong></span> <span class='ocrx_word' id='word_1_289' title='bbox 805 2730 861 2796; x_wconf 88' lang='lat'><strong>9,</strong></span> <span class='ocrx_word' id='word_1_290' title='bbox 889 2729 946 2785; x_wconf 82' lang='lat' dir='ltr'><strong>in</strong></span> <span class='ocrx_word' id='word_1_291' title='bbox 974 2737 1124 2786; x_wconf 69' lang='lat' dir='ltr'><strong>tanta</strong></span> <span class='ocrx_word' id='word_1_292' title='bbox 1168 2727 1526 2800; x_wconf 79' lang='lat' dir='ltr'><strong>gratulatione</strong></span> <span class='ocrx_word' id='word_1_293' title='bbox 1564 2725 1756 2782; x_wconf 77' lang='lat' dir='ltr'><strong>librum</strong></span> <span class='ocrx_word' id='word_1_294' title='bbox 1802 2726 2029 2782; x_wconf 83' lang='lat' dir='ltr'><strong>tumultu</strong></span> 
     </span>
    </p>
   </div>
   <div class='ocr_carea' id='block_1_42' title="bbox 422 2818 2026 2896">
    <p class='ocr_par' dir='ltr' id='par_1_42' title="bbox 422 2818 2026 2896">
     <span class='ocr_line' id='line_1_42' title="bbox 422 2818 2026 2896; baseline 0 -19"><span class='ocrx_word' id='word_1_295' title='bbox 422 2824 768 2895; x_wconf 65' lang='lat' dir='ltr'><strong>quastionum</strong></span> <span class='ocrx_word' id='word_1_296' title='bbox 791 2823 1094 2896; x_wconf 78' lang='lat' dir='ltr'><strong>refercimus</strong></span> <span class='ocrx_word' id='word_1_297' title='bbox 1111 2837 1130 2877; x_wconf 90' lang='lat'><strong><em>:</em></strong></span> <span class='ocrx_word' id='word_1_298' title='bbox 1146 2829 1201 2878; x_wconf 87' lang='lat' dir='ltr'><strong>et</strong></span> <span class='ocrx_word' id='word_1_299' title='bbox 1222 2837 1414 2877; x_wconf 85' lang='lat' dir='ltr'><strong>versus</strong></span> <span class='ocrx_word' id='word_1_300' title='bbox 1438 2819 1600 2877; x_wconf 79' lang='lat' dir='ltr'><strong>ﬁnem</strong></span> <span class='ocrx_word' id='word_1_301' title='bbox 1627 2818 1948 2891; x_wconf 81' lang='lat' dir='ltr'><strong>paragt-aphi</strong></span> <span class='ocrx_word' id='word_1_302' title='bbox 1971 2818 2026 2890; x_wconf 90' lang='lat'><strong>9,</strong></span> 
     </span>
    </p>
   </div>
   <div class='ocr_carea' id='block_1_43' title="bbox 421 2914 2030 2984">
    <p class='ocr_par' dir='ltr' id='par_1_43' title="bbox 421 2914 2030 2984">
     <span class='ocr_line' id='line_1_43' title="bbox 421 2914 2030 2984; baseline -0.004 -10"><span class='ocrx_word' id='word_1_303' title='bbox 421 2917 485 2974; x_wconf 85' lang='lat' dir='ltr'><strong>Si</strong></span> <span class='ocrx_word' id='word_1_304' title='bbox 511 2929 692 2974; x_wconf 79' lang='lat' dir='ltr'><strong>nostra</strong></span> <span class='ocrx_word' id='word_1_305' title='bbox 720 2919 804 2974; x_wconf 82' lang='lat' dir='ltr'><strong>cui</strong></span> <span class='ocrx_word' id='word_1_306' title='bbox 833 2917 1063 2975; x_wconf 79' lang='lat' dir='ltr'><strong>sordebit</strong></span> <span class='ocrx_word' id='word_1_307' title='bbox 1087 2918 1283 2984; x_wconf 86' lang='lat' dir='ltr'><strong>oratio,</strong></span> <span class='ocrx_word' id='word_1_308' title='bbox 1308 2917 1540 2972; x_wconf 79' lang='lat' dir='ltr'><strong>studium</strong></span> <span class='ocrx_word' id='word_1_309' title='bbox 1563 2925 1697 2972; x_wconf 86' lang='lat' dir='ltr'><strong>certe</strong></span> <span class='ocrx_word' id='word_1_310' title='bbox 1725 2914 2030 2983; x_wconf 82' lang='lat' dir='ltr'><strong>neutiquam</strong></span> 
     </span>
    </p>
   </div>
   <div class='ocr_carea' id='block_1_44' title="bbox 419 3001 2032 3080">
    <p class='ocr_par' dir='ltr' id='par_1_44' title="bbox 419 3001 2032 3080">
     <span class='ocr_line' id='line_1_44' title="bbox 419 3001 2032 3080; baseline -0.002 -14"><span class='ocrx_word' id='word_1_311' title='bbox 419 3012 739 3080; x_wconf 74' lang='lat' dir='ltr'><strong>displicebit,</strong></span> <span class='ocrx_word' id='word_1_312' title='bbox 784 3011 1043 3079; x_wconf 86' lang='lat' dir='ltr'><strong>siquidem</strong></span> <span class='ocrx_word' id='word_1_313' title='bbox 1074 3001 1168 3067; x_wconf 84' lang='lat' dir='ltr'><strong>nos</strong></span> <span class='ocrx_word' id='word_1_314' title='bbox 1199 3008 1394 3065; x_wconf 73' lang='lat' dir='ltr'><strong>videbit</strong></span> <span class='ocrx_word' id='word_1_315' title='bbox 1438 3007 1632 3064; x_wconf 79' lang='lat' dir='ltr'><strong>librum</strong></span> <span class='ocrx_word' id='word_1_316' title='bbox 1663 3007 1893 3080; x_wconf 75' lang='lat' dir='ltr'><strong>simplici</strong></span> <span class='ocrx_word' id='word_1_317' title='bbox 1923 3008 2032 3075; x_wconf 78' lang='lat' dir='ltr'><strong>ﬁde</strong></span> 
     </span>
    </p>
   </div>
   <div class='ocr_carea' id='block_1_45' title="bbox 417 3096 2026 3174">
    <p class='ocr_par' dir='ltr' id='par_1_45' title="bbox 417 3096 2026 3174">
     <span class='ocr_line' id='line_1_45' title="bbox 417 3096 2026 3174; baseline -0.004 -13"><span class='ocrx_word' id='word_1_318' title='bbox 417 3096 681 3174; x_wconf 71' lang='lat' dir='ltr'><strong>exarasse,</strong></span> <span class='ocrx_word' id='word_1_319' title='bbox 709 3121 814 3160; x_wconf 88' lang='lat' dir='ltr'><strong>non</strong></span> <span class='ocrx_word' id='word_1_320' title='bbox 837 3107 1031 3160; x_wconf 78' lang='lat' dir='ltr'><strong>verbis.</strong></span> <span class='ocrx_word' id='word_1_321' title='bbox 1065 3104 1226 3161; x_wconf 85' lang='lat' dir='ltr'><strong>Enim</strong></span> <span class='ocrx_word' id='word_1_322' title='bbox 1252 3120 1384 3159; x_wconf 86' lang='lat' dir='ltr'><strong>vero</strong></span> <span class='ocrx_word' id='word_1_323' title='bbox 1413 3103 1538 3158; x_wconf 67' lang='grc' dir='ltr'><strong>ηανξ</strong></span> <span class='ocrx_word' id='word_1_324' title='bbox 1567 3101 1845 3157; x_wconf 68' lang='lat' dir='ltr'><strong>confessio</strong></span> <span class='ocrx_word' id='word_1_325' title='bbox 1864 3116 2026 3171; x_wconf 86' lang='lat' dir='ltr'><strong>quam</strong></span> 
     </span>
    </p>
   </div>
   <div class='ocr_carea' id='block_1_46' title="bbox 415 3193 2029 3272">
    <p class='ocr_par' dir='ltr' id='par_1_46' title="bbox 415 3193 2029 3272">
     <span class='ocr_line' id='line_1_46' title="bbox 415 3193 2029 3272; baseline -0.006 -14"><span class='ocrx_word' id='word_1_326' title='bbox 415 3211 697 3269; x_wconf 81' lang='lat' dir='ltr'><strong>nuncupat</strong></span> <span class='ocrx_word' id='word_1_327' title='bbox 743 3201 1092 3272; x_wconf 78' lang='lat' dir='ltr'><strong>paragrapho</strong></span> <span class='ocrx_word' id='word_1_328' title='bbox 1119 3196 1178 3261; x_wconf 72' lang='grc'><strong>4.</strong></span> <span class='ocrx_word' id='word_1_329' title='bbox 1233 3206 1293 3254; x_wconf 88' lang='lat' dir='ltr'><strong>et</strong></span> <span class='ocrx_word' id='word_1_330' title='bbox 1337 3195 1586 3266; x_wconf 79' lang='lat' dir='ltr'><strong>repetitae</strong></span> <span class='ocrx_word' id='word_1_331' title='bbox 1636 3193 2029 3250; x_wconf 70' lang='lat' dir='ltr'><strong>advocationes</strong></span> 
     </span>
    </p>
   </div>
   <div class='ocr_carea' id='block_1_47' title="bbox 420 3289 2025 3366">
    <p class='ocr_par' dir='ltr' id='par_1_47' title="bbox 420 3289 2025 3366">
     <span class='ocr_line' id='line_1_47' title="bbox 420 3289 2025 3366; baseline -0.004 -13"><span class='ocrx_word' id='word_1_332' title='bbox 420 3294 529 3353; x_wconf 85' lang='lat' dir='ltr'><strong>SS.</strong></span> <span class='ocrx_word' id='word_1_333' title='bbox 556 3295 944 3363; x_wconf 79' lang='lat' dir='ltr'><strong>Apostolorum</strong></span> <span class='ocrx_word' id='word_1_334' title='bbox 985 3306 1042 3350; x_wconf 91' lang='lat' dir='ltr'><strong>et</strong></span> <span class='ocrx_word' id='word_1_335' title='bbox 1072 3295 1369 3366; x_wconf 81' lang='lat' dir='ltr'><strong>Martyrum</strong></span> <span class='ocrx_word' id='word_1_336' title='bbox 1399 3305 1630 3363; x_wconf 90' lang='lat' dir='ltr'><strong>quorum</strong></span> <span class='ocrx_word' id='word_1_337' title='bbox 1678 3289 1940 3361; x_wconf 70' lang='lat' dir='ltr'><strong>Reliquis:</strong></span> <span class='ocrx_word' id='word_1_338' title='bbox 1971 3289 2025 3346; x_wconf 88' lang='lat' dir='ltr'><strong>in</strong></span> 
     </span>
    </p>
   </div>
   <div class='ocr_carea' id='block_1_48' title="bbox 2139 2063 3744 2142">
    <p class='ocr_par' dir='ltr' id='par_1_48' title="bbox 2139 2063 3744 2142">
     <span class='ocr_line' id='line_1_48' title="bbox 2139 2063 3744 2142; baseline 0.006 -22"><span class='ocrx_word' id='word_1_339' title='bbox 2139 2063 2532 2123; x_wconf 81' lang='lat' dir='ltr'><strong>Mutinensibus</strong></span> <span class='ocrx_word' id='word_1_340' title='bbox 2583 2065 2649 2120; x_wconf 88' lang='lat' dir='ltr'><strong>ad</strong></span> <span class='ocrx_word' id='word_1_341' title='bbox 2695 2082 2894 2122; x_wconf 84' lang='lat' dir='ltr'><strong>annum</strong></span> <span class='ocrx_word' id='word_1_342' title='bbox 2951 2067 3076 2137; x_wconf 76' lang='lat'><strong>597,</strong></span> <span class='ocrx_word' id='word_1_343' title='bbox 3134 2084 3244 2139; x_wconf 86' lang='lat' dir='ltr'><strong>quo</strong></span> <span class='ocrx_word' id='word_1_344' title='bbox 3297 2067 3435 2125; x_wconf 79' lang='lat' dir='ltr'><strong>forte</strong></span> <span class='ocrx_word' id='word_1_345' title='bbox 3485 2077 3744 2142; x_wconf 80' lang='lat' dir='ltr'><strong>tempore</strong></span> 
     </span>
    </p>
   </div>
   <div class='ocr_carea' id='block_1_49' title="bbox 2138 2152 3740 2237">
    <p class='ocr_par' dir='ltr' id='par_1_49' title="bbox 2138 2152 3740 2237">
     <span class='ocr_line' id='line_1_49' title="bbox 2138 2152 3740 2237; baseline 0.004 -20"><span class='ocrx_word' id='word_1_346' title='bbox 2138 2162 2350 2218; x_wconf 87' lang='lat' dir='ltr'><strong>obierat</strong></span> <span class='ocrx_word' id='word_1_347' title='bbox 2387 2161 2710 2219; x_wconf 84' lang='lat' dir='ltr'><strong>Ambrosius</strong></span> <span class='ocrx_word' id='word_1_348' title='bbox 2744 2152 3146 2235; x_wconf 86' lang='lat' dir='ltr'><strong>etopusculum</strong></span> <span class='ocrx_word' id='word_1_349' title='bbox 3190 2163 3481 2220; x_wconf 80' lang='lat' dir='ltr'><strong>Victricius</strong></span> <span class='ocrx_word' id='word_1_350' title='bbox 3507 2164 3740 2237; x_wconf 83' lang='lat' dir='ltr'><strong>jamjam</strong></span> 
     </span>
    </p>
   </div>
   <div class='ocr_carea' id='block_1_50' title="bbox 2137 2268 2476 2314">
    <p class='ocr_par' dir='ltr' id='par_1_50' title="bbox 2137 2268 2476 2314">
     <span class='ocr_line' id='line_1_50' title="bbox 2137 2268 2476 2314; baseline -0.009 0"><span class='ocrx_word' id='word_1_351' title='bbox 2137 2268 2476 2314; x_wconf 81' lang='lat' dir='ltr'><strong>exaraverat.</strong></span> 
     </span>
    </p>
   </div>
   <div class='ocr_carea' id='block_1_51' title="bbox 2207 2349 3740 2427">
    <p class='ocr_par' dir='ltr' id='par_1_51' title="bbox 2207 2349 3740 2427">
     <span class='ocr_line' id='line_1_51' title="bbox 2207 2349 3740 2427; baseline 0.004 -22"><span class='ocrx_word' id='word_1_352' title='bbox 2207 2349 2342 2405; x_wconf 83' lang='lat' dir='ltr'><strong>Cum</strong></span> <span class='ocrx_word' id='word_1_353' title='bbox 2390 2351 2554 2422; x_wconf 75' lang='lat' dir='ltr'><strong>igitur</strong></span> <span class='ocrx_word' id='word_1_354' title='bbox 2601 2350 2766 2408; x_wconf 88' lang='lat' dir='ltr'><strong>alium</strong></span> <span class='ocrx_word' id='word_1_355' title='bbox 2817 2350 3159 2412; x_wconf 85' lang='lat' dir='ltr'><strong>Theodulum</strong></span> <span class='ocrx_word' id='word_1_356' title='bbox 3213 2353 3457 2427; x_wconf 84' lang='lat' dir='ltr'><strong>assignet</strong></span> <span class='ocrx_word' id='word_1_357' title='bbox 3487 2353 3740 2425; x_wconf 84' lang='lat' dir='ltr'><strong>Epistola</strong></span> 
     </span>
    </p>
   </div>
   <div class='ocr_carea' id='block_1_52' title="bbox 2135 2444 3737 2520">
    <p class='ocr_par' dir='ltr' id='par_1_52' title="bbox 2135 2444 3737 2520">
     <span class='ocr_line' id='line_1_52' title="bbox 2135 2444 3737 2520; baseline 0.004 -19"><span class='ocrx_word' id='word_1_358' title='bbox 2135 2445 2353 2501; x_wconf 84' lang='lat' dir='ltr'><strong>concilii</strong></span> <span class='ocrx_word' id='word_1_359' title='bbox 2378 2444 2798 2502; x_wconf 66' lang='lat' dir='ltr'><strong>Slediolaneusis</strong></span> <span class='ocrx_word' id='word_1_360' title='bbox 2825 2446 2891 2503; x_wconf 84' lang='lat' dir='ltr'><strong>ad</strong></span> <span class='ocrx_word' id='word_1_361' title='bbox 2937 2447 3192 2506; x_wconf 88' lang='lat' dir='ltr'><strong>Siricium</strong></span> <span class='ocrx_word' id='word_1_362' title='bbox 3224 2463 3416 2520; x_wconf 84' lang='lat' dir='ltr'><strong>papam</strong></span> <span class='ocrx_word' id='word_1_363' title='bbox 3443 2453 3570 2505; x_wconf 86' lang='lat' dir='ltr'><strong>anni</strong></span> <span class='ocrx_word' id='word_1_364' title='bbox 3602 2450 3737 2520; x_wconf 73' lang='lat'><strong>390,</strong></span> 
     </span>
    </p>
   </div>
   <div class='ocr_carea' id='block_1_53' title="bbox 2137 2536 3733 2614">
    <p class='ocr_par' dir='ltr' id='par_1_53' title="bbox 2137 2536 3733 2614">
     <span class='ocr_line' id='line_1_53' title="bbox 2137 2536 3733 2614; baseline 0.006 -20"><span class='ocrx_word' id='word_1_365' title='bbox 2137 2539 2299 2594; x_wconf 88' lang='lat' dir='ltr'><strong>istum</strong></span> <span class='ocrx_word' id='word_1_366' title='bbox 2348 2536 2492 2596; x_wconf 75' lang='lat' dir='ltr'><strong>forte</strong></span> <span class='ocrx_word' id='word_1_367' title='bbox 2543 2537 2884 2596; x_wconf 82' lang='lat' dir='ltr'><strong>Thcodulum</strong></span> <span class='ocrx_word' id='word_1_368' title='bbox 2932 2542 3136 2598; x_wconf 91' lang='lat' dir='ltr'><strong>indicat</strong></span> <span class='ocrx_word' id='word_1_369' title='bbox 3183 2545 3364 2614; x_wconf 87' lang='lat' dir='ltr'><strong>potius</strong></span> <span class='ocrx_word' id='word_1_370' title='bbox 3408 2542 3733 2603; x_wconf 76' lang='lat' dir='ltr'><strong>Victricius.</strong></span> 
     </span>
    </p>
   </div>
   <div class='ocr_carea' id='block_1_54' title="bbox 2135 2633 3739 2707">
    <p class='ocr_par' dir='ltr' id='par_1_54' title="bbox 2135 2633 3739 2707">
     <span class='ocr_line' id='line_1_54' title="bbox 2135 2633 3739 2707; baseline 0.003 -17"><span class='ocrx_word' id='word_1_371' title='bbox 2135 2633 2306 2703; x_wconf 89' lang='lat' dir='ltr'><strong>Cujus</strong></span> <span class='ocrx_word' id='word_1_372' title='bbox 2345 2642 2528 2690; x_wconf 89' lang='lat' dir='ltr'><strong>autem</strong></span> <span class='ocrx_word' id='word_1_373' title='bbox 2555 2634 2700 2690; x_wconf 89' lang='lat' dir='ltr'><strong>sedis</strong></span> <span class='ocrx_word' id='word_1_374' title='bbox 2724 2634 2998 2703; x_wconf 79' lang='lat' dir='ltr'><strong>exstiterit</strong></span> <span class='ocrx_word' id='word_1_375' title='bbox 3045 2636 3354 2707; x_wconf 77' lang='lat' dir='ltr'><strong>episcOpus,</strong></span> <span class='ocrx_word' id='word_1_376' title='bbox 3390 2635 3626 2693; x_wconf 77' lang='lat' dir='ltr'><strong>infertur</strong></span> <span class='ocrx_word' id='word_1_377' title='bbox 3667 2652 3739 2695; x_wconf 81' lang='lat' dir='ltr'><strong>ex</strong></span> 
     </span>
    </p>
   </div>
   <div class='ocr_carea' id='block_1_55' title="bbox 2135 2726 3738 2803">
    <p class='ocr_par' dir='ltr' id='par_1_55' title="bbox 2135 2726 3738 2803">
     <span class='ocr_line' id='line_1_55' title="bbox 2135 2726 3738 2803; baseline 0.004 -22"><span class='ocrx_word' id='word_1_378' title='bbox 2135 2726 2627 2798; x_wconf 81' lang='lat' dir='ltr'><strong>subscriptiombus</strong></span> <span class='ocrx_word' id='word_1_379' title='bbox 2657 2726 2874 2783; x_wconf 79' lang='lat' dir='ltr'><strong>concilii</strong></span> <span class='ocrx_word' id='word_1_380' title='bbox 2903 2727 3263 2800; x_wconf 83' lang='lat' dir='ltr'><strong>Aquileiensis</strong></span> <span class='ocrx_word' id='word_1_381' title='bbox 3291 2729 3419 2784; x_wconf 87' lang='lat' dir='ltr'><strong>anni</strong></span> <span class='ocrx_word' id='word_1_382' title='bbox 3449 2730 3582 2791; x_wconf 73' lang='grc'><strong>581.</strong></span> <span class='ocrx_word' id='word_1_383' title='bbox 3610 2745 3738 2803; x_wconf 64' lang='lat' dir='ltr'><strong>qua</strong></span> 
     </span>
    </p>
   </div>
   <div class='ocr_carea' id='block_1_56' title="bbox 2134 2820 3736 2896">
    <p class='ocr_par' dir='ltr' id='par_1_56' title="bbox 2134 2820 3736 2896">
     <span class='ocr_line' id='line_1_56' title="bbox 2134 2820 3736 2896; baseline 0.003 -20"><span class='ocrx_word' id='word_1_384' title='bbox 2134 2827 2458 2890; x_wconf 86' lang='lat' dir='ltr'><strong>repetuntur</strong></span> <span class='ocrx_word' id='word_1_385' title='bbox 2512 2820 2565 2876; x_wconf 92' lang='lat' dir='ltr'><strong>in</strong></span> <span class='ocrx_word' id='word_1_386' title='bbox 2612 2821 2908 2892; x_wconf 79' lang='lat' dir='ltr'><strong>exemplari</strong></span> <span class='ocrx_word' id='word_1_387' title='bbox 2970 2822 3213 2878; x_wconf 81' lang='lat' dir='ltr'><strong>ltomano</strong></span> <span class='ocrx_word' id='word_1_388' title='bbox 3264 2822 3736 2896; x_wconf 83' lang='lat' dir='ltr'><strong>subscriptionum</strong></span> 
     </span>
    </p>
   </div>
   <div class='ocr_carea' id='block_1_57' title="bbox 2133 2912 3735 2985">
    <p class='ocr_par' dir='ltr' id='par_1_57' title="bbox 2133 2912 3735 2985">
     <span class='ocr_line' id='line_1_57' title="bbox 2133 2912 3735 2985; baseline 0.002 -15"><span class='ocrx_word' id='word_1_389' title='bbox 2133 2912 2377 2985; x_wconf 80' lang='lat' dir='ltr'><strong>ejusdem</strong></span> <span class='ocrx_word' id='word_1_390' title='bbox 2440 2914 2659 2972; x_wconf 89' lang='lat' dir='ltr'><strong>concilii</strong></span> <span class='ocrx_word' id='word_1_391' title='bbox 2725 2914 3162 2972; x_wconf 73' lang='lat' dir='ltr'><strong>Mediolanensis.</strong></span> <span class='ocrx_word' id='word_1_392' title='bbox 3222 2915 3278 2971; x_wconf 81' lang='lat' dir='ltr'><strong>In</strong></span> <span class='ocrx_word' id='word_1_393' title='bbox 3328 2917 3396 2974; x_wconf 88' lang='lat' dir='ltr'><strong>iis</strong></span> <span class='ocrx_word' id='word_1_394' title='bbox 3441 2916 3735 2974; x_wconf 85' lang='lat' dir='ltr'><strong>Theodqu</strong></span> 
     </span>
    </p>
   </div>
   <div class='ocr_carea' id='block_1_58' title="bbox 2134 3006 3749 3083">
    <p class='ocr_par' dir='ltr' id='par_1_58' title="bbox 2134 3006 3749 3083">
     <span class='ocr_line' id='line_1_58' title="bbox 2134 3006 3749 3083; baseline 0.004 -22"><span class='ocrx_word' id='word_1_395' title='bbox 2134 3007 2314 3082; x_wconf 87' lang='lat' dir='ltr'><strong>(male</strong></span> <span class='ocrx_word' id='word_1_396' title='bbox 2357 3006 2679 3065; x_wconf 85' lang='lat' dir='ltr'><strong>Theodorus</strong></span> <span class='ocrx_word' id='word_1_397' title='bbox 2721 3007 2899 3083; x_wconf 86' lang='lat' dir='ltr'><strong>dicto)</strong></span> <span class='ocrx_word' id='word_1_398' title='bbox 2933 3010 3243 3080; x_wconf 80' lang='lat' dir='ltr'><strong>assignatur</strong></span> <span class='ocrx_word' id='word_1_399' title='bbox 3283 3008 3442 3066; x_wconf 82' lang='lat' dir='ltr'><strong>sedes</strong></span> <span class='ocrx_word' id='word_1_400' title='bbox 3489 3010 3749 3068; x_wconf 56' lang='grc' dir='ltr'><strong>Μεθάπο-</strong></span> 
     </span>
    </p>
   </div>
   <div class='ocr_carea' id='block_1_59' title="bbox 2133 3101 3737 3176">
    <p class='ocr_par' dir='ltr' id='par_1_59' title="bbox 2133 3101 3737 3176">
     <span class='ocr_line' id='line_1_59' title="bbox 2133 3101 3737 3176; baseline 0.003 -18"><span class='ocrx_word' id='word_1_401' title='bbox 2133 3102 2329 3158; x_wconf 77' lang='lat' dir='ltr'><strong>tensis.</strong></span> <span class='ocrx_word' id='word_1_402' title='bbox 2355 3101 2422 3158; x_wconf 83' lang='lat' dir='ltr'><strong>At</strong></span> <span class='ocrx_word' id='word_1_403' title='bbox 2451 3117 2575 3158; x_wconf 88' lang='lat' dir='ltr'><strong>cum</strong></span> <span class='ocrx_word' id='word_1_404' title='bbox 2601 3104 2654 3157; x_wconf 89' lang='lat' dir='ltr'><strong>in</strong></span> <span class='ocrx_word' id='word_1_405' title='bbox 2678 3107 2797 3174; x_wconf 86' lang='lat' dir='ltr'><strong>ejus</strong></span> <span class='ocrx_word' id='word_1_406' title='bbox 2825 3101 3102 3158; x_wconf 89' lang='lat' dir='ltr'><strong>territorio</strong></span> <span class='ocrx_word' id='word_1_407' title='bbox 3125 3103 3476 3174; x_wconf 80' lang='lat' dir='ltr'><strong>quiescerent</strong></span> <span class='ocrx_word' id='word_1_408' title='bbox 3494 3119 3737 3176; x_wconf 84' lang='lat' dir='ltr'><strong>corpora</strong></span> 
     </span>
    </p>
   </div>
   <div class='ocr_carea' id='block_1_60' title="bbox 2133 3195 3733 3269">
    <p class='ocr_par' dir='ltr' id='par_1_60' title="bbox 2133 3195 3733 3269">
     <span class='ocr_line' id='line_1_60' title="bbox 2133 3195 3733 3269; baseline 0.005 -19"><span class='ocrx_word' id='word_1_409' title='bbox 2133 3195 2424 3269; x_wconf 76' lang='lat' dir='ltr'><strong>Martyrum</strong></span> <span class='ocrx_word' id='word_1_410' title='bbox 2458 3195 2884 3266; x_wconf 70' lang='lat' dir='ltr'><strong>Agannensium.</strong></span> <span class='ocrx_word' id='word_1_411' title='bbox 2913 3196 2962 3251; x_wconf 88' lang='lat' dir='ltr'><strong>si</strong></span> <span class='ocrx_word' id='word_1_412' title='bbox 2991 3197 3268 3267; x_wconf 77' lang='lat' dir='ltr'><strong>quidpiam</strong></span> <span class='ocrx_word' id='word_1_413' title='bbox 3303 3199 3371 3254; x_wconf 89' lang='lat' dir='ltr'><strong>de</strong></span> <span class='ocrx_word' id='word_1_414' title='bbox 3401 3199 3733 3258; x_wconf 85' lang='lat' dir='ltr'><strong>Sanctorum</strong></span> 
     </span>
    </p>
   </div>
   <div class='ocr_carea' id='block_1_61' title="bbox 2134 3287 3736 3360">
    <p class='ocr_par' dir='ltr' id='par_1_61' title="bbox 2134 3287 3736 3360">
     <span class='ocr_line' id='line_1_61' title="bbox 2134 3287 3736 3360; baseline 0.002 -16"><span class='ocrx_word' id='word_1_415' title='bbox 2134 3288 2396 3360; x_wconf 73' lang='lat' dir='ltr'><strong>Reliquiis</strong></span> <span class='ocrx_word' id='word_1_416' title='bbox 2425 3287 2682 3346; x_wconf 84' lang='lat' dir='ltr'><strong>Victricin</strong></span> <span class='ocrx_word' id='word_1_417' title='bbox 2713 3291 2982 3346; x_wconf 87' lang='lat' dir='ltr'><strong>missurus</strong></span> <span class='ocrx_word' id='word_1_418' title='bbox 3008 3301 3128 3347; x_wconf 84' lang='lat' dir='ltr'><strong>erat</strong></span> <span class='ocrx_word' id='word_1_419' title='bbox 3167 3289 3501 3360; x_wconf 81' lang='lat' dir='ltr'><strong>Theodotus,</strong></span> <span class='ocrx_word' id='word_1_420' title='bbox 3534 3293 3605 3349; x_wconf 87' lang='lat' dir='ltr'><strong>de</strong></span> <span class='ocrx_word' id='word_1_421' title='bbox 3631 3292 3736 3349; x_wconf 87' lang='lat' dir='ltr'><strong>ho-</strong></span> 
     </span>
    </p>
   </div>
   <div class='ocr_carea' id='block_1_62' title="bbox 422 3381 3729 3472">
    <p class='ocr_par' dir='ltr' id='par_1_62' title="bbox 422 3381 3729 3472">
     <span class='ocr_line' id='line_1_62' title="bbox 422 3381 3729 3472; baseline -0 -28"><span class='ocrx_word' id='word_1_422' title='bbox 422 3389 615 3446; x_wconf 87' lang='lat' dir='ltr'><strong>urbem</strong></span> <span class='ocrx_word' id='word_1_423' title='bbox 663 3403 855 3445; x_wconf 88' lang='lat' dir='ltr'><strong>recens</strong></span> <span class='ocrx_word' id='word_1_424' title='bbox 905 3397 1187 3451; x_wconf 86' lang='lat' dir='ltr'><strong>venerant,</strong></span> <span class='ocrx_word' id='word_1_425' title='bbox 1235 3385 1291 3441; x_wconf 90' lang='lat' dir='ltr'><strong>in</strong></span> <span class='ocrx_word' id='word_1_426' title='bbox 1338 3385 1478 3441; x_wconf 84' lang='lat' dir='ltr'><strong>libro</strong></span> <span class='ocrx_word' id='word_1_427' title='bbox 1519 3384 2023 3440; x_wconf 84' lang='lat' dir='ltr'><strong>convenientiorem</strong></span> <span class='ocrx_word' id='word_1_428' title='bbox 2052 3406 2100 3472; x_wconf 64' lang='grc' dir='ltr'>ρ</span> <span class='ocrx_word' id='word_1_429' title='bbox 2131 3400 2248 3438; x_wconf 85' lang='lat' dir='ltr'><strong>rum</strong></span> <span class='ocrx_word' id='word_1_430' title='bbox 2277 3381 2527 3453; x_wconf 78' lang='lat' dir='ltr'><strong>profecto</strong></span> <span class='ocrx_word' id='word_1_431' title='bbox 2553 3382 2848 3456; x_wconf 82' lang='lat' dir='ltr'><strong>Martyrum</strong></span> <span class='ocrx_word' id='word_1_432' title='bbox 2891 3383 3151 3455; x_wconf 73' lang='lat' dir='ltr'><strong>sanguine</strong></span> <span class='ocrx_word' id='word_1_433' title='bbox 3178 3384 3464 3442; x_wconf 85' lang='lat' dir='ltr'><strong>intinctam</strong></span> <span class='ocrx_word' id='word_1_434' title='bbox 3499 3389 3729 3445; x_wconf 86' lang='lat' dir='ltr'><strong>humum</strong></span> 
     </span>
    </p>
   </div>
   <div class='ocr_carea' id='block_1_63' title="bbox 419 3477 1488 3553">
    <p class='ocr_par' dir='ltr' id='par_1_63' title="bbox 419 3477 1488 3553">
     <span class='ocr_line' id='line_1_63' title="bbox 419 3477 1488 3553; baseline -0.003 -15"><span class='ocrx_word' id='word_1_435' title='bbox 419 3496 585 3553; x_wconf 80' lang='lat' dir='ltr'><strong>quam</strong></span> <span class='ocrx_word' id='word_1_436' title='bbox 626 3481 678 3538; x_wconf 91' lang='lat' dir='ltr'><strong>in</strong></span> <span class='ocrx_word' id='word_1_437' title='bbox 707 3481 957 3538; x_wconf 86' lang='lat' dir='ltr'><strong>oratione</strong></span> <span class='ocrx_word' id='word_1_438' title='bbox 996 3479 1183 3537; x_wconf 84' lang='lat' dir='ltr'><strong>sedem</strong></span> <span class='ocrx_word' id='word_1_439' title='bbox 1216 3477 1488 3536; x_wconf 85' lang='lat' dir='ltr'><strong>obtinent.</strong></span> 
     </span>
    </p>
   </div>
   <div class='ocr_carea' id='block_1_64' title="bbox 493 3572 2028 3646">
    <p class='ocr_par' dir='ltr' id='par_1_64' title="bbox 493 3572 2028 3646">
     <span class='ocr_line' id='line_1_64' title="bbox 493 3572 2028 3646; baseline -0.003 -13"><span class='ocrx_word' id='word_1_440' title='bbox 493 3574 551 3633; x_wconf 89' lang='lat' dir='ltr'><strong>Si</strong></span> <span class='ocrx_word' id='word_1_441' title='bbox 598 3575 665 3632; x_wconf 87' lang='lat' dir='ltr'><strong>de</strong></span> <span class='ocrx_word' id='word_1_442' title='bbox 697 3585 961 3646; x_wconf 88' lang='lat' dir='ltr'><strong>.tempore</strong></span> <span class='ocrx_word' id='word_1_443' title='bbox 986 3583 1266 3630; x_wconf 88' lang='lat' dir='ltr'><strong>constaret</strong></span> <span class='ocrx_word' id='word_1_444' title='bbox 1304 3574 1360 3629; x_wconf 89' lang='lat' dir='ltr'><strong>in</strong></span> <span class='ocrx_word' id='word_1_445' title='bbox 1401 3587 1510 3641; x_wconf 89' lang='lat' dir='ltr'><strong>quo</strong></span> <span class='ocrx_word' id='word_1_446' title='bbox 1549 3572 1748 3630; x_wconf 86' lang='lat' dir='ltr'><strong>mortui</strong></span> <span class='ocrx_word' id='word_1_447' title='bbox 1771 3572 2028 3643; x_wconf 87' lang='lat' dir='ltr'><strong>suntepi-</strong></span> 
     </span>
    </p>
   </div>
   <div class='ocr_carea' id='block_1_65' title="bbox 416 3667 2027 3742">
    <p class='ocr_par' dir='ltr' id='par_1_65' title="bbox 416 3667 2027 3742">
     <span class='ocr_line' id='line_1_65' title="bbox 416 3667 2027 3742; baseline -0.003 -17"><span class='ocrx_word' id='word_1_448' title='bbox 416 3671 571 3742; x_wconf 85' lang='lat' dir='ltr'><strong>scopi</strong></span> <span class='ocrx_word' id='word_1_449' title='bbox 617 3667 1040 3725; x_wconf 73' lang='lat' dir='ltr'><strong>Mediolanensis</strong></span> <span class='ocrx_word' id='word_1_450' title='bbox 1068 3668 1363 3739; x_wconf 66' lang='lat' dir='ltr'><strong>provincia:</strong></span> <span class='ocrx_word' id='word_1_451' title='bbox 1391 3667 1710 3724; x_wconf 76' lang='lat' dir='ltr'><strong>Theodotus</strong></span> <span class='ocrx_word' id='word_1_452' title='bbox 1737 3677 1792 3722; x_wconf 89' lang='lat' dir='ltr'><strong>et</strong></span> <span class='ocrx_word' id='word_1_453' title='bbox 1832 3667 2027 3722; x_wconf 66' lang='grc' dir='ltr'><strong>Επειδ-</strong></span> 
     </span>
    </p>
   </div>
   <div class='ocr_carea' id='block_1_66' title="bbox 416 3756 2025 3833">
    <p class='ocr_par' dir='ltr' id='par_1_66' title="bbox 416 3756 2025 3833">
     <span class='ocr_line' id='line_1_66' title="bbox 416 3756 2025 3833; baseline -0.003 -13"><span class='ocrx_word' id='word_1_454' title='bbox 416 3763 575 3820; x_wconf 84' lang='lat' dir='ltr'><strong>chius</strong></span> <span class='ocrx_word' id='word_1_455' title='bbox 620 3763 689 3819; x_wconf 84' lang='lat' dir='ltr'><strong>de</strong></span> <span class='ocrx_word' id='word_1_456' title='bbox 733 3763 932 3833; x_wconf 82' lang='lat' dir='ltr'><strong>quibus</strong></span> <span class='ocrx_word' id='word_1_457' title='bbox 973 3763 1316 3833; x_wconf 80' lang='lat' dir='ltr'><strong>paragrapho</strong></span> <span class='ocrx_word' id='word_1_458' title='bbox 1357 3759 1416 3828; x_wconf 72' lang='lat'><strong>2,</strong></span> <span class='ocrx_word' id='word_1_459' title='bbox 1464 3760 1624 3817; x_wconf 85' lang='lat' dir='ltr'><strong>sicuti</strong></span> <span class='ocrx_word' id='word_1_460' title='bbox 1673 3769 1912 3825; x_wconf 76' lang='lat' dir='ltr'><strong>constat,</strong></span> <span class='ocrx_word' id='word_1_461' title='bbox 1956 3756 2025 3815; x_wconf 82' lang='lat' dir='ltr'><strong>de</strong></span> 
     </span>
    </p>
   </div>
   <div class='ocr_carea' id='block_1_67' title="bbox 420 3852 2025 3929">
    <p class='ocr_par' dir='ltr' id='par_1_67' title="bbox 420 3852 2025 3929">
     <span class='ocr_line' id='line_1_67' title="bbox 420 3852 2025 3929; baseline -0.005 -15"><span class='ocrx_word' id='word_1_462' title='bbox 420 3863 672 3929; x_wconf 79' lang='lat' dir='ltr'><strong>tempore</strong></span> <span class='ocrx_word' id='word_1_463' title='bbox 698 3869 808 3928; x_wconf 88' lang='lat' dir='ltr'><strong>quo</strong></span> <span class='ocrx_word' id='word_1_464' title='bbox 827 3853 962 3912; x_wconf 87' lang='lat' dir='ltr'><strong>obiit</strong></span> <span class='ocrx_word' id='word_1_465' title='bbox 983 3854 1044 3912; x_wconf 89' lang='lat' dir='ltr'><strong>S.</strong></span> <span class='ocrx_word' id='word_1_466' title='bbox 1069 3854 1418 3924; x_wconf 84' lang='lat' dir='ltr'><strong>Ambrosius,</strong></span> <span class='ocrx_word' id='word_1_467' title='bbox 1447 3852 1661 3909; x_wconf 74' lang='lat' dir='ltr'><strong>facilius</strong></span> <span class='ocrx_word' id='word_1_468' title='bbox 1684 3868 1884 3909; x_wconf 88' lang='lat' dir='ltr'><strong>annum</strong></span> <span class='ocrx_word' id='word_1_469' title='bbox 1915 3856 2025 3923; x_wconf 88' lang='lat' dir='ltr'><strong>quo</strong></span> 
     </span>
    </p>
   </div>
   <div class='ocr_carea' id='block_1_68' title="bbox 426 3947 2024 4020">
    <p class='ocr_par' dir='ltr' id='par_1_68' title="bbox 426 3947 2024 4020">
     <span class='ocr_line' id='line_1_68' title="bbox 426 3947 2024 4020; baseline -0.003 -12"><span class='ocrx_word' id='word_1_470' title='bbox 426 3951 694 4020; x_wconf 75' lang='lat' dir='ltr'><strong>Reliquiae</strong></span> <span class='ocrx_word' id='word_1_471' title='bbox 735 3951 844 4008; x_wconf 70' lang='lat' dir='ltr'><strong>illa:</strong></span> <span class='ocrx_word' id='word_1_472' title='bbox 872 3948 1274 4020; x_wconf 82' lang='lat' dir='ltr'><strong>Rotbomagum</strong></span> <span class='ocrx_word' id='word_1_473' title='bbox 1304 3949 1371 4004; x_wconf 92' lang='lat' dir='ltr'><strong>ad</strong></span> <span class='ocrx_word' id='word_1_474' title='bbox 1383 3959 1554 4004; x_wconf 73' lang='lat' dir='ltr'><strong>vecta:</strong></span> <span class='ocrx_word' id='word_1_475' title='bbox 1580 3947 1802 4013; x_wconf 76' lang='lat' dir='ltr'><strong>fuerint,</strong></span> <span class='ocrx_word' id='word_1_476' title='bbox 1831 3959 2024 4017; x_wconf 64' lang='lat' dir='ltr'><strong>passe-</strong></span> 
     </span>
    </p>
   </div>
   <div class='ocr_carea' id='block_1_69' title="bbox 418 4037 2024 4115">
    <p class='ocr_par' dir='ltr' id='par_1_69' title="bbox 418 4037 2024 4115">
     <span class='ocr_line' id='line_1_69' title="bbox 418 4037 2024 4115; baseline -0.004 -15"><span class='ocrx_word' id='word_1_477' title='bbox 418 4059 544 4100; x_wconf 81' lang='lat' dir='ltr'><strong>mtts</strong></span> <span class='ocrx_word' id='word_1_478' title='bbox 591 4044 896 4115; x_wconf 86' lang='lat' dir='ltr'><strong>assignare.</strong></span> <span class='ocrx_word' id='word_1_479' title='bbox 947 4042 1002 4098; x_wconf 91' lang='lat' dir='ltr'><strong>Id</strong></span> <span class='ocrx_word' id='word_1_480' title='bbox 1045 4042 1221 4096; x_wconf 90' lang='lat' dir='ltr'><strong>solum</strong></span> <span class='ocrx_word' id='word_1_481' title='bbox 1273 4055 1372 4110; x_wconf 90' lang='lat' dir='ltr'><strong>pro</strong></span> <span class='ocrx_word' id='word_1_482' title='bbox 1408 4051 1562 4098; x_wconf 87' lang='lat' dir='ltr'><strong>certo</strong></span> <span class='ocrx_word' id='word_1_483' title='bbox 1607 4037 1795 4095; x_wconf 84' lang='lat' dir='ltr'><strong>haberi</strong></span> <span class='ocrx_word' id='word_1_484' title='bbox 1843 4047 2024 4110; x_wconf 84' lang='lat' dir='ltr'><strong>potest</strong></span> 
     </span>
    </p>
   </div>
   <div class='ocr_carea' id='block_1_70' title="bbox 421 4132 2018 4210">
    <p class='ocr_par' dir='ltr' id='par_1_70' title="bbox 421 4132 2018 4210">
     <span class='ocr_line' id='line_1_70' title="bbox 421 4132 2018 4210; baseline -0.004 -18"><span class='ocrx_word' id='word_1_485' title='bbox 421 4135 905 4210; x_wconf 83' lang='lat' dir='ltr'><strong>(quandoquidem</strong></span> <span class='ocrx_word' id='word_1_486' title='bbox 930 4134 992 4192; x_wconf 87' lang='lat' dir='ltr'><strong>S.</strong></span> <span class='ocrx_word' id='word_1_487' title='bbox 1021 4133 1348 4190; x_wconf 83' lang='lat' dir='ltr'><strong>Ambrosius</strong></span> <span class='ocrx_word' id='word_1_488' title='bbox 1375 4147 1438 4190; x_wconf 84' lang='lat' dir='ltr'><strong>ex</strong></span> <span class='ocrx_word' id='word_1_489' title='bbox 1465 4149 1694 4188; x_wconf 86' lang='lat' dir='ltr'><strong>nmnero</strong></span> <span class='ocrx_word' id='word_1_490' title='bbox 1717 4132 2018 4188; x_wconf 79' lang='lat' dir='ltr'><strong>fuiteorum</strong></span> 
     </span>
    </p>
   </div>
   <div class='ocr_carea' id='block_1_71' title="bbox 413 4227 2018 4301">
    <p class='ocr_par' dir='ltr' id='par_1_71' title="bbox 413 4227 2018 4301">
     <span class='ocr_line' id='line_1_71' title="bbox 413 4227 2018 4301; baseline -0.002 -15"><span class='ocrx_word' id='word_1_491' title='bbox 413 4233 506 4299; x_wconf 63' lang='lat' dir='ltr'><strong>qui</strong></span> <span class='ocrx_word' id='word_1_492' title='bbox 556 4231 610 4286; x_wconf 91' lang='lat' dir='ltr'><strong>in</strong></span> <span class='ocrx_word' id='word_1_493' title='bbox 641 4230 699 4286; x_wconf 90' lang='lat' dir='ltr'><strong>S.</strong></span> <span class='ocrx_word' id='word_1_494' title='bbox 737 4228 975 4285; x_wconf 75' lang='lat' dir='ltr'><strong>Victrieii</strong></span> <span class='ocrx_word' id='word_1_495' title='bbox 1015 4231 1248 4301; x_wconf 86' lang='lat' dir='ltr'><strong>gratiam</strong></span> <span class='ocrx_word' id='word_1_496' title='bbox 1285 4228 1558 4284; x_wconf 81' lang='lat' dir='ltr'><strong>Ecclesias</strong></span> <span class='ocrx_word' id='word_1_497' title='bbox 1589 4241 1719 4283; x_wconf 87' lang='lat' dir='ltr'><strong>snas</strong></span> <span class='ocrx_word' id='word_1_498' title='bbox 1745 4227 2018 4298; x_wconf 84' lang='lat' dir='ltr'><strong>spoliave-</strong></span> 
     </span>
    </p>
   </div>
   <div class='ocr_carea' id='block_1_72' title="bbox 414 4323 2018 4396">
    <p class='ocr_par' dir='ltr' id='par_1_72' title="bbox 414 4323 2018 4396">
     <span class='ocr_line' id='line_1_72' title="bbox 414 4323 2018 4396; baseline -0.004 -14"><span class='ocrx_word' id='word_1_499' title='bbox 414 4326 548 4391; x_wconf 83' lang='lat' dir='ltr'><strong>rint,</strong></span> <span class='ocrx_word' id='word_1_500' title='bbox 586 4336 642 4382; x_wconf 90' lang='lat' dir='ltr'><strong>et</strong></span> <span class='ocrx_word' id='word_1_501' title='bbox 672 4325 891 4396; x_wconf 85' lang='lat' dir='ltr'><strong>quando</strong></span> <span class='ocrx_word' id='word_1_502' title='bbox 928 4324 1072 4380; x_wconf 87' lang='lat' dir='ltr'><strong>inter</strong></span> <span class='ocrx_word' id='word_1_503' title='bbox 1111 4323 1345 4380; x_wconf 83' lang='lat' dir='ltr'><strong>Sanctus</strong></span> <span class='ocrx_word' id='word_1_504' title='bbox 1387 4323 1701 4378; x_wconf 87' lang='lat' dir='ltr'><strong>morborum</strong></span> <span class='ocrx_word' id='word_1_505' title='bbox 1735 4333 2018 4380; x_wconf 76' lang='lat' dir='ltr'><strong>curatores</strong></span> 
     </span>
    </p>
   </div>
   <div class='ocr_carea' id='block_1_73' title="bbox 414 4415 2018 4493">
    <p class='ocr_par' dir='ltr' id='par_1_73' title="bbox 414 4415 2018 4493">
     <span class='ocr_line' id='line_1_73' title="bbox 414 4415 2018 4493; baseline -0.001 -19"><span class='ocrx_word' id='word_1_506' title='bbox 414 4418 657 4493; x_wconf 80' lang='lat' dir='ltr'><strong>appellat</strong></span> <span class='ocrx_word' id='word_1_507' title='bbox 724 4419 1010 4476; x_wconf 81' lang='lat' dir='ltr'><strong>Victricius</strong></span> <span class='ocrx_word' id='word_1_508' title='bbox 1058 4417 1118 4475; x_wconf 91' lang='lat' dir='ltr'><strong>S.</strong></span> <span class='ocrx_word' id='word_1_509' title='bbox 1168 4415 1455 4472; x_wconf 82' lang='lat' dir='ltr'><strong>Nazarium</strong></span> <span class='ocrx_word' id='word_1_510' title='bbox 1517 4415 2018 4488; x_wconf 81' lang='lat' dir='ltr'><strong>Mediolanensem)</strong></span> 
     </span>
    </p>
   </div>
   <div class='ocr_carea' id='block_1_74' title="bbox 416 4513 2020 4582">
    <p class='ocr_par' dir='ltr' id='par_1_74' title="bbox 416 4513 2020 4582">
     <span class='ocr_line' id='line_1_74' title="bbox 416 4513 2020 4582; baseline -0.002 -11"><span class='ocrx_word' id='word_1_511' title='bbox 416 4515 628 4572; x_wconf 76' lang='lat' dir='ltr'><strong>\silicet</strong></span> <span class='ocrx_word' id='word_1_512' title='bbox 658 4515 808 4570; x_wconf 83' lang='lat' dir='ltr'><strong>illam</strong></span> <span class='ocrx_word' id='word_1_513' title='bbox 835 4515 1251 4570; x_wconf 88' lang='lat' dir='ltr'><strong>translationem</strong></span> <span class='ocrx_word' id='word_1_514' title='bbox 1275 4514 1340 4567; x_wconf 86' lang='lat' dir='ltr'><strong>ad</strong></span> <span class='ocrx_word' id='word_1_515' title='bbox 1372 4513 1508 4568; x_wconf 88' lang='lat' dir='ltr'><strong>illud</strong></span> <span class='ocrx_word' id='word_1_516' title='bbox 1534 4523 1750 4582; x_wconf 87' lang='lat' dir='ltr'><strong>tempus</strong></span> <span class='ocrx_word' id='word_1_517' title='bbox 1779 4526 1901 4568; x_wconf 80' lang='lat' dir='ltr'><strong>esse</strong></span> <span class='ocrx_word' id='word_1_518' title='bbox 1933 4526 2020 4568; x_wconf 84' lang='lat' dir='ltr'><strong>re-</strong></span> 
     </span>
    </p>
   </div>
   <div class='ocr_carea' id='block_1_75' title="bbox 413 4604 2019 4680">
    <p class='ocr_par' dir='ltr' id='par_1_75' title="bbox 413 4604 2019 4680">
     <span class='ocr_line' id='line_1_75' title="bbox 413 4604 2019 4680; baseline -0.003 -17"><span class='ocrx_word' id='word_1_519' title='bbox 413 4607 724 4676; x_wconf 70' lang='lat' dir='ltr'><strong>ici-endam,</strong></span> <span class='ocrx_word' id='word_1_520' title='bbox 751 4607 895 4680; x_wconf 90' lang='lat' dir='ltr'><strong>quod</strong></span> <span class='ocrx_word' id='word_1_521' title='bbox 924 4616 1010 4664; x_wconf 69' lang='lat' dir='ltr'><strong>est</strong></span> <span class='ocrx_word' id='word_1_522' title='bbox 1037 4607 1275 4662; x_wconf 89' lang='lat' dir='ltr'><strong>medium</strong></span> <span class='ocrx_word' id='word_1_523' title='bbox 1318 4608 1463 4662; x_wconf 91' lang='lat' dir='ltr'><strong>inter</strong></span> <span class='ocrx_word' id='word_1_524' title='bbox 1487 4604 1868 4661; x_wconf 72' lang='lat' dir='ltr'><strong>inventionem</strong></span> <span class='ocrx_word' id='word_1_525' title='bbox 1896 4618 2019 4659; x_wconf 83' lang='lat' dir='ltr'><strong>cor-</strong></span> 
     </span>
    </p>
   </div>
   <div class='ocr_carea' id='block_1_76' title="bbox 412 4696 2015 4777">
    <p class='ocr_par' dir='ltr' id='par_1_76' title="bbox 412 4696 2015 4777">
     <span class='ocr_line' id='line_1_76' title="bbox 412 4696 2015 4777; baseline -0.006 -16"><span class='ocrx_word' id='word_1_526' title='bbox 412 4717 608 4777; x_wconf 80' lang='lat' dir='ltr'><strong>porum</strong></span> <span class='ocrx_word' id='word_1_527' title='bbox 638 4710 954 4760; x_wconf 78' lang='lat' dir='ltr'><strong>sanctorum</strong></span> <span class='ocrx_word' id='word_1_528' title='bbox 985 4699 1198 4757; x_wconf 83' lang='lat' dir='ltr'><strong>Nazarii</strong></span> <span class='ocrx_word' id='word_1_529' title='bbox 1221 4709 1277 4756; x_wconf 89' lang='lat' dir='ltr'><strong>et</strong></span> <span class='ocrx_word' id='word_1_530' title='bbox 1305 4699 1473 4766; x_wconf 89' lang='lat' dir='ltr'><strong>Celsi,</strong></span> <span class='ocrx_word' id='word_1_531' title='bbox 1502 4714 1566 4754; x_wconf 89' lang='lat' dir='ltr'><strong>ac</strong></span> <span class='ocrx_word' id='word_1_532' title='bbox 1581 4699 1755 4756; x_wconf 85' lang='lat' dir='ltr'><strong>sancti</strong></span> <span class='ocrx_word' id='word_1_533' title='bbox 1783 4696 2015 4753; x_wconf 80' lang='lat' dir='ltr'><strong>Ambro-</strong></span> 
     </span>
    </p>
   </div>
   <div class='ocr_carea' id='block_1_77' title="bbox 2129 3478 3730 3551">
    <p class='ocr_par' dir='ltr' id='par_1_77' title="bbox 2129 3478 3730 3551">
     <span class='ocr_line' id='line_1_77' title="bbox 2129 3478 3730 3551; baseline 0.005 -18"><span class='ocrx_word' id='word_1_534' title='bbox 2129 3493 2251 3550; x_wconf 64' lang='lat' dir='ltr'><strong>quaa</strong></span> <span class='ocrx_word' id='word_1_535' title='bbox 2297 3491 2426 3535; x_wconf 89' lang='lat' dir='ltr'><strong>tunc</strong></span> <span class='ocrx_word' id='word_1_536' title='bbox 2452 3478 2618 3534; x_wconf 87' lang='lat' dir='ltr'><strong>etiam</strong></span> <span class='ocrx_word' id='word_1_537' title='bbox 2651 3479 3059 3551; x_wconf 80' lang='lat' dir='ltr'><strong>religiosissime</strong></span> <span class='ocrx_word' id='word_1_538' title='bbox 3101 3481 3518 3547; x_wconf 84' lang='lat' dir='ltr'><strong>asservabatur,</strong></span> <span class='ocrx_word' id='word_1_539' title='bbox 3551 3485 3609 3538; x_wconf 86' lang='lat' dir='ltr'><strong>in</strong></span> <span class='ocrx_word' id='word_1_540' title='bbox 3629 3496 3730 3541; x_wconf 84' lang='lat' dir='ltr'><strong>ca-</strong></span> 
     </span>
    </p>
   </div>
   <div class='ocr_carea' id='block_1_78' title="bbox 2130 3563 3733 3647">
    <p class='ocr_par' dir='ltr' id='par_1_78' title="bbox 2130 3563 3733 3647">
     <span class='ocr_line' id='line_1_78' title="bbox 2130 3563 3733 3647; baseline 0.003 -19"><span class='ocrx_word' id='word_1_541' title='bbox 2130 3572 2337 3643; x_wconf 83' lang='lat' dir='ltr'><strong>psulam</strong></span> <span class='ocrx_word' id='word_1_542' title='bbox 2363 3572 2622 3645; x_wconf 87' lang='lat' dir='ltr'><strong>episcopo</strong></span> <span class='ocrx_word' id='word_1_543' title='bbox 2644 3563 3068 3644; x_wconf 80' lang='lat' dir='ltr'><strong>Ruthomagcnsi</strong></span> <span class='ocrx_word' id='word_1_544' title='bbox 3092 3575 3416 3630; x_wconf 86' lang='lat' dir='ltr'><strong>destinatam</strong></span> <span class='ocrx_word' id='word_1_545' title='bbox 3439 3575 3733 3647; x_wconf 81' lang='lat' dir='ltr'><strong>deposuis-</strong></span> 
     </span>
    </p>
   </div>
   <div class='ocr_carea' id='block_1_79' title="bbox 2129 3665 3738 3740">
    <p class='ocr_par' dir='ltr' id='par_1_79' title="bbox 2129 3665 3738 3740">
     <span class='ocr_line' id='line_1_79' title="bbox 2129 3665 3738 3740; baseline 0.004 -19"><span class='ocrx_word' id='word_1_546' title='bbox 2129 3675 2232 3721; x_wconf 84' lang='lat' dir='ltr'><strong>set.</strong></span> <span class='ocrx_word' id='word_1_547' title='bbox 2267 3665 2450 3722; x_wconf 82' lang='lat' dir='ltr'><strong>Altum</strong></span> <span class='ocrx_word' id='word_1_548' title='bbox 2509 3683 2641 3739; x_wconf 84' lang='lat' dir='ltr'><strong>ergo</strong></span> <span class='ocrx_word' id='word_1_549' title='bbox 2670 3666 2739 3722; x_wconf 83' lang='lat' dir='ltr'><strong>de</strong></span> <span class='ocrx_word' id='word_1_550' title='bbox 2780 3668 2953 3724; x_wconf 79' lang='lat' dir='ltr'><strong>sancti</strong></span> <span class='ocrx_word' id='word_1_551' title='bbox 2985 3667 3219 3724; x_wconf 82' lang='lat' dir='ltr'><strong>Matttitii</strong></span> <span class='ocrx_word' id='word_1_552' title='bbox 3252 3666 3516 3740; x_wconf 78' lang='lat' dir='ltr'><strong>Reliquiis</strong></span> <span class='ocrx_word' id='word_1_553' title='bbox 3543 3668 3738 3728; x_wconf 53' lang='lat' dir='ltr'><strong>uilem</strong></span> 
     </span>
    </p>
   </div>
   <div class='ocr_carea' id='block_1_80' title="bbox 2127 3761 3730 3833">
    <p class='ocr_par' dir='ltr' id='par_1_80' title="bbox 2127 3761 3730 3833">
     <span class='ocr_line' id='line_1_80' title="bbox 2127 3761 3730 3833; baseline 0.004 -18"><span class='ocrx_word' id='word_1_554' title='bbox 2127 3767 2260 3816; x_wconf 89' lang='lat' dir='ltr'><strong>tium</strong></span> <span class='ocrx_word' id='word_1_555' title='bbox 2315 3762 2552 3831; x_wconf 87' lang='lat' dir='ltr'><strong>postulat</strong></span> <span class='ocrx_word' id='word_1_556' title='bbox 2597 3771 2655 3817; x_wconf 88' lang='lat' dir='ltr'><strong>ut.</strong></span> <span class='ocrx_word' id='word_1_557' title='bbox 2705 3761 3040 3833; x_wconf 71' lang='lat' dir='ltr'><strong>intelligatur</strong></span> <span class='ocrx_word' id='word_1_558' title='bbox 3082 3762 3152 3819; x_wconf 87' lang='lat' dir='ltr'><strong>de</strong></span> <span class='ocrx_word' id='word_1_559' title='bbox 3203 3762 3488 3820; x_wconf 83' lang='lat' dir='ltr'><strong>Theodqu</strong></span> <span class='ocrx_word' id='word_1_560' title='bbox 3516 3763 3628 3820; x_wconf 85' lang='lat' dir='ltr'><strong>alio</strong></span> <span class='ocrx_word' id='word_1_561' title='bbox 3656 3763 3730 3822; x_wconf 83' lang='lat' dir='ltr'><strong>ab</strong></span> 
     </span>
    </p>
   </div>
   <div class='ocr_carea' id='block_1_81' title="bbox 2124 3854 3730 3928">
    <p class='ocr_par' dir='ltr' id='par_1_81' title="bbox 2124 3854 3730 3928">
     <span class='ocr_line' id='line_1_81' title="bbox 2124 3854 3730 3928; baseline 0.004 -19"><span class='ocrx_word' id='word_1_562' title='bbox 2124 3854 2384 3925; x_wconf 90' lang='lat' dir='ltr'><strong>episcopo</strong></span> <span class='ocrx_word' id='word_1_563' title='bbox 2413 3855 2774 3911; x_wconf 81' lang='lat' dir='ltr'><strong>Octodureusi</strong></span> <span class='ocrx_word' id='word_1_564' title='bbox 2803 3871 2866 3913; x_wconf 88' lang='lat' dir='ltr'><strong>ea</strong></span> <span class='ocrx_word' id='word_1_565' title='bbox 2893 3873 3013 3928; x_wconf 76' lang='lat' dir='ltr'><strong>qua:</strong></span> <span class='ocrx_word' id='word_1_566' title='bbox 3042 3858 3094 3913; x_wconf 90' lang='lat' dir='ltr'><strong>in</strong></span> <span class='ocrx_word' id='word_1_567' title='bbox 3122 3867 3356 3914; x_wconf 80' lang='lat' dir='ltr'><strong>tractatu</strong></span> <span class='ocrx_word' id='word_1_568' title='bbox 3389 3861 3565 3916; x_wconf 82' lang='lat' dir='ltr'><strong>sancti</strong></span> <span class='ocrx_word' id='word_1_569' title='bbox 3601 3856 3730 3916; x_wconf 78' lang='lat' dir='ltr'><strong>Vic-</strong></span> 
     </span>
    </p>
   </div>
   <div class='ocr_carea' id='block_1_82' title="bbox 2127 3949 2641 4006">
    <p class='ocr_par' dir='ltr' id='par_1_82' title="bbox 2127 3949 2641 4006">
     <span class='ocr_line' id='line_1_82' title="bbox 2127 3949 2641 4006; baseline 0.002 -2"><span class='ocrx_word' id='word_1_570' title='bbox 2127 3949 2268 4005; x_wconf 86' lang='lat' dir='ltr'><strong>trieii</strong></span> <span class='ocrx_word' id='word_1_571' title='bbox 2311 3951 2641 4006; x_wconf 74' lang='lat' dir='ltr'><strong>referuntur.</strong></span> 
     </span>
    </p>
   </div>
   <div class='ocr_carea' id='block_1_83' title="bbox 2198 4041 3734 4116">
    <p class='ocr_par' dir='ltr' id='par_1_83' title="bbox 2198 4041 3734 4116">
     <span class='ocr_line' id='line_1_83' title="bbox 2198 4041 3734 4116; baseline 0.005 -18"><span class='ocrx_word' id='word_1_572' title='bbox 2198 4041 2276 4099; x_wconf 85' lang='lat' dir='ltr'><strong>De</strong></span> <span class='ocrx_word' id='word_1_573' title='bbox 2321 4043 2704 4116; x_wconf 82' lang='lat' dir='ltr'><strong>qualicumque</strong></span> <span class='ocrx_word' id='word_1_574' title='bbox 2745 4043 3003 4115; x_wconf 76' lang='lat' dir='ltr'><strong>episcopo</strong></span> <span class='ocrx_word' id='word_1_575' title='bbox 3035 4045 3125 4101; x_wconf 90' lang='lat' dir='ltr'><strong>vel</strong></span> <span class='ocrx_word' id='word_1_576' title='bbox 3165 4045 3426 4102; x_wconf 75' lang='lat' dir='ltr'><strong>Ecclesia:</strong></span> <span class='ocrx_word' id='word_1_577' title='bbox 3466 4047 3734 4105; x_wconf 74' lang='lat' dir='ltr'><strong>ministro.</strong></span> 
     </span>
    </p>
   </div>
   <div class='ocr_carea' id='block_1_84' title="bbox 2124 4136 3728 4210">
    <p class='ocr_par' dir='ltr' id='par_1_84' title="bbox 2124 4136 3728 4210">
     <span class='ocr_line' id='line_1_84' title="bbox 2124 4136 3728 4210; baseline 0.004 -19"><span class='ocrx_word' id='word_1_578' title='bbox 2124 4138 2324 4207; x_wconf 85' lang='lat' dir='ltr'><strong>scripta</strong></span> <span class='ocrx_word' id='word_1_579' title='bbox 2354 4138 2576 4203; x_wconf 75' lang='lat' dir='ltr'><strong>fuerint,</strong></span> <span class='ocrx_word' id='word_1_580' title='bbox 2609 4138 2791 4208; x_wconf 86' lang='lat' dir='ltr'><strong>aliqua</strong></span> <span class='ocrx_word' id='word_1_581' title='bbox 2824 4136 3038 4194; x_wconf 86' lang='lat' dir='ltr'><strong>libellus</strong></span> <span class='ocrx_word' id='word_1_582' title='bbox 3082 4137 3187 4195; x_wconf 88' lang='lat' dir='ltr'><strong>iste</strong></span> <span class='ocrx_word' id='word_1_583' title='bbox 3213 4155 3372 4210; x_wconf 90' lang='lat' dir='ltr'><strong>quem</strong></span> <span class='ocrx_word' id='word_1_584' title='bbox 3414 4140 3610 4197; x_wconf 88' lang='lat' dir='ltr'><strong>lectori</strong></span> <span class='ocrx_word' id='word_1_585' title='bbox 3641 4140 3728 4197; x_wconf 78' lang='lat' dir='ltr'><strong>oi-</strong></span> 
     </span>
    </p>
   </div>
   <div class='ocr_carea' id='block_1_85' title="bbox 2126 4227 3730 4304">
    <p class='ocr_par' dir='ltr' id='par_1_85' title="bbox 2126 4227 3730 4304">
     <span class='ocr_line' id='line_1_85' title="bbox 2126 4227 3730 4304; baseline 0.004 -20"><span class='ocrx_word' id='word_1_586' title='bbox 2126 4227 2244 4286; x_wconf 81' lang='lat' dir='ltr'><strong>fero</strong></span> <span class='ocrx_word' id='word_1_587' title='bbox 2267 4229 2468 4302; x_wconf 82' lang='lat' dir='ltr'><strong>dignus</strong></span> <span class='ocrx_word' id='word_1_588' title='bbox 2493 4240 2576 4287; x_wconf 88' lang='lat' dir='ltr'><strong>est</strong></span> <span class='ocrx_word' id='word_1_589' title='bbox 2605 4233 2976 4301; x_wconf 80' lang='lat' dir='ltr'><strong>veneratione,</strong></span> <span class='ocrx_word' id='word_1_590' title='bbox 3013 4241 3123 4288; x_wconf 89' lang='lat' dir='ltr'><strong>tum</strong></span> <span class='ocrx_word' id='word_1_591' title='bbox 3164 4249 3228 4288; x_wconf 81' lang='lat' dir='ltr'><strong>ex</strong></span> <span class='ocrx_word' id='word_1_592' title='bbox 3258 4241 3408 4303; x_wconf 81' lang='lat' dir='ltr'><strong>parte</strong></span> <span class='ocrx_word' id='word_1_593' title='bbox 3431 4233 3730 4304; x_wconf 82' lang='lat' dir='ltr'><strong>antiquita-</strong></span> 
     </span>
    </p>
   </div>
   <div class='ocr_carea' id='block_1_86' title="bbox 2121 4323 3726 4398">
    <p class='ocr_par' dir='ltr' id='par_1_86' title="bbox 2121 4323 3726 4398">
     <span class='ocr_line' id='line_1_86' title="bbox 2121 4323 3726 4398; baseline 0.006 -21"><span class='ocrx_word' id='word_1_594' title='bbox 2121 4323 2213 4389; x_wconf 88' lang='lat' dir='ltr'><strong>tis,</strong></span> <span class='ocrx_word' id='word_1_595' title='bbox 2242 4339 2361 4395; x_wconf 74' lang='lat' dir='ltr'><strong>qua:</strong></span> <span class='ocrx_word' id='word_1_596' title='bbox 2397 4324 2678 4397; x_wconf 85' lang='lat' dir='ltr'><strong>plusquam</strong></span> <span class='ocrx_word' id='word_1_597' title='bbox 2713 4326 2858 4382; x_wconf 87' lang='lat' dir='ltr'><strong>mille</strong></span> <span class='ocrx_word' id='word_1_598' title='bbox 2888 4327 3409 4398; x_wconf 82' lang='lat' dir='ltr'><strong>quadringentorum</strong></span> <span class='ocrx_word' id='word_1_599' title='bbox 3449 4344 3726 4386; x_wconf 88' lang='lat' dir='ltr'><strong>annorum</strong></span> 
     </span>
    </p>
   </div>
   <div class='ocr_carea' id='block_1_87' title="bbox 2123 4419 3722 4495">
    <p class='ocr_par' dir='ltr' id='par_1_87' title="bbox 2123 4419 3722 4495">
     <span class='ocr_line' id='line_1_87' title="bbox 2123 4419 3722 4495; baseline 0.003 -21"><span class='ocrx_word' id='word_1_600' title='bbox 2123 4427 2227 4487; x_wconf 87' lang='lat' dir='ltr'><strong>est,</strong></span> <span class='ocrx_word' id='word_1_601' title='bbox 2265 4429 2378 4475; x_wconf 89' lang='lat' dir='ltr'><strong>tum</strong></span> <span class='ocrx_word' id='word_1_602' title='bbox 2409 4436 2476 4475; x_wconf 81' lang='lat' dir='ltr'><strong>ex</strong></span> <span class='ocrx_word' id='word_1_603' title='bbox 2510 4430 2665 4489; x_wconf 81' lang='lat' dir='ltr'><strong>parte</strong></span> <span class='ocrx_word' id='word_1_604' title='bbox 2691 4420 2930 4476; x_wconf 85' lang='lat' dir='ltr'><strong>auctoris</strong></span> <span class='ocrx_word' id='word_1_605' title='bbox 2959 4419 3115 4491; x_wconf 83' lang='lat' dir='ltr'><strong>cujus</strong></span> <span class='ocrx_word' id='word_1_606' title='bbox 3156 4421 3378 4477; x_wconf 87' lang='lat' dir='ltr'><strong>nomine</strong></span> <span class='ocrx_word' id='word_1_607' title='bbox 3405 4422 3722 4495; x_wconf 82' lang='lat' dir='ltr'><strong>insignitur,</strong></span> 
     </span>
    </p>
   </div>
   <div class='ocr_carea' id='block_1_88' title="bbox 2122 4499 3725 4584">
    <p class='ocr_par' dir='ltr' id='par_1_88' title="bbox 2122 4499 3725 4584">
     <span class='ocr_line' id='line_1_88' title="bbox 2122 4499 3725 4584; baseline 0.002 -18"><span class='ocrx_word' id='word_1_608' title='bbox 2122 4515 2322 4581; x_wconf 81' lang='lat' dir='ltr'><strong>quippe</strong></span> <span class='ocrx_word' id='word_1_609' title='bbox 2349 4514 2440 4584; x_wconf 91' lang='lat' dir='ltr'><strong>qui</strong></span> <span class='ocrx_word' id='word_1_610' title='bbox 2471 4513 2670 4568; x_wconf 85' lang='lat' dir='ltr'><strong>deinde</strong></span> <span class='ocrx_word' id='word_1_611' title='bbox 2697 4514 2915 4570; x_wconf 85' lang='lat' dir='ltr'><strong>amissis</strong></span> <span class='ocrx_word' id='word_1_612' title='bbox 2946 4499 3155 4569; x_wconf 68' lang='lat' dir='ltr'><strong>litteris</strong></span> <span class='ocrx_word' id='word_1_613' title='bbox 3184 4529 3318 4583; x_wconf 75' lang='lat' dir='ltr'><strong>quas</strong></span> <span class='ocrx_word' id='word_1_614' title='bbox 3345 4513 3416 4570; x_wconf 89' lang='lat' dir='ltr'><strong>ad</strong></span> <span class='ocrx_word' id='word_1_615' title='bbox 3441 4514 3502 4572; x_wconf 87' lang='lat' dir='ltr'><strong>S.</strong></span> <span class='ocrx_word' id='word_1_616' title='bbox 3535 4514 3725 4572; x_wconf 83' lang='lat' dir='ltr'><strong>Pauli-</strong></span> 
     </span>
    </p>
   </div>
   <div class='ocr_carea' id='block_1_89' title="bbox 2122 4605 3726 4676">
    <p class='ocr_par' dir='ltr' id='par_1_89' title="bbox 2122 4605 3726 4676">
     <span class='ocr_line' id='line_1_89' title="bbox 2122 4605 3726 4676; baseline 0.004 -16"><span class='ocrx_word' id='word_1_617' title='bbox 2122 4620 2248 4660; x_wconf 90' lang='lat' dir='ltr'><strong>num</strong></span> <span class='ocrx_word' id='word_1_618' title='bbox 2309 4605 2574 4662; x_wconf 74' lang='lat' dir='ltr'><strong>Nolanum</strong></span> <span class='ocrx_word' id='word_1_619' title='bbox 2623 4608 2922 4675; x_wconf 84' lang='lat' dir='ltr'><strong>scripserat</strong></span> <span class='ocrx_word' id='word_1_620' title='bbox 2974 4618 3197 4664; x_wconf 88' lang='lat' dir='ltr'><strong>sanctus</strong></span> <span class='ocrx_word' id='word_1_621' title='bbox 3249 4606 3564 4676; x_wconf 79' lang='lat' dir='ltr'><strong>Victricins,</strong></span> <span class='ocrx_word' id='word_1_622' title='bbox 3617 4607 3726 4668; x_wconf 86' lang='lat' dir='ltr'><strong>hoc</strong></span> 
     </span>
    </p>
   </div>
   <div class='ocr_carea' id='block_1_90' title="bbox 2119 4701 3728 4774">
    <p class='ocr_par' dir='ltr' id='par_1_90' title="bbox 2119 4701 3728 4774">
     <span class='ocr_line' id='line_1_90' title="bbox 2119 4701 3728 4774; baseline 0.003 -17"><span class='ocrx_word' id='word_1_623' title='bbox 2119 4702 2374 4757; x_wconf 88' lang='lat' dir='ltr'><strong>damnum</strong></span> <span class='ocrx_word' id='word_1_624' title='bbox 2410 4713 2646 4774; x_wconf 83' lang='lat' dir='ltr'><strong>reparat,</strong></span> <span class='ocrx_word' id='word_1_625' title='bbox 2693 4701 2748 4758; x_wconf 74' lang='lat' dir='ltr'><strong>et</strong></span> <span class='ocrx_word' id='word_1_626' title='bbox 2797 4702 2975 4774; x_wconf 83' lang='lat' dir='ltr'><strong>aliqua</strong></span> <span class='ocrx_word' id='word_1_627' title='bbox 3007 4701 3374 4773; x_wconf 82' lang='lat' dir='ltr'><strong>Epistolarum</strong></span> <span class='ocrx_word' id='word_1_628' title='bbox 3404 4701 3617 4760; x_wconf 81' lang='lat' dir='ltr'><strong>Paulini</strong></span> <span class='ocrx_word' id='word_1_629' title='bbox 3654 4705 3728 4762; x_wconf 88' lang='lat' dir='ltr'><strong>ad</strong></span> 
     </span>
    </p>
   </div>
   <div class='ocr_carea' id='block_1_91' title="bbox 408 4790 3726 4876">
    <p class='ocr_par' dir='ltr' id='par_1_91' title="bbox 408 4790 3726 4876">
     <span class='ocr_line' id='line_1_91' title="bbox 408 4790 3726 4876; baseline 0 -22"><span class='ocrx_word' id='word_1_630' title='bbox 408 4798 478 4854; x_wconf 86' lang='lat' dir='ltr'><strong>sii</strong></span> <span class='ocrx_word' id='word_1_631' title='bbox 524 4806 781 4854; x_wconf 86' lang='lat' dir='ltr'><strong>mortem.</strong></span> <span class='ocrx_word' id='word_1_632' title='bbox 833 4795 968 4850; x_wconf 87' lang='lat' dir='ltr'><strong>Cum</strong></span> <span class='ocrx_word' id='word_1_633' title='bbox 1021 4795 1186 4865; x_wconf 90' lang='lat' dir='ltr'><strong>igitur</strong></span> <span class='ocrx_word' id='word_1_634' title='bbox 1215 4808 1322 4850; x_wconf 74' lang='grc' dir='ltr'><strong>ηοω</strong></span> <span class='ocrx_word' id='word_1_635' title='bbox 1371 4794 1645 4850; x_wconf 79' lang='lat' dir='ltr'><strong>detexerit</strong></span> <span class='ocrx_word' id='word_1_636' title='bbox 1691 4790 2013 4847; x_wconf 80' lang='lat' dir='ltr'><strong>Ambrosius</strong></span> <span class='ocrx_word' id='word_1_637' title='bbox 2039 4817 2092 4876; x_wconf 71' lang='grc' dir='ltr'><strong>Ι)</strong></span> <span class='ocrx_word' id='word_1_638' title='bbox 2125 4792 2432 4849; x_wconf 78' lang='lat' dir='ltr'><strong>Victricium</strong></span> <span class='ocrx_word' id='word_1_639' title='bbox 2487 4795 2606 4850; x_wconf 86' lang='lat' dir='ltr'><strong>loca</strong></span> <span class='ocrx_word' id='word_1_640' title='bbox 2649 4795 2904 4852; x_wconf 87' lang='lat' dir='ltr'><strong>illustrat.</strong></span> <span class='ocrx_word' id='word_1_641' title='bbox 2949 4795 3224 4852; x_wconf 64' lang='lat' dir='ltr'><strong>(Steterunt</strong></span> <span class='ocrx_word' id='word_1_642' title='bbox 3272 4796 3320 4851; x_wconf 88' lang='lat' dir='ltr'><strong>si</strong></span> <span class='ocrx_word' id='word_1_643' title='bbox 3356 4812 3504 4868; x_wconf 59' lang='lat' dir='ltr'><strong>aegre</strong></span> <span class='ocrx_word' id='word_1_644' title='bbox 3542 4795 3726 4855; x_wconf 66' lang='lat' dir='ltr'><strong>[eratut</strong></span> 
     </span>
    </p>
   </div>
   <div class='ocr_carea' id='block_1_92' title="bbox 407 4885 2010 4959">
    <p class='ocr_par' dir='ltr' id='par_1_92' title="bbox 407 4885 2010 4959">
     <span class='ocr_line' id='line_1_92' title="bbox 407 4885 2010 4959; baseline -0.005 -11"><span class='ocrx_word' id='word_1_645' title='bbox 407 4904 604 4948; x_wconf 88' lang='lat' dir='ltr'><strong>eorum</strong></span> <span class='ocrx_word' id='word_1_646' title='bbox 647 4891 978 4946; x_wconf 84' lang='lat' dir='ltr'><strong>Sanctorum</strong></span> <span class='ocrx_word' id='word_1_647' title='bbox 1007 4902 1243 4959; x_wconf 85' lang='lat' dir='ltr'><strong>corpora</strong></span> <span class='ocrx_word' id='word_1_648' title='bbox 1283 4898 1410 4944; x_wconf 87' lang='lat' dir='ltr'><strong>ante</strong></span> <span class='ocrx_word' id='word_1_649' title='bbox 1448 4885 1746 4942; x_wconf 78' lang='lat' dir='ltr'><strong>Theodosii</strong></span> <span class='ocrx_word' id='word_1_650' title='bbox 1777 4897 2010 4941; x_wconf 84' lang='lat' dir='ltr'><strong>mortem</strong></span> 
     </span>
    </p>
   </div>
   <div class='ocr_carea' id='block_1_93' title="bbox 406 4977 2014 5054">
    <p class='ocr_par' dir='ltr' id='par_1_93' title="bbox 406 4977 2014 5054">
     <span class='ocr_line' id='line_1_93' title="bbox 406 4977 2014 5054; baseline -0.004 -16"><span class='ocrx_word' id='word_1_651' title='bbox 406 4998 532 5054; x_wconf 57' lang='lat' dir='ltr'><strong>qua!</strong></span> <span class='ocrx_word' id='word_1_652' title='bbox 558 4982 788 5053; x_wconf 76' lang='lat' dir='ltr'><strong>contigit</strong></span> <span class='ocrx_word' id='word_1_653' title='bbox 806 4982 896 5037; x_wconf 85' lang='lat' dir='ltr'><strong>die</strong></span> <span class='ocrx_word' id='word_1_654' title='bbox 923 4979 1134 5036; x_wconf 86' lang='lat' dir='ltr'><strong>decima</strong></span> <span class='ocrx_word' id='word_1_655' title='bbox 1163 4980 1394 5052; x_wconf 90' lang='lat' dir='ltr'><strong>septima</strong></span> <span class='ocrx_word' id='word_1_656' title='bbox 1418 4978 1662 5036; x_wconf 80' lang='lat' dir='ltr'><strong>Januarii</strong></span> <span class='ocrx_word' id='word_1_657' title='bbox 1689 4994 1832 5033; x_wconf 90' lang='lat' dir='ltr'><strong>anno</strong></span> <span class='ocrx_word' id='word_1_658' title='bbox 1859 4977 2014 5035; x_wconf 84' lang='lat' dir='ltr'><strong>Chri-</strong></span> 
     </span>
    </p>
   </div>
   <div class='ocr_carea' id='block_1_94' title="bbox 2120 4887 3722 4966">
    <p class='ocr_par' dir='ltr' id='par_1_94' title="bbox 2120 4887 3722 4966">
     <span class='ocr_line' id='line_1_94' title="bbox 2120 4887 3722 4966; baseline 0.003 -25"><span class='ocrx_word' id='word_1_659' title='bbox 2120 4887 2480 4966; x_wconf 37' lang='lat' dir='ltr'><strong>nonnulli‘qui</strong></span> <span class='ocrx_word' id='word_1_660' title='bbox 2512 4898 2763 4959; x_wconf 76' lang='lat' dir='ltr'><strong>auctores</strong></span> <span class='ocrx_word' id='word_1_661' title='bbox 2813 4889 3000 4945; x_wconf 86' lang='lat' dir='ltr'><strong>Gallos</strong></span> <span class='ocrx_word' id='word_1_662' title='bbox 3029 4900 3082 4944; x_wconf 87' lang='lat' dir='ltr'><strong>et</strong></span> <span class='ocrx_word' id='word_1_663' title='bbox 3131 4889 3372 4947; x_wconf 81' lang='lat' dir='ltr'><strong>Francos</strong></span> <span class='ocrx_word' id='word_1_664' title='bbox 3423 4889 3722 4962; x_wconf 76' lang='lat' dir='ltr'><strong>illustrant,</strong></span> 
     </span>
    </p>
   </div>
   <div class='ocr_carea' id='block_1_95' title="bbox 2117 4980 3723 5054">
    <p class='ocr_par' dir='ltr' id='par_1_95' title="bbox 2117 4980 3723 5054">
     <span class='ocr_line' id='line_1_95' title="bbox 2117 4980 3723 5054; baseline 0.005 -20"><span class='ocrx_word' id='word_1_665' title='bbox 2117 4980 2260 5051; x_wconf 87' lang='lat' dir='ltr'><strong>quod</strong></span> <span class='ocrx_word' id='word_1_666' title='bbox 2294 4981 2592 5037; x_wconf 90' lang='lat' dir='ltr'><strong>llonorium</strong></span> <span class='ocrx_word' id='word_1_667' title='bbox 2620 4981 2779 5054; x_wconf 81' lang='lat' dir='ltr'><strong>vulgo</strong></span> <span class='ocrx_word' id='word_1_668' title='bbox 2808 4981 3388 5053; x_wconf 80' lang='lat' dir='ltr'><strong>Augustodunensetu,</strong></span> <span class='ocrx_word' id='word_1_669' title='bbox 3421 4997 3455 5040; x_wconf 85' lang='lat' dir='ltr'><strong>e</strong></span> <span class='ocrx_word' id='word_1_670' title='bbox 3483 4998 3723 5042; x_wconf 81' lang='lat' dir='ltr'><strong>numero</strong></span> 
     </span>
    </p>
   </div>
   <div class='ocr_carea' id='block_1_96' title="bbox 408 5071 3726 5146">
    <p class='ocr_par' dir='ltr' id='par_1_96' title="bbox 408 5071 3726 5146">
     <span class='ocr_line' id='line_1_96' title="bbox 408 5071 3726 5146; baseline 0 -13"><span class='ocrx_word' id='word_1_671' title='bbox 408 5077 479 5133; x_wconf 86' lang='lat' dir='ltr'><strong>sti</strong></span> <span class='ocrx_word' id='word_1_672' title='bbox 516 5075 646 5143; x_wconf 76' lang='lat'><strong>395,</strong></span> <span class='ocrx_word' id='word_1_673' title='bbox 699 5075 930 5146; x_wconf 79' lang='lat' dir='ltr'><strong>ipseque</strong></span> <span class='ocrx_word' id='word_1_674' title='bbox 981 5073 1306 5132; x_wconf 84' lang='lat' dir='ltr'><strong>Ambrosius</strong></span> <span class='ocrx_word' id='word_1_675' title='bbox 1359 5073 1562 5132; x_wconf 86' lang='lat' dir='ltr'><strong>obierit</strong></span> <span class='ocrx_word' id='word_1_676' title='bbox 1604 5089 1748 5130; x_wconf 89' lang='lat' dir='ltr'><strong>anno</strong></span> <span class='ocrx_word' id='word_1_677' title='bbox 1786 5074 1890 5130; x_wconf 78' lang='lat'><strong>597</strong></span> <span class='ocrx_word' id='word_1_678' title='bbox 1921 5071 2013 5128; x_wconf 88' lang='lat' dir='ltr'><strong>die</strong></span> <span class='ocrx_word' id='word_1_679' title='bbox 2115 5075 2445 5145; x_wconf 88' lang='lat' dir='ltr'><strong>scriptorum</strong></span> <span class='ocrx_word' id='word_1_680' title='bbox 2494 5086 2802 5130; x_wconf 73' lang='lat' dir='ltr'><strong>nastt‘ortttn</strong></span> <span class='ocrx_word' id='word_1_681' title='bbox 2844 5073 3158 5131; x_wconf 74' lang='lat' dir='ltr'><strong>sustulerint</strong></span> <span class='ocrx_word' id='word_1_682' title='bbox 3205 5075 3601 5134; x_wconf 82' lang='lat' dir='ltr'><strong>Dissertatione</strong></span> <span class='ocrx_word' id='word_1_683' title='bbox 3625 5091 3726 5135; x_wconf 79' lang='lat' dir='ltr'><strong>au-</strong></span> 
     </span>
    </p>
   </div>
   <div class='ocr_carea' id='block_1_97' title="bbox 405 5166 2012 5244">
    <p class='ocr_par' dir='ltr' id='par_1_97' title="bbox 405 5166 2012 5244">
     <span class='ocr_line' id='line_1_97' title="bbox 405 5166 2012 5244; baseline -0.005 -16"><span class='ocrx_word' id='word_1_684' title='bbox 405 5171 613 5244; x_wconf 83' lang='lat' dir='ltr'><strong>Aprilis</strong></span> <span class='ocrx_word' id='word_1_685' title='bbox 633 5178 852 5241; x_wconf 87' lang='lat' dir='ltr'><strong>quarta,</strong></span> <span class='ocrx_word' id='word_1_686' title='bbox 874 5169 1124 5242; x_wconf 88' lang='lat' dir='ltr'><strong>sequitur</strong></span> <span class='ocrx_word' id='word_1_687' title='bbox 1151 5170 1288 5233; x_wconf 81' lang='lat' dir='ltr'><strong>hanc</strong></span> <span class='ocrx_word' id='word_1_688' title='bbox 1315 5169 1708 5240; x_wconf 75' lang='lat' dir='ltr'><strong>Exceptiunent</strong></span> <span class='ocrx_word' id='word_1_689' title='bbox 1737 5166 2012 5237; x_wconf 78' lang='lat' dir='ltr'><strong>Reliquia-</strong></span> 
     </span>
    </p>
   </div>
   <div class='ocr_carea' id='block_1_98' title="bbox 403 5262 2005 5337">
    <p class='ocr_par' dir='ltr' id='par_1_98' title="bbox 403 5262 2005 5337">
     <span class='ocr_line' id='line_1_98' title="bbox 403 5262 2005 5337; baseline -0.002 -16"><span class='ocrx_word' id='word_1_690' title='bbox 403 5281 524 5321; x_wconf 86' lang='lat' dir='ltr'><strong>rutn</strong></span> <span class='ocrx_word' id='word_1_691' title='bbox 549 5265 690 5337; x_wconf 85' lang='lat' dir='ltr'><strong>apud</strong></span> <span class='ocrx_word' id='word_1_692' title='bbox 715 5262 1209 5335; x_wconf 83' lang='lat' dir='ltr'><strong>Rotbomagcnses,</strong></span> <span class='ocrx_word' id='word_1_693' title='bbox 1240 5266 1386 5320; x_wconf 86' lang='lat' dir='ltr'><strong>circa</strong></span> <span class='ocrx_word' id='word_1_694' title='bbox 1419 5279 1623 5318; x_wconf 88' lang='lat' dir='ltr'><strong>annum</strong></span> <span class='ocrx_word' id='word_1_695' title='bbox 1666 5263 1774 5318; x_wconf 80' lang='lat'><strong>396</strong></span> <span class='ocrx_word' id='word_1_696' title='bbox 1807 5262 2005 5318; x_wconf 79' lang='lat' dir='ltr'><strong>iactam</strong></span> 
     </span>
    </p>
   </div>
   <div class='ocr_carea' id='block_1_99' title="bbox 400 5361 1585 5436">
    <p class='ocr_par' dir='ltr' id='par_1_99' title="bbox 400 5361 1585 5436">
     <span class='ocr_line' id='line_1_99' title="bbox 400 5361 1585 5436; baseline 0 -21"><span class='ocrx_word' id='word_1_697' title='bbox 400 5361 593 5417; x_wconf 75' lang='lat' dir='ltr'><strong>fuisse.</strong></span> <span class='ocrx_word' id='word_1_698' title='bbox 1284 5434 1286 5436; x_wconf 16' lang='grc' dir='ltr'><strong><em>ν</em></strong></span> <span class='ocrx_word' id='word_1_699' title='bbox 1580 5369 1585 5374; x_wconf 83' lang='grc'><em>’</em></span> 
     </span>
    </p>
   </div>
   <div class='ocr_carea' id='block_1_100' title="bbox 476 5448 2008 5526">
    <p class='ocr_par' dir='ltr' id='par_1_100' title="bbox 476 5448 2008 5526">
     <span class='ocr_line' id='line_1_100' title="bbox 476 5448 2008 5526; baseline 0.001 -18"><span class='ocrx_word' id='word_1_700' title='bbox 476 5451 558 5509; x_wconf 84' lang='lat' dir='ltr'><strong>De</strong></span> <span class='ocrx_word' id='word_1_701' title='bbox 583 5448 860 5523; x_wconf 87' lang='lat' dir='ltr'><strong>episcopis</strong></span> <span class='ocrx_word' id='word_1_702' title='bbox 885 5449 1184 5507; x_wconf 83' lang='lat' dir='ltr'><strong>Eustachio</strong></span> <span class='ocrx_word' id='word_1_703' title='bbox 1211 5459 1268 5508; x_wconf 89' lang='lat' dir='ltr'><strong>et</strong></span> <span class='ocrx_word' id='word_1_704' title='bbox 1295 5449 1583 5508; x_wconf 82' lang='lat' dir='ltr'><strong>Theodqu</strong></span> <span class='ocrx_word' id='word_1_705' title='bbox 1613 5452 1634 5526; x_wconf 83' lang='lat'>(</span> <span class='ocrx_word' id='word_1_706' title='bbox 1650 5453 1695 5506; x_wconf 88' lang='lat' dir='ltr'><strong>si</strong></span> <span class='ocrx_word' id='word_1_707' title='bbox 1723 5460 1906 5510; x_wconf 75' lang='lat' dir='ltr'><strong>tamen</strong></span> <span class='ocrx_word' id='word_1_708' title='bbox 1939 5452 2008 5509; x_wconf 85' lang='lat' dir='ltr'><strong>de</strong></span> 
     </span>
    </p>
   </div>
   <div class='ocr_carea' id='block_1_101' title="bbox 403 5544 2004 5618">
    <p class='ocr_par' dir='ltr' id='par_1_101' title="bbox 403 5544 2004 5618">
     <span class='ocr_line' id='line_1_101' title="bbox 403 5544 2004 5618; baseline -0.002 -14"><span class='ocrx_word' id='word_1_709' title='bbox 403 5547 680 5618; x_wconf 66' lang='lat' dir='ltr'><strong>episcottis</strong></span> <span class='ocrx_word' id='word_1_710' title='bbox 707 5555 832 5617; x_wconf 85' lang='lat' dir='ltr'><strong>agat</strong></span> <span class='ocrx_word' id='word_1_711' title='bbox 863 5545 1190 5615; x_wconf 77' lang='lat' dir='ltr'><strong>Victricius)</strong></span> <span class='ocrx_word' id='word_1_712' title='bbox 1218 5554 1433 5603; x_wconf 83' lang='lat' dir='ltr'><strong>constat</strong></span> <span class='ocrx_word' id='word_1_713' title='bbox 1477 5544 1622 5617; x_wconf 86' lang='lat' dir='ltr'><strong>quod</strong></span> <span class='ocrx_word' id='word_1_714' title='bbox 1673 5545 1727 5601; x_wconf 84' lang='lat' dir='ltr'><strong>in</strong></span> <span class='ocrx_word' id='word_1_715' title='bbox 1764 5547 2004 5617; x_wconf 77' lang='lat' dir='ltr'><strong>Epistula</strong></span> 
     </span>
    </p>
   </div>
   <div class='ocr_carea' id='block_1_102' title="bbox 2117 5169 3721 5239">
    <p class='ocr_par' dir='ltr' id='par_1_102' title="bbox 2117 5169 3721 5239">
     <span class='ocr_line' id='line_1_102' title="bbox 2117 5169 3721 5239; baseline 0.003 -16"><span class='ocrx_word' id='word_1_716' title='bbox 2117 5170 2298 5239; x_wconf 87' lang='lat' dir='ltr'><strong>perius</strong></span> <span class='ocrx_word' id='word_1_717' title='bbox 2327 5169 2491 5237; x_wconf 83' lang='lat' dir='ltr'><strong>edita,</strong></span> <span class='ocrx_word' id='word_1_718' title='bbox 2527 5170 2819 5226; x_wconf 85' lang='lat' dir='ltr'><strong>observent</strong></span> <span class='ocrx_word' id='word_1_719' title='bbox 2857 5185 2942 5226; x_wconf 86' lang='lat' dir='ltr'><strong>me</strong></span> <span class='ocrx_word' id='word_1_720' title='bbox 2971 5171 3023 5223; x_wconf 90' lang='lat' dir='ltr'><strong>in</strong></span> <span class='ocrx_word' id='word_1_721' title='bbox 3058 5170 3238 5227; x_wconf 87' lang='lat' dir='ltr'><strong>locum</strong></span> <span class='ocrx_word' id='word_1_722' title='bbox 3278 5169 3508 5226; x_wconf 78' lang='lat' dir='ltr'><strong>Honorii</strong></span> <span class='ocrx_word' id='word_1_723' title='bbox 3540 5172 3721 5228; x_wconf 79' lang='lat' dir='ltr'><strong>virum</strong></span> 
     </span>
    </p>
   </div>
   <div class='ocr_carea' id='block_1_103' title="bbox 2114 5262 3722 5341">
    <p class='ocr_par' dir='ltr' id='par_1_103' title="bbox 2114 5262 3722 5341">
     <span class='ocr_line' id='line_1_103' title="bbox 2114 5262 3722 5341; baseline 0.006 -24"><span class='ocrx_word' id='word_1_724' title='bbox 2114 5262 2395 5320; x_wconf 82' lang='lat' dir='ltr'><strong>sullecisse</strong></span> <span class='ocrx_word' id='word_1_725' title='bbox 2443 5274 2498 5318; x_wconf 84' lang='lat' dir='ltr'><strong>et</strong></span> <span class='ocrx_word' id='word_1_726' title='bbox 2526 5265 2788 5336; x_wconf 84' lang='lat' dir='ltr'><strong>dignitate</strong></span> <span class='ocrx_word' id='word_1_727' title='bbox 2831 5264 3256 5322; x_wconf 88' lang='lat' dir='ltr'><strong>celeberrimum</strong></span> <span class='ocrx_word' id='word_1_728' title='bbox 3282 5276 3340 5323; x_wconf 91' lang='lat' dir='ltr'><strong>et</strong></span> <span class='ocrx_word' id='word_1_729' title='bbox 3383 5267 3722 5341; x_wconf 84' lang='lat' dir='ltr'><strong>antiquitate</strong></span> 
     </span>
    </p>
   </div>
   <div class='ocr_carea' id='block_1_104' title="bbox 2117 5356 2818 5428">
    <p class='ocr_par' dir='ltr' id='par_1_104' title="bbox 2117 5356 2818 5428">
     <span class='ocr_line' id='line_1_104' title="bbox 2117 5356 2818 5428; baseline 0.003 -18"><span class='ocrx_word' id='word_1_730' title='bbox 2117 5356 2277 5428; x_wconf 85' lang='lat' dir='ltr'><strong>longe</strong></span> <span class='ocrx_word' id='word_1_731' title='bbox 2304 5357 2818 5413; x_wconf 74' lang='lat' dir='ltr'><strong>commendandum.</strong></span> 
     </span>
    </p>
   </div>
   <div class='ocr_carea' id='block_1_105' title="bbox 2184 5450 3719 5523">
    <p class='ocr_par' dir='ltr' id='par_1_105' title="bbox 2184 5450 3719 5523">
     <span class='ocr_line' id='line_1_105' title="bbox 2184 5450 3719 5523; baseline 0.003 -17"><span class='ocrx_word' id='word_1_732' title='bbox 2184 5450 2562 5522; x_wconf 82' lang='lat' dir='ltr'><strong>Digressioues</strong></span> <span class='ocrx_word' id='word_1_733' title='bbox 2607 5451 2854 5520; x_wconf 70' lang='lat' dir='ltr'><strong>plurima:</strong></span> <span class='ocrx_word' id='word_1_734' title='bbox 2883 5452 3082 5522; x_wconf 89' lang='lat' dir='ltr'><strong>quibus</strong></span> <span class='ocrx_word' id='word_1_735' title='bbox 3113 5453 3216 5508; x_wconf 88' lang='lat' dir='ltr'><strong>hoc</strong></span> <span class='ocrx_word' id='word_1_736' title='bbox 3244 5455 3511 5523; x_wconf 85' lang='lat' dir='ltr'><strong>scriptum</strong></span> <span class='ocrx_word' id='word_1_737' title='bbox 3542 5451 3719 5512; x_wconf 80' lang='lat' dir='ltr'><strong>refer-</strong></span> 
     </span>
    </p>
   </div>
   <div class='ocr_carea' id='block_1_106' title="bbox 2113 5545 3717 5613">
    <p class='ocr_par' dir='ltr' id='par_1_106' title="bbox 2113 5545 3717 5613">
     <span class='ocr_line' id='line_1_106' title="bbox 2113 5545 3717 5613; baseline 0.004 -13"><span class='ocrx_word' id='word_1_738' title='bbox 2113 5557 2226 5600; x_wconf 89' lang='lat' dir='ltr'><strong>tum</strong></span> <span class='ocrx_word' id='word_1_739' title='bbox 2253 5556 2356 5613; x_wconf 65' lang='lat' dir='ltr'><strong>est,</strong></span> <span class='ocrx_word' id='word_1_740' title='bbox 2389 5550 2720 5602; x_wconf 85' lang='lat' dir='ltr'><strong>sententiam</strong></span> <span class='ocrx_word' id='word_1_741' title='bbox 2754 5545 3008 5602; x_wconf 86' lang='lat' dir='ltr'><strong>videntur</strong></span> <span class='ocrx_word' id='word_1_742' title='bbox 3033 5549 3272 5604; x_wconf 82' lang='lat' dir='ltr'><strong>recentis</strong></span> <span class='ocrx_word' id='word_1_743' title='bbox 3300 5550 3546 5608; x_wconf 86' lang='lat' dir='ltr'><strong>auctoris</strong></span> <span class='ocrx_word' id='word_1_744' title='bbox 3569 5547 3717 5608; x_wconf 72' lang='lat' dir='ltr'><strong>Vita:</strong></span> 
     </span>
    </p>
   </div>
   <div class='ocr_carea' id='block_1_107' title="bbox 405 5625 3716 5717">
    <p class='ocr_par' dir='ltr' id='par_1_107' title="bbox 405 5625 3716 5717">
     <span class='ocr_line' id='line_1_107' title="bbox 405 5625 3716 5717; baseline 0.001 -21"><span class='ocrx_word' id='word_1_745' title='bbox 405 5639 641 5696; x_wconf 81' lang='lat' dir='ltr'><strong>Concilii</strong></span> <span class='ocrx_word' id='word_1_746' title='bbox 673 5637 1092 5696; x_wconf 81' lang='lat' dir='ltr'><strong>Mediolanensis</strong></span> <span class='ocrx_word' id='word_1_747' title='bbox 1121 5640 1248 5694; x_wconf 91' lang='lat' dir='ltr'><strong>anni</strong></span> <span class='ocrx_word' id='word_1_748' title='bbox 1279 5638 1385 5696; x_wconf 79' lang='lat'><strong>390</strong></span> <span class='ocrx_word' id='word_1_749' title='bbox 1413 5639 1630 5696; x_wconf 87' lang='lat' dir='ltr'><strong>nomina</strong></span> <span class='ocrx_word' id='word_1_750' title='bbox 1668 5641 2008 5711; x_wconf 82' lang='lat' dir='ltr'><strong>subscripse-</strong></span> <span class='ocrx_word' id='word_1_751' title='bbox 2109 5639 2170 5698; x_wconf 90' lang='lat' dir='ltr'><strong>S.</strong></span> <span class='ocrx_word' id='word_1_752' title='bbox 2231 5639 2466 5696; x_wconf 81' lang='lat' dir='ltr'><strong>Victricii</strong></span> <span class='ocrx_word' id='word_1_753' title='bbox 2513 5649 2536 5676; x_wconf 73' lang='grc' dir='ltr'>α</span> <span class='ocrx_word' id='word_1_754' title='bbox 2577 5641 2927 5705; x_wconf 75' lang='lat' dir='ltr'><strong>conﬁrmare,</strong></span> <span class='ocrx_word' id='word_1_755' title='bbox 2968 5625 3038 5696; x_wconf 85' lang='lat' dir='ltr'><strong>de</strong></span> <span class='ocrx_word' id='word_1_756' title='bbox 3069 5641 3356 5698; x_wconf 84' lang='lat' dir='ltr'><strong>calumniis</strong></span> <span class='ocrx_word' id='word_1_757' title='bbox 3385 5645 3588 5715; x_wconf 83' lang='lat' dir='ltr'><strong>quibus</strong></span> <span class='ocrx_word' id='word_1_758' title='bbox 3617 5659 3716 5717; x_wconf 66' lang='lat' dir='ltr'><strong>pe.</strong></span> 
     </span>
    </p>
   </div>
   <div class='ocr_carea' id='block_1_108' title="bbox 404 5729 2006 5803">
    <p class='ocr_par' dir='ltr' id='par_1_108' title="bbox 404 5729 2006 5803">
     <span class='ocr_line' id='line_1_108' title="bbox 404 5729 2006 5803; baseline 0.003 -17"><span class='ocrx_word' id='word_1_759' title='bbox 404 5734 539 5798; x_wconf 89' lang='lat' dir='ltr'><strong>rint,</strong></span> <span class='ocrx_word' id='word_1_760' title='bbox 583 5731 774 5788; x_wconf 81' lang='lat' dir='ltr'><strong>saltem</strong></span> <span class='ocrx_word' id='word_1_761' title='bbox 803 5729 962 5803; x_wconf 76' lang='lat' dir='ltr'><strong>juxta</strong></span> <span class='ocrx_word' id='word_1_762' title='bbox 1007 5729 1302 5787; x_wconf 89' lang='lat' dir='ltr'><strong>editionem</strong></span> <span class='ocrx_word' id='word_1_763' title='bbox 1325 5731 1526 5788; x_wconf 82' lang='lat' dir='ltr'><strong>Labbei</strong></span> <span class='ocrx_word' id='word_1_764' title='bbox 1556 5741 1703 5788; x_wconf 88' lang='lat' dir='ltr'><strong>tomo</strong></span> <span class='ocrx_word' id='word_1_765' title='bbox 1729 5731 1771 5788; x_wconf 84' lang='lat' dir='ltr'><strong>ll</strong></span> <span class='ocrx_word' id='word_1_766' title='bbox 1793 5731 2006 5791; x_wconf 89' lang='lat' dir='ltr'><strong>Concil.</strong></span> 
     </span>
    </p>
   </div>
   <div class='ocr_carea' id='block_1_109' title="bbox 414 5823 2000 5896">
    <p class='ocr_par' dir='ltr' id='par_1_109' title="bbox 414 5823 2000 5896">
     <span class='ocr_line' id='line_1_109' title="bbox 414 5823 2000 5896; baseline 0.006 -20"><span class='ocrx_word' id='word_1_767' title='bbox 414 5823 523 5880; x_wconf 82' lang='lat' dir='ltr'><strong>col.</strong></span> <span class='ocrx_word' id='word_1_768' title='bbox 571 5823 712 5882; x_wconf 63' lang='lat'><strong>{027</strong></span> <span class='ocrx_word' id='word_1_769' title='bbox 737 5827 767 5880; x_wconf 71' lang='grc' dir='ltr'><em>ἐ</em></span> <span class='ocrx_word' id='word_1_770' title='bbox 801 5838 926 5879; x_wconf 87' lang='lat' dir='ltr'><strong>nam</strong></span> <span class='ocrx_word' id='word_1_771' title='bbox 966 5824 1110 5896; x_wconf 88' lang='lat' dir='ltr'><strong>apud</strong></span> <span class='ocrx_word' id='word_1_772' title='bbox 1149 5823 1288 5881; x_wconf 87' lang='lat' dir='ltr'><strong>alios</strong></span> <span class='ocrx_word' id='word_1_773' title='bbox 1329 5824 1527 5896; x_wconf 77' lang='lat' dir='ltr'><strong>legitur</strong></span> <span class='ocrx_word' id='word_1_774' title='bbox 1559 5823 1862 5881; x_wconf 81' lang='lat' dir='ltr'><strong>Theodorus</strong></span> <span class='ocrx_word' id='word_1_775' title='bbox 1892 5842 2000 5884; x_wconf 89' lang='lat' dir='ltr'><strong>non</strong></span> 
     </span>
    </p>
   </div>
   <div class='ocr_carea' id='block_1_110' title="bbox 473 5999 1210 6059">
    <p class='ocr_par' dir='ltr' id='par_1_110' title="bbox 473 5999 1210 6059">
     <span class='ocr_line' id='line_1_110' title="bbox 473 5999 1210 6059; baseline 0.001 -2"><span class='ocrx_word' id='word_1_776' title='bbox 473 6012 499 6040; x_wconf 75' lang='grc' dir='ltr'>ι</span> <span class='ocrx_word' id='word_1_777' title='bbox 537 6000 616 6057; x_wconf 78' lang='lat' dir='ltr'><strong>Le</strong></span> <span class='ocrx_word' id='word_1_778' title='bbox 640 5999 788 6058; x_wconf 73' lang='lat' dir='ltr'><strong>Brant</strong></span> <span class='ocrx_word' id='word_1_779' title='bbox 815 6001 908 6059; x_wconf 78' lang='lat' dir='ltr'><strong>des</strong></span> <span class='ocrx_word' id='word_1_780' title='bbox 937 5999 1210 6059; x_wconf 67' lang='lat' dir='ltr'><strong>Heruteu</strong></span> 
     </span>
    </p>
   </div>
   <div class='ocr_carea' id='block_1_111' title="bbox 2108 5732 3710 5804">
    <p class='ocr_par' dir='ltr' id='par_1_111' title="bbox 2108 5732 3710 5804">
     <span class='ocr_line' id='line_1_111' title="bbox 2108 5732 3710 5804; baseline 0.003 -15"><span class='ocrx_word' id='word_1_781' title='bbox 2108 5735 2240 5789; x_wconf 88' lang='lat' dir='ltr'><strong>titus</strong></span> <span class='ocrx_word' id='word_1_782' title='bbox 2265 5732 2388 5802; x_wconf 78' lang='lat' dir='ltr'><strong>fuit,</strong></span> <span class='ocrx_word' id='word_1_783' title='bbox 2411 5732 2565 5804; x_wconf 86' lang='lat' dir='ltr'><strong>quasi</strong></span> <span class='ocrx_word' id='word_1_784' title='bbox 2593 5733 2648 5788; x_wconf 85' lang='lat' dir='ltr'><strong>in</strong></span> <span class='ocrx_word' id='word_1_785' title='bbox 2670 5733 2943 5804; x_wconf 81' lang='lat' dir='ltr'><strong>aliquibus</strong></span> <span class='ocrx_word' id='word_1_786' title='bbox 2964 5732 3092 5789; x_wconf 76' lang='lat' dir='ltr'><strong>ﬁdei</strong></span> <span class='ocrx_word' id='word_1_787' title='bbox 3113 5732 3358 5790; x_wconf 76' lang='lat' dir='ltr'><strong>articulis</strong></span> <span class='ocrx_word' id='word_1_788' title='bbox 3380 5736 3710 5797; x_wconf 79' lang='lat' dir='ltr'><strong>erravisset.</strong></span> 
     </span>
    </p>
   </div>
   <div class='ocr_carea' id='block_1_112' title="bbox 2106 5817 3708 5905">
    <p class='ocr_par' dir='ltr' id='par_1_112' title="bbox 2106 5817 3708 5905">
     <span class='ocr_line' id='line_1_112' title="bbox 2106 5817 3708 5905; baseline 0.004 -21"><span class='ocrx_word' id='word_1_789' title='bbox 2106 5824 2352 5884; x_wconf 87' lang='lat' dir='ltr'><strong>Credunt</strong></span> <span class='ocrx_word' id='word_1_790' title='bbox 2379 5825 2529 5882; x_wconf 89' lang='lat' dir='ltr'><strong>illum</strong></span> <span class='ocrx_word' id='word_1_791' title='bbox 2573 5827 2624 5882; x_wconf 89' lang='lat' dir='ltr'><strong>in</strong></span> <span class='ocrx_word' id='word_1_792' title='bbox 2672 5817 2880 5882; x_wconf 84' lang='lat' dir='ltr'><strong>Italiam</strong></span> <span class='ocrx_word' id='word_1_793' title='bbox 2910 5835 3070 5882; x_wconf 87' lang='lat' dir='ltr'><strong>antea</strong></span> <span class='ocrx_word' id='word_1_794' title='bbox 3101 5842 3164 5885; x_wconf 81' lang='lat' dir='ltr'><strong>se</strong></span> <span class='ocrx_word' id='word_1_795' title='bbox 3192 5837 3486 5902; x_wconf 68' lang='lat' dir='ltr'><strong>purgatum</strong></span> <span class='ocrx_word' id='word_1_796' title='bbox 3517 5831 3708 5905; x_wconf 63' lang='lat' dir='ltr'><strong>irino,</strong></span> 
     </span>
    </p>
   </div>
  </div>
