3894 6238
244 307 358 408 t‘p
864 330 868 334 ·
1206 326 1270 383 s.
1310 320 1636 384 vicrtucu
1677 323 2005 385 EPISCOPI
2028 322 2627 407 uornomcsNSts
3452 320 3559 393 us

243 446 512 519 cognoscit
540 460 681 502 um.
730 444 833 503 Vos
860 455 1035 504 autent
1061 446 1227 503 nostis
1251 443 1427 519 illaut,
1457 446 1745 517 «inspuit
1764 462 1851 503 vos
1881 458 1926 515 Α
1957 460 2053 515 sor
2082 446 2329 514 tremuit,
2355 458 2413 506 et
2440 450 2731 508 trementis
2758 449 3041 511 dexteram
3080 451 3382 510 moriturus
3406 450 3571 524 adju-

251 544 450 608 manet,
479 546 534 596 et
558 540 927 623 subiacentem
949 540 1146 616 (locu.
1174 558 1287 614 atv,
1313 542 1403 608 16,
1432 540 1566 616 l7):
1586 541 1657 599 Et
1676 542 1812 601 alibi
1836 561 1853 600 :

246 633 384 691 Cum
409 651 500 692 vos
520 637 799 695 statuerint
827 648 951 694 ante
968 648 1243 707 potestates
1267 637 1431 715 hujus
1455 638 1662 709 mundi,
1692 639 1862 696 nolite

244 724 462 788 solliciti
484 745 600 787 esse
626 718 759 805 quid
781 731 1090 805 loquamini,
1125 731 1361 808 Spiritus
1390 731 1571 790 Patria
1594 735 1749 791 vestri
1780 734 1861 792 lo-

251 824 522 900 quetur-in
552 827 697 883 vobis
724 829 742 898 (
767 825 963 883 ﬂatur.
992 844 1051 895 ι,
1086 828 1208 901 l9).
1244 826 1303 885 ln
1332 828 1436 886 hac
1461 831 1671 887 unitate
1692 845 1863 887 vene-

248 923 501 981 rabilium
525 925 840 996 passionum
864 934 1169 982 vestrarum
1190 923 1393 981 lumina
1415 925 1772 981 conlltemur.
1801 923 1860 981 in

250 1015 549 1092 Evangelia
569 1002 827 1091 legimus,
841 1018 965 1090 quia
984 1034 1072 1074 res
1090 1018 1211 1076 estis
1228 1019 1426 1075 lumina
1441 1020 1623 1076 mundi
1641 1003 1860 1094 (Matth.

261 1127 319 1183 v,
352 1112 487 1185 lt).
513 1114 626 1170 lloc
648 1115 700 1171 in
730 1114 1009 1187 periculis,
1035 1114 1141 1172 hoc
1188 1116 1241 1172 in
1267 1115 1453 1172 laetitia
1477 1114 1861 1187 prmdicamus.

242 1203 440 1261 Prosit
468 1207 855 1279 peccatoribus
885 1205 989 1264 ista
1008 1205 1311 1273 contessio,
1336 1207 1463 1279 quia
1492 1206 1599 1264 hoc
1627 1207 1869 1265 obtinuit

254 1296 373 1356 ille.
395 1299 489 1372 qui
508 1299 727 1373 petivit,
749 1301 893 1359 sicut
908 1300 1172 1358 Dominus
1201 1300 1257 1357 in
1281 1301 1578 1375 Evangelio
1600 1302 1864 1375 loquitur:

256 1392 393 1451 Nam
421 1407 546 1453 cum
581 1394 723 1452 latro
752 1396 1086 1471 in‘patibulo
1114 1395 1360 1477 pendens
1381 1397 1452 1455 ab
1470 1414 1538 1454 eo
1562 1407 1778 1471 peteret
1807 1407 1869 1455 ut

255 1486 343 1545 sui
373 1489 739 1555 meminisset.
763 1491 841 1547 ait
877 1489 1136 1550 Salvator
1164 1508 1179 1548 :
1208 1491 1374 1548 Amen
1415 1490 1535 1548 dico
1566 1493 1682 1561 tibi,
1708 1491 1881 1551 hodie

256 1598 459 1641 mecum
479 1584 582 1641 erit
611 1585 667 1641 in
697 1582 982 1642 Paradiso.
1029 1586 1233 1644 Delicta
1262 1588 1731 1657 nemo'discutiat,
1767 1604 1863 1647 ve-

261 1677 410 1738 niam
438 1680 805 1753 postulamus.

334 1772 401 1830 V.
440 1775 558 1847 Age
606 1791 775 1841 nunc,
828 1775 1027 1833 fratres
1074 1768 1444 1845 dilectissimi,
1499 1778 1868 1834 sacrosanctis

1961 542 2073 609 vit;
2111 540 2222 599 fera
2262 543 2455 615 noluit,
2490 544 2725 604 irritavit
2754 547 3025 619 obiectus,
3056 563 3163 604 non
3193 548 3318 621 quia
3344 562 3589 620 penam

1961 651 2282 709 corpoream
2331 647 2526 695 natura
2586 641 2941 712 perdiderat,
2993 642 3090 698 sed
3133 641 3261 717 quia
3309 639 3571 701 Salvator

1964 736 2098 789 tanti
2146 733 2341 803 prtesul
2367 734 2709 802 certaminis,
2743 735 2978 804 palmam
3009 736 3255 806 vibrans,
3288 736 3573 793 immorta-

1966 825 2134 883 litatis
2176 826 2459 909 victoriam
2510 830 2907 901 praetendebat.
2956 830 3085 887 Haec
3125 846 3456 904 quamquam
3496 831 3571 889 ita

1965 921 2097 989 sint,
2141 931 2323 979 tamen
2372 923 2426 979 in
2467 923 2558 978 illa
2603 924 2858 995 passione
2887 924 3262 981 membrorum
3292 924 3603 982 vobiscum“

1964 1026 2242 1075 certamen
2273 1033 2501 1088 corpora
2534 1018 2903 1090 pertulerunt.
2936 1019 3107 1076 Strati
3146 1035 3282 1090 ergo
3311 1018 3486 1085 humi,
3517 1029 3609 1078 et“

1965 1110 2143 1166 solum
2192 1109 2451 1185 lncrymis
2479 1110 2768 1182 irrigantes
2814 1128 2923 1167 una
2964 1125 3101 1169 voce
3140 1111 3475 1180 clametnus,
3514 1119 3579 1170 ut

1965 1203 2060 1275 qui
2106 1217 2328 1275 semper
2373 1213 2616 1260 sacratas
2665 1204 2927 1279 reliquias
2973 1205 3287 1278 possidetis,
3337 1218 3574 1278 corpora

1968 1298 2232 1371 purgct‘m.
2257 1297 2369 1355 Nec
2391 1300 2571 1365 vobis,
2594 1299 2918 1369 venerandi,
2941 1311 3125 1357 nostra
3149 1299 3401 1358 sordebit
3422 1299 3578 1357 obla-

1971 1395 2066 1449 tio.
2112 1392 2343 1464 Dignnm
2385 1391 2728 1451 domicilium
2759 1405 2842 1452 est
2869 1395 3015 1468 quod
3047 1404 3126 1452 tot
3149 1394 3449 1453 victoribus
3472 1392 3578 1452 ba-

1968 1488 2195 1545 bitetur.
2245 1488 2343 1546 llic
2387 1488 2680 1547 invenietis
2721 1489 2988 1548 Joannem
3031 1490 3359 1563 Baptistam,
3396 1492 3605 1562 illum,

1969 1584 2211 1656 inquam,
2255 1585 2347 1657 qui
2386 1584 2567 1641 stadio
2604 1582 2635 1625 δ
2673 1587 2951 1643 communi
2991 1595 3248 1642 cruentus
3272 1587 3447 1654 stetit,
3476 1584 3593 1642 sed.

1971 1676 2040 1733 ad
2086 1679 2287 1734 emtum
2333 1688 2629 1735 coronatus
2670 1677 2943 1747 ascendit,
2974 1694 3135 1750 quem
3169 1678 3431 1735 Dominus
3459 1679 3590 1751 ipse

1971 1771 2121 1829 inter
2164 1784 2321 1831 natos
2367 1774 2662 1831 mulierum
2706 1784 2955 1830 autumat
2994 1777 3287 1847 potiorem.
3333 1773 3438 1832 llic.
3464 1776 3581 1831 An-

186 1896 193 1901 ·
264 1869 511 1942 reliquiis
539 1871 727 1939 melle,
748 1872 892 1931 lacte
914 1872 1141 1931 subacta
1168 1873 1504 1943 psalmorum
1532 1875 1704 1931 verba
1733 1874 1866 1932 tibe-
1900 1878 1946 1939 Β
1969 1868 2181 1935 dream,
2211 1870 2297 1925 hic
2323 1867 2616 1935 Thomam,
2639 1870 2728 1931 hic
2756 1868 3101 1936 Gcrvasinm,
3127 1868 3217 1926 hic
3242 1865 3576 1939 Protasium,

263 1977 408 2020 mus.
443 1963 655 2039 Vigiliis
684 1975 741 2024 et
756 1967 986 2041 jejuniis
1016 1968 1283 2026 inebriata
1314 1970 1585 2028 sobrietas
1629 1970 1866 2027 ablutio-

267 2063 394 2117 nem
420 2062 662 2132 postulet
682 2064 1048 2137 peccatorum.
1077 2063 1403 2121 inclinemus
1427 2065 1495 2121 ad
1524 2081 1626 2122 nos
1652 2074 1871 2123 saneto-

265 2143 390 2208 fum
436 2151 704 2225 levorem,
736 2157 1040 2216 dum'calet
1066 2154 1379 2217 adventusﬁ
1414 2160 1620 2218 llorum
1647 2160 1867 2235 quidem

266 2243 542 2302 domicilia
574 2263 817 2319 superna
841 2262 995 2321 sunt,
1024 2251 1122 2310 sed
1149 2267 1251 2311 nos
1294 2261 1358 2310 ut
1385 2252 1632 2326 hospites
1675 2268 1868 2326 prece-

269 2352 412 2395 mur.
439 2337 668 2398 Prodest
694 2357 1103 2417 nonnumquam
1129 2345 1503 2416 dissimulare,
1536 2348 1679 2419 quod
1702 2347 1869 2404 scias;

269 2428 558 2489 Secretum
578 2447 739 2492 suum
758 2435 862 2508 ipsi
890 2438 1165 2496 noverint.
1190 2438 1429 2497 Facilius
1456 2441 1754 2515 impetrant
1776 2442 1869 2515 qui

268 2538 611 2585 sacramenta
657 2531 1000 2601 custodiunt,
1048 2544 1103 2592 et
1145 2544 1358 2592 secreta
1422 2552 1531 2592 non
1590 2546 1867 2610 ιιυωτυιιι.

275 2621 385 2680 Vua
412 2639 658 2697 quoque,
686 2642 882 2697 saera,
911 2629 1299 2704 inviolataeque
1326 2632 1586 2705 virgines,
1629 2633 1870 2705 psallite,

271 2715 512 2787 psallite,
539 2727 597 2776 et
619 2712 847 2779 choreis
862 2723 1113 2780 tramites
1136 2725 1333 2797 quibus
1360 2726 1430 2780 ad
1454 2726 1654 2784 emtum
1680 2741 1874 2784 ascen—

273 2811 422 2869 ditur
450 2822 505 2870 et
547 2814 690 2887 pede
718 2806 937 2890 pulsate
966 2818 1015 2873 ⁶.
1045 2818 1194 2891 illos,
1225 2820 1474 2893 inquam,
1499 2823 1592 2895 qui
1627 2822 1874 2879 Paradisi

271 2921 404 2965 vere
424 2915 664 2981 gaudent
683 2911 838 2968 clara
867 2914 1011 2979 luce,
1038 2914 1209 2972 nullis
1232 2915 1468 2972 nubibus
1499 2916 1699 2973 turbidi
1717 2933 1731 2984 ;
1749 2916 1875 2975 illos

269 3001 479 3075 plautio
511 3006 694 3079 terite,
729 3007 858 3065 illos
882 3010 1188 3085 assultibus
1232 3011 1481 3085 fatigate.

341 3094 433 3154 Vl.
474 3095 555 3153 Ne
593 3092 717 3172 quis
758 3110 942 3159 alitem
986 3102 1058 3160 de
1098 3120 1289 3161 errore
1332 3115 1629 3179 queratur;
1667 3107 1882 3167 addidit

272 3187 431 3246 nobis
472 3191 611 3248 alios
650 3193 821 3252 duces
866 3196 1239 3255 misericordia
1268 3198 1591 3257 Salvatoris.
1625 3203 1764 3271 Quid
1792 3214 1879 3259 est

269 3282 418 3341 enim
446 3282 615 3355 aliud,
643 3286 981 3361 charissimi,
1004 3292 1227 3367 Martyr,
1248 3294 1351 3350 nisi
1368 3295 1570 3353 Christi
1591 3297 1873 3355 imitator?
1900 3290 1949 3355 C
1980 3291 2149 3363 Major
2184 3299 2366 3347 tamen
2415 3290 2522 3346 erit
2569 3299 2872 3346 vestrarum
2910 3289 3089 3360 gloria
3134 3297 3488 3361 potestatum,
3531 3287 3603 3345 si

270 3367 515 3445 domitor
556 3381 759 3439 rabidae
803 3383 1416 3459 voluptatist'calcator‘
1439 3392 1778 3462 ambitionis,
1823 3404 1880 3451 et

274 3476 469 3559 mortis
510 3477 1131 3555 ambitnr,coutemptor
1157 3483 1499 3556 divitiarum,
1531 3500 1879 3559 compressor

275 3569 548 3639 lasciviat,
593 3572 1026 3647 intemperantia:
1068 3579 1543 3652 persecutor?_Cui
1585 3599 1878 3657 numquam

273 3676 551 3741 sceptrum
594 3668 904 3741 prudentize
940 3675 1167 3732 avaritia
1207 3679 1515 3749 pra-ripnit,
1544 3682 1878 3755 anteupidi-

274 3764 362 3845 tas
389 3762 680 3820 vindicari.
707 3765 812 3824 Per
840 3766 941 3824 bos
968 3770 1233 3828 virtutum
1256 3771 1455 3845 gradus
1480 3774 1623 3833 unde
1647 3776 1883 3835 descen-

274 3848 431 3914 derat
457 3855 711 3913 Salvator
740 3859 1011 3933 ascendit,
1040 3862 1276 3921 docente
1301 3864 1570 3937 Apostolo
1593 3887 1607 3924 :
1634 3869 1735 3938 Qui
1765 3873 1884 3927 des-

274 3950 476 4020 cendit,
513 3953 627 4025 ipse
666 3962 764 4025 est,
797 3956 887 4023 qui
910 3956 1147 4033 ascendit
1173 3976 1334 4029 super
1364 3978 1539 4017 omnes
1568 3965 1742 4019 catos.
1777 3965 1882 4022 Per

277 4043 383 4123 bos
421 4043 665 4117 denique
708 4063 921 4115 secum,
963 4067 1100 4123 quos
1128 4052 1560 4123 prmdestinavit,
1591 4057 1882 4114 evexitdi-

278 4152 413 4196 cens
440 4155 457 4195 :
490 4138 669 4209 Pater,
695 4158 825 4214 quos
851 4144 981 4219 ntiiii
1009 4145 1222 4211 dedisti.
1254 4148 1393 4215 volo,
1422 4157 1481 4202 ut
1508 4148 1594 4204 ubi
1622 4166 1738 4204 sunt
1760 4166 1879 4226 ego,

278 4241 328 4289 et
356 4231 441 4289 illi
463 4234 569 4290 sint
590 4250 809 4293 mecum.
845 4236 1163 4305 Prudentia,
1181 4241 1414 4319 iustitia,
1436 4239 1723 4311 fortitudo,
1749 4245 1883 4301 tent-

277 4327 529 4401 perantia
554 4328 640 4385 via
667 4331 916 4388 cmlestis
943 4341 1049 4389 est.
1080 4333 1231 4391 Hanc
1262 4334 1517 4393 Salvator
1546 4339 1763 4409 aperuit
1790 4338 1884 4394 di-

276 4434 409 4479 cens
451 4439 469 4479 :
511 4419 630 4499 Ego
669 4440 789 4481 sum
830 4426 913 4481 via
952 4435 1001 4481 et
1026 4427 1239 4485 veritas.
1275 4428 1427 4485 lianc
1460 4430 1883 4501 margaritarum

276 4510 619 4586 ctelestium,
667 4528 723 4574 et
760 4521 1085 4577 aeternitatis
1124 4530 1398 4579 mercator
1440 4522 1654 4580 attrivit
1685 4543 1701 4579 :
1740 4524 1885 4582 hanc

276 4608 583 4668 viatoribus
619 4610 939 4671 cbristianis
966 4614 1252 4687 prophetae
1277 4616 1663 4674 demonstrant
1694 4635 1711 4675 :
1744 4619 1900 4693 hanc.

1976 1963 2063 2021 hic
2101 1965 2445 2036 Agricolam,
2482 1964 2569 2020 hic
2607 1962 2935 2033 Eufemiam,
2967 1978 3092 2035 qua:
3117 1963 3392 2035 quondam
3419 1972 3577 2018 ustu-

1953 2059 2088 2116 'lato
2125 2060 2308 2115 animo
2340 2059 2443 2117 sub
2485 2073 2810 2130 percussore
2839 2057 2995 2131 virgo
3025 2072 3137 2113 non
3168 2055 3381 2128 palluit.
3412 2054 3581 2113 Deni—

1973 2170 2082 2229 que
2125 2164 2274 2211 tanta
2317 2154 2406 2212 hic
2451 2165 2535 2211 est
2578 2154 2886 2211 caelestium
2924 2151 3124 2208 civium
3169 2149 3484 2215 multitudo,
3517 2156 3581 2207 ut

1974 2250 2045 2307 ad
2088 2250 2379 2308 adventum
2431 2260 2626 2307 vostra:
2672 2246 2978 2319 majestatis
3028 2248 3182 2304 locus
3228 2243 3388 2303 nobis
3430 2253 3581 2301 esset

1975 2344 2117 2401 alius
2158 2345 2539 2417 inquirendos,
2590 2345 2691 2400 nisi
2738 2342 3123 2416 vosljuugeret
3148 2350 3423 2399 secretum
3453 2355 3598 2399 νεεδ

1977 2450 2144 2510 trum,
2171 2448 2226 2497 et
2256 2438 2440 2497 unitas
2471 2439 2780 2511 potestatis.

2049 2535 2240 2592 Vestra
2284 2546 2412 2592 sunt
2448 2535 2568 2592 haec
2593 2543 2890 2607 praecepta,
2916 2530 3242 2590 charitatem
3271 2545 3379 2589 non
3408 2545 3581 2588 tamn.

1981 2632 2102 2696 lari,
2149 2646 2259 2688 non
2303 2647 2551 2701 quaerere
2585 2631 2708 2700 illa,
2758 2645 2883 2704 quae
2917 2644 3015 2686 sua
3040 2636 3168 2685 sunt
3201 2638 3247 2683 ο.
3281 2625 3437 2685 Unde
3465 2642 3577 2683 non

1977 2725 2190 2799 ambigo
2236 2725 2380 2798 quod
2424 2726 2729 2783 secundum
2763 2720 3287 2782 bominem‘vilioris
3323 2719 3431 2778 loci
3478 2733 3596 2777 vos

1976 2828 2166 2892 tangat
2188 2820 2415 2889 injuria.
2442 2823 2683 2893 Angusta
2713 2817 2900 2885 nimis,
2930 2816 3185 2874 homines
3210 2816 3313 2873 ista
3346 2829 3581 2887 perpen-

1978 2913 2135 2969 duut.
2182 2912 2449 2970 Divinitas
2484 2912 2721 2985 gradum.
2756 2912 2989 2982 respuit,
3030 2926 3133 2968 nec
3160 2909 3285 2967 loco
3312 2924 3414 2967 nec
3440 2920 3589 2967 tem-s

1980 3024 2113 3081 pore
2140 3008 2419 3065 delinitur.
2451 3006 2689 3065 lluitatis
2719 3009 2863 3063 nulla
2893 3006 3169 3077 subiectio
3190 3015 3296 3063 est.
3326 3002 3438 3061 Nec
3470 2999 3583 3061 mi?

1980 3119 2127 3171 rum,
2175 3104 2221 3158 si
2267 3100 2403 3159 nihil
2448 3112 2531 3157 est
2565 3102 2717 3158 vobis
2760 3102 2812 3157 in
2842 3100 3148 3158 substantia
3183 3110 3402 3156 terrena
3431 3095 3581 3156 difﬂ-

1979 3198 2108 3266 cile,
2152 3197 2353 3270 quibus
2399 3209 2572 3252 totum
2614 3206 2702 3253 est
2744 3198 2798 3253 in
2847 3198 3075 3266 spiritus
3119 3195 3241 3251 luce
3263 3209 3589 3252 commune.

1979 3384 2290 3443 defendatis
2317 3384 2641 3453 laboriosos,
2679 3383 2729 3442 si
2756 3386 2983 3441 tuemini
3014 3383 3264 3440 hostibus
3293 3383 3586 3455 sulijaceno'

1981 3488 2084 3536 tes.
2128 3478 2335 3551 Tegunt
2382 3493 2556 3547 arma,
2599 3492 2737 3550 quos
2778 3477 2990 3541 volunt,
3036 3494 3135 3535 nos
3178 3488 3378 3534 vestrm.
3405 3475 3577 3545 acies,

1980 3586 2160 3632 veStra
2189 3576 2342 3647 signa
2368 3574 2703 3631 custodient.
2742 3572 2935 3631 Nullus
2959 3582 3045 3630 est
3080 3574 3280 3638 hostis,
3308 3573 3351 3629 si
3378 3572 3584 3630 tribua-

1982 3668 2053 3725 tis
2097 3668 2489 3741 indulgentiam
2540 3677 2915 3739 peccatorum.
2966 3666 3049 3722 Ex
3087 3665 3289 3724 vestris
3327 3667 3585 3724 manibus

1982 3771 2187 3820 nostra}
2214 3766 2338 3818 vim:
2362 3762 2656 3817 retinacula
2683 3762 3015 3817 detinentur.
3040 3759 3324 3817 Remittite
3350 3759 3584 3826 delicta,

1982 3868 2039 3915 et
2081 3860 2227 3914 nulla
2273 3873 2373 3915 nos
2420 3858 2561 3915 bella
2603 3857 2918 3912 turbabunt.
2949 3855 3056 3914 Sed
3086 3854 3215 3927 quid
3241 3868 3345 3926 ego
3375 3868 3586 3925 panper

1982 3952 2274 4009 Victricius
2320 3951 2496 4007 cultor
2538 3960 2721 4006 vester
2761 3948 2831 4007 de
2859 3949 2965 4006 loci
3000 3949 3265 4019 qualitate
3310 3945 3601 4003 formidet.

1982 4048 2025 4103 A
2059 4046 2213 4102 vobis
2254 4046 2323 4102 ad
2372 4059 2469 4101 vos
2515 4045 2763 4107 venistis,
2810 4042 2898 4100 hic
2922 4040 3235 4113 reperietis,
3267 4054 3409 4113 quos
3434 4038 3587 4099 circa

1984 4140 2198 4198 Domini
2235 4141 2364 4197 Jesu
2395 4138 2601 4197 Christi
2642 4140 2832 4195 altaria
2860 4140 3236 4196 ministrantes
3258 4137 3588 4209 reliquistis;

1984 4238 2248 4308 porrectis
2295 4235 2533 4293 brachiis
2579 4250 2680 4292 vos
2722 4236 2962 4306 Baptista
2988 4233 3236 4291 Joannes
3276 4242 3586 4305 exspectat.

1987 4332 2096 4390 Vos
2126 4332 2386 4397 Thomas,
2428 4346 2524 4390 vos
2568 4330 2838 4400 Andreas,
2890 4330 3065 4387 Lucas
3090 4340 3146 4386 et
3173 4338 3376 4388 extera
3403 4327 3592 4385 multi-'-

1983 4424 2115 4482 tndo
2139 4427 2380 4483 cmlestis
2407 4425 2585 4497 parilii
2623 4440 2723 4481 vos
2744 4424 3021 4482 desiderio
3046 4424 3102 4481 in
3128 4438 3289 4481 suum
3314 4424 3596 4497 gremium

1984 4527 2163 4577 vocat.
2209 4518 2401 4576 Nullus
2445 4535 2545 4574 vos
2585 4533 2762 4575 novus
2800 4518 3004 4591 hospes
3050 4516 3306 4588 excipiet.
3342 4515 3409 4575 lli
3458 4527 3593 4575 sunt

1983 4628 2108 4695 cum
2135 4614 2332 4685 quibus
2358 4613 2602 4670 militatis
2638 4614 2691 4669 in
2722 4614 2884 4693 celo.
2924 4612 3224 4670 Peculiuris
3256 4606 3439 4670 tamen
3479 4613 3593 4672 erit

274 4703 521 4776 Apostoli
572 4704 991 4778 frequentarunt
1035 4728 1048 4766 :
1100 4711 1241 4768 hanc
1264 4728 1563 4785 numquam
1589 4724 1684 4771 aut
1712 4689 1965 4788 frigus-1)
1987 4691 2304 4782 gratulatio,
2345 4708 2394 4765 si
2427 4709 2722 4782 iungamur
2766 4689 3030 4781 reliquiis,
3075 4707 3169 4781 qui
3202 4706 3381 4781 juncti
3421 4708 3597 4766 clari-

280 4799 557 4872 astringit,
594 4811 689 4856 aut
720 4802 871 4859 calor
902 4803 1166 4861 incendit.
1198 4806 1255 4861 in
1281 4806 1505 4877 psalmis
1533 4817 1749 4865 cautum
1776 4818 1885 4878 est,

279 4896 375 4963 per
401 4890 646 4949 dirutae!
670 4909 779 4949 non
802 4903 918 4951 uret
949 4903 997 4951 te
1023 4911 1126 4953 nec
1147 4897 1275 4954 tuna
1303 4915 1397 4969 per
1425 4911 1649 4958 noctein.
1672 4900 1788 4970 Qua
1816 4903 1887 4960 de

279 4998 341 5042 re
376 4999 620 5053 oremus,
650 4986 993 5059 cltarissimi,
1022 5004 1268 5059 oremus,
1297 5006 1355 5049 ut
1383 4993 1430 5048 si
1462 4996 1758 5052 ascendere
1783 5011 1887 5053 nos

278 5080 534 5137 cumulus
564 5082 819 5154 prohibet
841 5096 1212 5156 peccaturum,
1240 5092 1325 5146 vel
1348 5092 1738 5148 ascendentum
1764 5110 1887 5150 ves-

280 5175 412 5247 tigia
447 5175 653 5234 osculis
683 5179 1012 5237 arctioribus
1053 5197 1404 5254 vaporemus.
1439 5184 1535 5244 lsti
1564 5197 1689 5243 sunt
1719 5204 1880 5245 vene-

280 5274 463 5344 randi,
508 5273 596 5331 isti
640 5283 770 5332 sunt
805 5280 1003 5345 sancti,
1043 5279 1134 5350 qui
1165 5281 1326 5337 morti
1359 5293 1589 5339 mortem
1624 5285 1882 5342 intulere.

281 5368 436 5425 Sicut
469 5367 701 5442 legimus
732 5389 743 5424 :
780 5370 886 5441 Qui
909 5374 1074 5431 credit
1100 5375 1155 5431 in
1184 5393 1287 5443 me,
1318 5376 1438 5433 licet
1464 5374 1717 5435 moriatur
1740 5382 1883 5436 vivit.

277 5462 331 5521 0
372 5479 541 5538 quam
589 5466 830 5537 pretiosa
878 5476 965 5525 est
1012 5469 1065 5527 in
1117 5485 1421 5542 conspectu
1474 5473 1689 5532 Domini
1734 5491 1887 5533 mors

276 5567 596 5635 sanetum
621 5560 743 5634 ejus
770 5562 967 5635 quibus
996 5564 1181 5621 minax
1205 5567 1326 5638 plus
1351 5569 1604 5638 praestitit
1629 5584 1887 5641 persecu-

272 5663 390 5723 tor;
420 5665 595 5712 tortor
622 5656 860 5726 horruit,
891 5657 1012 5715 risit
1039 5659 1294 5717 subditus
1317 5662 1629 5734 quaestioni,
1658 5678 1882 5737 percus-

340 5851 372 5918 ξ
401 5838 772 5918 ἔιοίιριιρτίςο
796 5845 1059 5918 loquitur.
1105 5851 1127 5897 ξ

341 5909 373 5951 ⁵
397 5909 460 5969 lo
485 5909 591 5973 mi.
619 5913 821 5989 lciitt'tr
843 5909 1041 5989 eiectio,
1074 5919 1171 5979 scd
1203 5921 1361 5980 malet

1987 4805 2179 4862 tudine
2207 4805 2459 4878 spiritali.
2882 4880 2885 4881 ν

2027 4902 2136 4959 V'li.
2152 4901 2430 4975 Siquidem
2446 4918 2608 4958 unam
2620 4902 3044 4973 cornei-utentia:
3058 4916 3290 4960 massam
3304 4900 3595 4974 Scriptura

1985 4996 2300 5054 insinuante
2321 4998 2668 5070 colligimus;
2685 4998 2898 5064 Quotus
2923 4998 3071 5055 enim
3106 4997 3232 5070 quis
3268 5005 3365 5053 aut
3393 5007 3594 5054 natura

1987 5102 2095 5147 tam
2124 5092 2335 5159 brutus,
2364 5092 2709 5148 autrationis
2733 5106 2933 5161 expers
2980 5090 3216 5148 inveniri
3258 5103 3462 5164 queat,
3492 5093 3594 5163 qui

1987 5200 2150 5261 neget
2174 5187 2430 5244 feminam
2459 5203 2528 5242 ex
2562 5187 2664 5241 viri
2710 5183 2976 5242 lateribus
3017 5184 3325 5255 sumpsisse
3373 5185 3593 5258 princi-

1987 5283 2182 5356 pium?
2223 5282 2297 5337 Ex
2320 5295 2431 5353 quo
2471 5280 2603 5335 illud
2635 5281 2903 5350 emergit,
2956 5288 3019 5334 ut
3047 5276 3417 5349 intelligamus
3467 5279 3607 5351 pris

1986 5374 2197 5431 mordia
2225 5378 2410 5433 carnis
2430 5390 2498 5430 ex
2528 5388 2697 5430 carne
2722 5387 2846 5429 esse
2869 5385 3147 5445 suscepta.
3165 5371 3460 5444 Ipsumque
3480 5370 3594 5430 sibi

1987 5468 2159 5527 fuisse
2182 5479 2455 5537 naturam,
2480 5477 2538 5525 ut
2565 5469 2611 5525 si
2633 5468 2880 5525 animum
2919 5468 3134 5525 naviter
3162 5467 3439 5541 quispiam
3495 5469 3594 5527 in-

1982 5567 2193 5634 tendat,
2226 5575 2282 5623 et
2333 5565 2489 5621 velut
2538 5563 2759 5636 generis
2800 5577 2975 5635 genus
3015 5563 3289 5636 inquit-at,
3341 5563 3599 5635 reperiat

1985 5662 2160 5721 Adam
2189 5676 2259 5719 ex
2286 5663 2473 5732 specie
2508 5673 2682 5731 genus
2712 5655 2995 5716 euectum.
3033 5655 3153 5716 Non
3199 5656 3345 5715 enim
3403 5665 3599 5732 potest

2049 5853 2077 5885 ⁸
2108 5846 2768 5924 Videturlndiearequod
2796 5846 2917 5924 iatn
2933 5846 3144 5924 aliquas
3163 5842 3448 5921 Reliquias
3472 5856 3601 5922 pos-

2751 5920 2757 5929 ι

1912 5966 1917 5970 .
1982 5923 2192 5982 ridebat
2223 5921 2467 5981 EucleSia
2488 5916 2976 5992 Rotdomigcitiist

3594 6108 3723 6137 ῇιι-

3828 6036 3834 6138 l
