3894 6238
391 255 555 336 mm

1395 267 1458 325 s.
1500 264 1824 326 Vtcrntcn
1867 263 2183 323 EPISCOPI
2225 239 2814 322 nornonscenst‘s

3647 256 3752 321 ιω

445 379 558 452 puli
590 387 895 448 moverent,
930 379 1111 436 omnis
1139 389 1276 436 astas
1303 381 1359 435 in
1392 379 1644 435 stndium‘
1666 378 1866 446 divisa,
1918 378 2052 433 ado-
2077 381 2131 441 Α
2160 377 2484 435 Salvatoris.
2510 377 2670 435 Dedit
2687 379 3024 450 exemplum,
3050 375 3216 434 mittit
3238 375 3460 435 auxilia.
3480 373 3647 432 Certa
3672 375 3757 432 vl-

441 489 570 531 t'cas
597 473 780 550 [idest
801 474 1037 550 laudes],
1067 475 1340 531 etbellica
1369 473 1509 530 facta
1537 482 1806 537 cantaret,
1829 472 2051 541 paluda-

440 570 610 628 meuti
627 569 874 625 flammas
895 585 960 626 ac
979 568 1205 644 Tyrium
1235 569 1497 626 muricem
1528 567 1844 630 miraretur,
1864 574 2049 634 stupe-

442 674 550 732 ret,
579 661 754 720 Rubri
808 665 1044 737 pretiutn
1077 663 1265 728 maris,
1295 672 1349 719 et
1368 661 1580 734 gelatas
1629 660 1902 745 lacrymas
1936 657 2052 714 bel-

442 758 689 818 luarum:
721 768 776 817 et
800 758 1022 832 quidem
1056 758 1302 816 miranda
1331 759 1374 813 si
1409 749 2049 826 videas,'contemnenda

440 853 487 912 si
509 853 1006 928 cogites;deniqne
1028 853 1239 923 lapides
1260 852 1642 925 appellantur;
1665 851 1782 906 haec
1800 848 2046 919 inquam,

443 946 684 1007 hiantem
737 950 996 1023 populum
1043 948 1380 1006 detinerent.
1437 951 1507 1003 At
1544 963 1676 1004 vero
1720 943 2047 1010 beatissimi,

439 1059 565 1103 cum
590 1044 888 1116 Martyrum
912 1042 1244 1116 triumphus,
1266 1054 1320 1100 et
1345 1057 1540 1115 pompa
1565 1039 1828 1096 virtutum
1862 1028 2050 1096 nostra

443 1147 586 1196 tccta
630 1138 957 1202 succedunt,
1000 1153 1100 1195 cur
1125 1153 1234 1194 non
1265 1136 1547 1193 solvamur
1576 1135 1631 1190 in
1654 1133 1893 1206 gaudia?
1939 1130 2051 1188 Nec

442 1222 774 1308 deest‘quud
830 1232 1127 1290 miremur:
1158 1246 1263 1304 pro
1289 1230 1462 1302 regali
1491 1227 1693 1285 amiétu
1734 1235 1936 1301 prmsto
1966 1236 2049 1280 est

442 1328 634 1386 mterni
669 1326 893 1384 luminis
923 1325 1325 1384 indumentum.
1357 1324 1459 1382 Hic
1496 1337 1770 1402 purpura,
1797 1321 1887 1377 hic
1912 1332 2049 1393 togae

438 1421 633 1482 liberae
659 1431 979 1478 sanctorum
1007 1427 1156 1488 sunt,
1185 1420 1276 1476 hic
1290 1417 1598 1475 diademata
1621 1414 1784 1471 variis
1809 1427 2050 1486 gemma-

441 1533 563 1575 rum
617 1514 875 1571 distincta
933 1511 1264 1576 luminibus,
1331 1507 1651 1581 sapientiae,
1700 1506 2047 1571 intellectus,

443 1610 714 1675 scientim,
741 1607 1014 1671 veritatis,
1048 1605 1296 1672 consilii,
1329 1600 1686 1668 fortitudinis,
1712 1599 2046 1666 tolerantur,

440 1705 841 1775 temperantiae,
857 1700 1107 1771 iustitiae,
1134 1697 1469 1772 prudentiae,
1499 1695 1800 1768 patientiae,
1822 1694 2046 1751 castita-

2153 474 2326 528 ctoria
2356 481 2440 528 est
2467 486 2588 530 cum
2618 473 2824 530 talibus
2843 472 3337 541 commilitonibus,
3369 479 3426 529 et
3445 488 3570 530 cum
3589 470 3754 534 ~Chri-

2153 575 2239 619 sto
2269 566 2604 635 imperatore
2627 582 2871 640 pugnare
2895 582 2912 633 ;
2935 576 3064 622 tunc
3096 568 3343 640 profecto
3376 565 3431 623 in
3455 580 3544 622 me
3570 566 3758 640 splen-

2151 656 2304 714 debit
2329 661 2482 729 galea
2508 658 2845 729 Sacerdotis,
2874 661 2920 718 si
2950 676 3038 716 me
3061 661 3114 717 in
3142 661 3262 718 acie
3296 659 3547 718 charitas
3573 669 3757 716 vestra

2150 752 2536 826 perspexerit;
2572 753 2884 811 incendium
2910 755 3101 829 gloriae
3131 764 3240 814 est.
3268 755 3426 812 vobis
3450 752 3760 823 spectanti-

2151 849 2276 918 bus,
2312 847 2467 906 Vobis
2493 851 2855 922 sequentibus
2893 849 3181 908 dimicare.
3213 850 3352 908 Tuta
3375 849 3566 918 statio,
3587 857 3647 908 et
3667 865 3762 906 sa-

2153 939 2282 997 lutis
2324 943 2730 999 munitissimus
2772 939 2963 1014 pertus
3019 952 3106 1001 est
3146 943 3283 1000 fides
3342 944 3764 1002 inconcussa-ct

2150 1038 2459 1094 constantia
2502 1038 2790 1111 spiritalis.
2821 1039 2972 1097 Bona
3002 1041 3114 1116 vita
3148 1041 3282 1098 nihil
3311 1039 3558 1114 prodest,
3580 1040 3630 1099 si
3662 1055 3764 1098 ne-

2150 1131 2296 1188 scias
2319 1131 2408 1187 cui
2433 1132 2607 1189 vivas.
2630 1131 2690 1190 In
2733 1135 2908 1189 altum
2938 1133 3118 1206 rapiet
3150 1137 3316 1192 turbo
3356 1145 3649 1194 ventorum
3674 1135 3760 1192 le-

2153 1242 2272 1282 vem
2301 1235 2360 1284 et
2389 1228 2732 1286 incredulatu
2760 1241 3025 1288 mentem.
3048 1229 3216 1289 Fides
3255 1241 3344 1288 est
3375 1247 3500 1304 qua:
3523 1230 3766 1288 Sanctos

2151 1323 2299 1379 vexit
2321 1322 2388 1378 ad
2409 1323 2612 1380 cmlnm
2640 1340 2656 1392 ;
2690 1323 2825 1381 ﬁdes
2855 1336 2942 1383 est
2967 1343 3088 1396 qum
3116 1328 3365 1383 ﬂammas
3389 1327 3557 1384 vertit
3583 1325 3641 1384 in
3669 1341 3768 1383 ro-

2149 1433 2293 1486 rem,
2323 1426 2381 1476 et
2410 1419 2462 1475 in
2497 1418 2735 1477 incendii
2763 1419 2960 1492 globos
3005 1421 3251 1478 salutare
3281 1421 3454 1495 frigus
3481 1419 3714 1478 immisit
3745 1437 3764 1488 ;

2148 1510 2285 1569 ﬁdes
2305 1520 2392 1569 est
2407 1527 2532 1584 qua:
2553 1513 2937 1569 fluctuantium
2957 1515 3224 1571 undarum
3251 1515 3497 1588 liquores
3509 1516 3616 1571 sub
3639 1531 3769 1571 am-

2149 1605 2433 1662 bulantum
2463 1608 2706 1680 vestigiis
2731 1610 2987 1667 solidavit
3011 1626 3025 1676 ;
3061 1611 3198 1669 ﬁdes
3224 1621 3308 1668 est
3333 1627 3458 1684 qua:
3485 1611 3770 1686 Martyres

2151 1701 2206 1759 in
2233 1703 2544 1773 exemplum
2575 1705 2770 1762 mortis
2811 1708 3035 1764 exhibet
3064 1716 3465 1774 consecratos;
3500 1702 3644 1763 ﬁdes
3671 1713 3772 1762 est

441 1800 533 1868 Iis,
560 1799 679 1856 ista:
699 1800 750 1855 in
780 1796 1055 1870 lapidibus
1086 1794 1322 1867 singulis
1351 1791 2045 1863 suntexpressre,scriptm-
2075 1783 2126 1846 Β
2152 1813 2275 1869 quae
2294 1795 2691 1855 Confessorum
2717 1801 2935 1858 animas
2958 1801 3188 1858 munivit
3213 1802 3268 1858 iu
3294 1797 3771 1872 certaminepaso

439 1911 547 1969 que
560 1893 818 1951 virtutes.
849 1890 950 1948 Hic
969 1889 1306 1962 Spiritalibus
1327 1889 1563 1960 gemmis
1589 1900 1825 1941 coronas
1854 1884 2051 1957 Marty-

441 2004 561 2046 rum
575 1987 771 2045 artifex
794 1985 1048 2045 Salvzttor
1076 1981 1325 2040 ornavit-
1344 1982 1540 2053 Adhas
1568 1994 1814 2053 gemmas
1840 1979 2049 2034 anima-

441 2100 564 2141 rum
580 2083 700 2140 vela
721 2081 1030 2148 tendamus,
1047 2078 1182 2135 nihil
1197 2077 1252 2134 in
1270 2079 1356 2134 bis
1373 2074 1567 2148 fragile
1584 2119 1600 2144 ,
1619 2075 1756 2130 nihil
1773 2074 1917 2146 quod
1935 2088 2051 2130 ma-

437 2177 529 2251 jus
557 2177 770 2232 minuat
795 2217 808 2240 ,
839 2173 975 2230 nihil
1001 2171 1148 2245 quod
1199 2170 1403 2228 sentiat
1431 2169 1854 2225 detrimentum.
1883 2156 2050 2240 Magis

438 2289 505 2331 ac
531 2271 708 2345 magis
748 2271 803 2326 in
835 2268 1018 2342 specie
1048 2267 1350 2324 florescunt
1376 2281 1392 2334 ;
1421 2263 1750 2322 teternitatis
1809 2259 2047 2335 insignia

441 2363 590 2422 edita
615 2377 759 2430 esse,
787 2360 955 2417 etiam
983 2359 1209 2431 sanguis
1232 2355 1499 2424 ostendit,
1546 2356 1636 2428 qui
1664 2355 1844 2425 ignem
1870 2352 2045 2426 Spiri-

444 2467 530 2516 tus
547 2459 725 2515 sancti
750 2457 930 2513 adhuc
957 2455 1136 2526 signat
1171 2454 1225 2510 in
1249 2453 1385 2525 ipsis
1415 2451 1738 2524 corporibus
1769 2447 2047 2521 reliquiis-

439 2567 549 2624 que
579 2551 978 2611 membrorum.
1002 2547 1382 2613 Gratulamur,
1403 2545 1700 2614 carissimi,
1723 2544 1944 2616 quoties
1965 2543 2048 2598 vi-

441 2649 635 2706 demus
663 2646 919 2705 tenebras
950 2646 1073 2701 luce
1116 2645 1416 2699 discussas.
1447 2638 1559 2697 Cur
1588 2656 1694 2696 non
1739 2638 1964 2695 effusius
1988 2639 2044 2695 in

442 2741 645 2816 gaudia
676 2753 1030 2812 proruamus,
1056 2752 1181 2794 cum
1200 2748 1492 2793 cernamus
1517 2733 1862 2796 salutarium,
1885 2743 2048 2799 aeter-

452 2849 756 2902 norumque
785 2831 1050 2889 luminum
1069 2829 1233 2901 jubar
1249 2829 1474 2885 allatum
1489 2827 1514 2882 ?
1529 2826 1659 2884 Dies
1678 2825 1807 2883 mihi
1829 2826 2047 2882 videtur

446 2929 702 2986 clarioris
725 2924 1037 2984 serenitatis
1081 2923 1388 2994 sumpsisse
1414 2920 1684 2977 laetitiam.
1715 2917 1828 2977 Nec
1858 2920 2050 2977 imme-

442 3027 572 3094 rito,
604 3024 855 3097 seplttplo
880 3022 1050 3085 enim,
1083 3031 1143 3076 ut
1162 3020 1302 3086 dixi,
1332 3018 1603 3092 Martyres
1632 3017 1752 3073 sole
1781 3024 1910 3072 sunt
1931 3015 2046 3073 cla-

437 3121 636 3177 riores.
683 3115 793 3173 Sed
823 3129 972 3173 nunc
999 3112 1177 3180 nobis,
1220 3103 1610 3178 amantissimi,
1634 3108 1903 3165 orandum
1935 3116 2046 3176 est,

440 3230 548 3270 non
580 3201 944 3280 perorandum
959 3207 1090 3284 [Hic
1104 3206 1244 3263 deest
1267 3207 1322 3262 in
1342 3223 1437 3260 ms.
1457 3201 1772 3278 orandum],
1800 3203 2042 3276 inquam,
2074 3185 2121 3250 (ἶ

441 3318 551 3364 uta
575 3307 733 3363 nobis
759 3309 938 3362 omnis
957 3302 1162 3359 diaboli
1182 3299 1420 3371 impetus
1444 3298 1759 3372 repellatur,
1777 3297 1872 3371 qui
1898 3298 2047 3355 clan-

438 3404 659 3462 destino
699 3404 853 3475 lapsu
892 3412 1142 3458 nostrum
1196 3409 1386 3472 pectus
1418 3398 1742 3472 ingreditur.
1805 3396 2045 3453 Firmate

439 3500 630 3570 igitur,
661 3496 869 3564 Sancti,
900 3503 1114 3553 vestros
1139 3494 1355 3550 ﬁrmate
1375 3493 1639 3558 cultores,
1669 3506 1735 3547 ac
1755 3500 1907 3563 petra
1949 3505 2047 3544 au-

437 3593 609 3667 gulari
636 3601 883 3649 nostrum
906 3602 1097 3662 pectus
1122 3589 1396 3644 instruite.
1423 3585 1772 3643 Periculosus
1792 3600 1857 3640 ac
1887 3583 2047 3640 fortis

434 3698 520 3748 est
539 3684 736 3754 hostis,
765 3701 968 3743 omnes
992 3683 1197 3751 aditus,
1231 3698 1422 3738 omnes
1451 3683 1705 3754 explorat
1737 3680 2044 3752 ingressus.

343 3807 368 3824 ι
441 3784 552 3843 Sed
583 3781 720 3840 nihil
749 3789 837 3840 est
876 3779 1178 3837 verendum
1208 3820 1226 3845 ,
1278 3773 1502 3850 grandis
1528 3787 1612 3832 est
1637 3775 2044 3832 occurrentium

442 3879 736 3940 multitudo
781 3863 1139 3935 Sanctorum.
1185 3871 1322 3930 Cum
1369 3873 1530 3946 igitur
1557 3870 1716 3928 nobis
1741 3887 1774 3928 e
1800 3871 2044 3928 cmlitum

439 3975 636 4033 castris
661 3982 846 4030 tantus
871 3969 1111 4028 militum
1143 3976 1200 4024 et
1227 3981 1414 4040 regum
1444 3981 1708 4022 numerus
1738 3963 2044 4032 advenerit,

440 4067 772 4142 arripiamus
797 4081 948 4122 arma
993 4063 1247 4135 iustitia.
1301 4061 1626 4134 prudentiae,
1680 4074 1784 4116 nos
1813 4068 1870 4116 et
1917 4058 2045 4146 ﬁdei

441 4166 636 4241 clypeo
659 4171 1036 4237 protegamus,
1064 4175 1173 4216 non
1195 4158 1378 4216 lorica:
1400 4155 1667 4229 squamis,
1711 4154 1812 4212 sed
1838 4166 2043 4226 tempe-

444 4260 661 4326 rantitn,
680 4266 738 4316 et
757 4254 1035 4328 pudicitiae
1064 4254 1282 4310 laminis
1303 4261 1523 4325 pectora
1542 4248 1870 4308 muniamus.
1899 4248 2045 4305 Dex-

442 4352 543 4412 tris
568 4351 775 4409 nostris
799 4347 925 4406 ﬁdei
964 4361 1185 4419 semper
1207 4364 1272 4404 ac
1300 4346 1578 4418 patientia:
1608 4345 1715 4401 tela
1741 4344 2040 4400 vibrcmus.

441 4449 566 4510 Mox
591 4447 875 4516 feriamus,
907 4442 956 4504 si
983 4441 1252 4519 quispiam
1287 4443 1588 4517 pulsaverit
1635 4442 1908 4498 inimicus.
1935 4441 2043 4497 'l‘a-

439 4545 510 4604 lia
540 4545 782 4612 dudum,
839 4543 965 4600 talia
998 4540 1253 4616 Apostoli
1281 4555 1434 4598 arma
1479 4547 1787 4612 portarunt.
1833 4535 1928 4594 His
1958 4537 2044 4592 in-

438 4641 659 4712 structi,
680 4639 1143 4712 intemperantiae,
1166 4637 1425 4702 lasciviae,
1439 4633 1778 4708 cupiditatis,
1793 4632 2046 4690 ambitio-

439 4736 549 4809 nis,
584 4737 680 4793 ira:
706 4750 927 4809 quoque
965 4743 1023 4791 et
1046 4733 1320 4806 superbia:
1350 4730 1493 4789 colla
1523 4729 1820 4800 fregerunt.

510 4839 659 4898 Nihil
712 4839 898 4911 itaque
925 4836 1089 4896 nobis
1135 4834 1507 4893 misericordia
1552 4832 1872 4899 Salvatnris,
1934 4845 2044 4887 non

439 4960 617 5012 arma,
664 4958 774 5000 non
831 4940 1086 5014 praesidia
1127 4937 1439 5011 denegavit.
1488 4935 1647 4996 Unde
1682 4936 1848 4993 etiam
1883 4945 2046 5008 atque

435 5048 605 5108 etiam
635 5043 1036 5118 providendum
1055 5051 1142 5101 est
1163 5055 1234 5098 ne
1259 5056 1361 5098 nos
1388 5040 1538 5097 velut
1559 5039 1860 5096 oscitantes
1885 5038 2046 5093 vitio-

2150 1895 2320 1960 sionis
2350 1894 2522 1963 ;ﬁdes
2549 1906 2637 1952 est
2656 1912 2782 1968 qua
2817 1882 3154 1969 jejunasA’t'
3155 1880 3346 1964 seras,
3377 1904 3438 1955 et
3457 1894 3646 1953 aridas
3669 1911 3771 1954 es-

2149 2002 2245 2044 cas
2276 1988 2328 2043 in
2364 1987 2672 2047 humilitate
2719 1989 2962 2062 depascit
2993 2007 3010 2059 ;
3042 1992 3178 2049 ﬁdes
3208 2001 3293 2047 cst
3317 2007 3440 2062 qua:
3469 1989 3771 2063 virginita-

2151 2093 2284 2152 tem,
2317 2083 2668 2153 vidnitatem,
2724 2086 3118 2144 continentiam
3159 2086 3404 2144 modesta
3438 2085 3767 2158 integritate

2149 2179 2416 2247 custodit;
2439 2180 2579 2237 ﬁdes
2601 2191 2689 2238 est
2715 2197 2838 2253 quae
2857 2183 3081 2239 sustulit
3101 2181 3606 2256 concupiscentiam
3630 2197 3766 2239 cor-

2151 2272 2393 2342 poralem
2419 2284 2474 2328 et
2502 2288 2749 2330 amorem
2780 2273 2996 2347 imperii
3023 2275 3262 2333 cmlestls
3307 2276 3536 2349 ingessit
3563 2291 3582 2344 ;
3614 2275 3767 2333 ﬁdes

2147 2375 2378 2438 estque:
2402 2366 2638 2425 Domino
2668 2384 2769 2440 per
2807 2380 3040 2426 mortem
3074 2369 3256 2427 crucis
3287 2370 3768 2428 immortalitatem

2150 2461 2455 2533 conjungit.
2487 2462 2614 2520 llaec
2641 2477 2739 2534 per
2767 2463 2891 2519 odia
2921 2464 3112 2521 saeculi
3132 2462 3360 2545 exhibet
3391 2461 3634 2523 Domino
3661 2480 3769 2523 co-

2149 2553 2386 2610 odibiles
2412 2571 2429 2622 ;
2460 2554 2577 2612 haec
2606 2555 2660 2611 i.:
2699 2551 3016 2615 carceribus
3063 2557 3318 2634 confovet
3359 2558 3765 2628 Confessores,

2150 2648 2434 2705 teterrima
2457 2635 2807 2706 tenebrarum
2839 2650 3071 2709 horrore
3089 2651 3401 2722 conclusos,
3433 2653 3685 2727 dumque
3703 2654 3766 2710 in

2147 2744 2404 2813 squalore
2443 2743 2817 2817 sordibusqne
2865 2743 3164 2818 iactantur,
3198 2747 3447 2820 ipsisque
3478 2760 3768 2806 terrarum

2149 2839 2423 2896 cubilibus
2442 2850 2933 2912 transpunguntur,
2962 2856 3070 2898 non
3087 2859 3282 2899 somno
3305 2843 3488 2910 liberi,
3509 2842 3766 2916 quietem

2155 2935 2234 2990 vel
2259 2933 2457 2990 modici
2485 2934 2748 3006 temporis
2787 2935 3032 3006 capiunt.
3065 2935 3202 2990 Dum
3237 2935 3310 2991 ita
3362 2952 3467 3009 per
3505 2937 3771 3010 singulos

2151 3026 2271 3082 dies
2300 3027 2452 3082 omni
2475 3037 2872 3116 tormcntorum
2900 3043 3106 3100 genere
3145 3029 3470 3098 laniuntur;
3500 3029 3636 3088 dum
3664 3031 3772 3090 de-

2155 3123 2320 3194 nique
2348 3123 2633 3194 suppliciis
2658 3104 3000 3181 multimodis
3024 3137 3309 3197 urgentur,
3339 3125 3516 3184 virtus
3539 3128 3772 3198 proﬁcit

2152 3213 2219 3269 ad
2241 3230 2525 3272 coronam.
2557 3213 2723 3272 Fides
2745 3226 2831 3273 est
2865 3233 2990 3290 quae
3020 3218 3073 3274 in
3106 3217 3194 3276 his
3225 3230 3300 3276 tot
3332 3219 3777 3280 conﬂictationi—

2152 3308 2252 3362 bus
2278 3323 2461 3365 caram
2487 3309 2752 3366 unitatem
2783 3309 3005 3367 exhibet
3033 3312 3164 3379 Deo,
3192 3312 3372 3368 reddit
3397 3312 3576 3371 vicem
3601 3314 3777 3373 Chri-

2149 3409 2258 3465 sto,
2304 3401 2592 3458 moriendo
2641 3419 2741 3475 pro
2771 3403 2909 3476 ipso.
2952 3404 3098 3461 Sicut
3131 3415 3294 3477 caput
3315 3407 3571 3478 corporis
3609 3424 3779 3467 mor-

2152 3503 2425 3551 tuumcst
2454 3496 2866 3567 promembris,
2896 3495 2970 3554 ita
2997 3497 3304 3570 procapite
3334 3499 3580 3556 membra
3634 3517 3776 3560 mo-

2150 3590 2386 3658 riuutur,
2407 3597 2468 3646 ut
2487 3587 2630 3647 sicut
2655 3591 2819 3664 caput
2845 3591 2999 3659 vivit,
3033 3596 3103 3649 ita
3131 3611 3255 3650 cum
3281 3595 3458 3667 capite
3474 3594 3781 3656 viviﬁcen-

2151 3692 2238 3738 tur
2269 3683 2538 3740 metuhra.
2569 3683 2696 3741 llaec
2716 3686 3008 3742 conﬁrmat
3033 3685 3385 3743 beatissimus
3414 3686 3625 3745 Paulus
3657 3707 3672 3743 :
3703 3689 3780 3748 Si

2148 3777 2518 3834 commorimur
2546 3777 2775 3843 Clu-isto,
2807 3789 2856 3835 et
2905 3781 3255 3849 contrivimus;
3283 3783 3329 3837 si
3372 3780 3688 3852 toleramus,
3722 3797 3781 3842 et

2149 3886 2546 3945 conregnamus.
2579 3871 2867 3943 Superest,
2899 3873 3289 3943 amantissimi,
3319 3885 3378 3931 ut
3405 3885 3784 3950 eLpeccalo-

2149 3982 2267 4021 rum
2294 3977 2609 4023 nostrorum
2637 3968 2913 4024 confessio
2939 3969 3327 4043 subsequatur.
3351 3969 3470 4028 Non
3491 3972 3647 4044 quod
3679 3973 3785 4032 di-

2149 4059 2291 4116 vina:
2317 4070 2622 4134 potestates
2649 4075 2905 4119 secessus
2949 4063 3286 4131 animorum,
3317 4073 3371 4123 et
3399 4076 3615 4126 secreta
3649 4076 3785 4128 non

2149 4153 2362 4222 norint;
2383 4153 2479 4210 sed
2503 4153 2666 4211 facile
2695 4153 2846 4212 elicit
2869 4155 3306 4214 misericordiam
3325 4157 3628 4230 judicantis
3650 4179 3785 4223 non

2146 4257 2360 4305 extorta
2401 4249 2697 4306 confessio.
2750 4250 2941 4308 Nullus
2985 4253 3105 4318 sit,
3162 4252 3474 4311 charissimi
3526 4255 3784 4329 fntres,

2147 4341 2288 4407 dies,
2321 4358 2432 4413 quo
2461 4360 2570 4400 non
2601 4342 2688 4400 his
2709 4344 2909 4400 fabulis
2957 4361 3265 4417 moremur,
3293 4348 3388 4405 ille
3415 4348 3632 4424 Μαι-εῖτ
3660 4353 3788 4412 sub

2151 4446 2359 4494 tortore
2388 4453 2497 4492 non
2518 4437 2815 4510 impalluit,
2831 4438 2928 4498 ille
2958 4441 3300 4512 percussoris
3317 4457 3504 4502 moras
3525 4430 3791 4509 festina-

2150 4528 2299 4587 tionc
2332 4533 2635 4602 prmeessit,
2670 4533 2764 4590 ille
2791 4534 3043 4592 ﬂammas
3065 4537 3261 4595 avidus
3302 4537 3484 4608 bibit;
3515 4540 3616 4600 illc
3632 4555 3789 4604 aec—

2071 4603 2126 4664 Ῑ)
2153 4630 2241 4679 tus
2265 4633 2372 4691 cst,
2398 4626 2498 4682 sed
2529 4625 2747 4700 integer
2773 4628 2949 4699 stetit,
2979 4629 3075 4686 ille
3125 4629 3347 4689 felicem
3368 4647 3433 4691 se
3466 4603 3658 4708 dixit.
3675 4638 3794 4700 cui

2150 4718 2380 4792 contigit
2417 4720 2696 4790 cruciari;
2741 4723 2838 4781 ille
2866 4725 3008 4783 inter
3057 4741 3259 4784 manus
3310 4729 3797 4803 carniﬁcum.ne

2149 4841 2255 4896 qua
2285 4840 2444 4883 mora
2473 4827 2633 4884 ﬁeret
2661 4829 2980 4901 properanti
3011 4830 3173 4902 jussit
3199 4832 3386 4889 redire
3411 4831 3794 4900 mea

2150 4927 2247 4984 Illa
2278 4929 2452 5000 patris
2491 4931 2765 5006 lacrymas
2812 4932 3013 5001 doluit,
3063 4946 3125 4991 ut
3169 4932 3302 5003 lilia.
3329 4940 3692 5013 contempsit
3723 4954 3803 5005 ut

2147 5028 2355 5105 lartyr
2385 5047 2403 5098 ;
2434 5032 2527 5090 illa
2579 5033 2888 5092 irritationo
2943 5034 3082 5093 iram
3123 5037 3300 5095 leonis
3340 5037 3545 5099 mortis
3597 5045 3804 5108 avida

437 5167 559 5208 rum
591 5158 781 5221 torpor
803 5146 1047 5212 invadat,
1077 5160 1145 5202 ne
1164 5153 1259 5200 aut
1288 5141 1639 5199 incredulitas
1671 5139 1794 5198 ﬁdei
1822 5139 2043 5198 inimica
2144 5140 2479 5208 concitavit;
2509 5142 2602 5200 illa
2619 5143 2910 5215 jejunante
2933 5145 3048 5202 ﬁlio
3079 5144 3217 5204 feris
3239 5147 3408 5206 ubera
3437 5149 3608 5225 plena
3638 5169 3804 5229 μοι».

435 5250 730 5325 subripiat,
775 5258 874 5307 aut
918 5250 996 5306 ira
1027 5247 1267 5317 differat,
1309 5254 1402 5302 aut
1427 5246 1695 5318 cupiditas
1740 5254 1917 5313 vexet,
1949 5253 2043 5299 aut

432 5357 606 5412 luctet
652 5352 904 5410 ambitio.
956 5351 1220 5408 Libenter
1277 5349 1556 5406 nobiscum
1614 5348 1785 5406 nostri
1840 5348 2043 5420 Marty-

429 5467 520 5514 res
567 5455 964 5521 versabantur,
1017 5454 1064 5510 si
1110 5455 1180 5509 ad
1234 5468 1428 5510 eorum
1483 5450 1807 5508 famulatum
1849 5468 2039 5524 puram

431 5559 824 5620 conscientiam
871 5557 1202 5615 deferamus.
1259 5556 1318 5614 Si
1366 5557 1454 5612 cui
1504 5555 1644 5612 forte
1687 5555 1826 5612 dura
1871 5567 1926 5613 et
1962 5557 2040 5613 in~

431 5665 980 5727 eluctabilisvidetur
1043 5664 1143 5717 ista
1187 5661 1415 5727 militia,
1480 5677 1587 5716 non
1642 5660 1864 5729 abjiciztt
1914 5659 2042 5716 has-

2147 5240 2289 5299 rexit
2319 5243 2448 5299 :illa
2482 5245 2892 5318 virgo‘monilia
2923 5248 3258 5307 aeternitatis
3277 5241 3808 5332 ornamenti].-

2145 5348 2357 5405 cussori
2386 5350 2526 5406 colla
2545 5349 2801 5423 subjecit.
2821 5349 2990 5407 Millia
3011 5363 3161 5420 sunt,
3193 5355 3510 5414 charissimi
3534 5355 3804 5440 tam,

2149 5453 2398 5523 exempla
2425 5451 2713 5522 virtutum,
2737 5470 2858 5525 qua:
2888 5455 3302 5527 pagina‘sancta
3328 5461 3806 5534 commemorat.

2149 5555 2256 5613 Sed
2289 5573 2390 5612 nos
2435 5556 2692 5613 hortandi
2726 5558 2924 5630 magis,
2964 5575 3129 5631 quam
3157 5559 3395 5619 docendi
3420 5558 3812 5638 gratii.car.

2146 5661 2354 5733 psimus
2386 5676 2554 5733 pauca
2578 5661 2649 5717 de
2678 5661 2886 5718 multis.
2921 5660 3204 5720 Fidelibus
3225 5665 3371 5722 cnim
3401 5667 3580 5740 pauca
3609 5673 3808 5740 sum.

2142 5766 2314 5828 ciunt,
2351 5765 2667 5820 inﬁdelibus
2695 5765 2864 5820 multa
2900 5781 3010 5822 non
3041 5779 3290 5838 prosunt.
3320 5769 3444 5829 Non
3466 5783 3612 5834 sunt
3641 5793 3808 5846 ει..

431 5892 597 5953 gnam
651 5873 816 5944 frigus
855 5887 872 5907 π
910 5869 1051 5927 ortis
1100 5867 1342 5925 invadat.
1403 5867 1574 5924 Nemo
1617 5870 1773 5940 signa
1817 5868 2036 5925 duc-gat
2138 5881 2351 5927 elerum
2369 5869 2642 5928 desideria
2680 5867 3002 5926 diﬁ'ercnda.
3029 5869 3135 5928 Cur
3168 5875 3498 5936 moramur?
3527 5877 3806 5966 υἱνίιίι,

436 5788 570 5844 tam,
617 5780 909 5842 antequam
958 5766 1247 5822 classicum
1273 5779 1480 5837 crepet,
1515 5781 1613 5822 nec
1640 5782 1764 5821 cuin
1794 5775 1918 5820 ante
1942 5783 2039 5835 pu-
