3894 6238
174 226 271 287 385

1416 229 1780 293 Ειδιετοιιῐς
1819 228 1913 291 ΕΤ
1952 226 2308 290 DECRETA.

3300 228 3510 300 Ἥ

174 339 441 414 quomodo
487 356 611 401 non
645 352 808 418 putas
855 342 937 402 illi
968 342 1177 403 debere
1220 344 1368 418 quod
1422 347 1799 418 quotidianam
1827 348 1878 412 Α
1906 343 2010 401 sibi
2052 344 2226 401 Deum
2268 344 2510 415 postulat
2556 345 2911 418 adiutorem;
2959 347 3107 420 quod
3153 351 3270 409 nati
3320 367 3513 411 sumus

174 437 283 509 ejus
308 442 727 512 consequendo
766 442 1003 515 gratiam
1028 441 1215 498 taliter
1254 441 1436 498 vivis?
1464 452 1524 500 et
1561 442 1654 515 qui
1693 458 1797 501 nos

174 533 440 604 adiutorio
494 550 679 609 negas
710 535 963 609 indigere
992 536 1183 602 divino
1204 579 1219 605 ,
1246 536 1405 608 quasi
1445 552 1513 594 ex
1545 546 1735 595 nostra
1768 546 1795 577 ι

175 627 335 684 sinum
364 628 421 686 in
456 637 649 688 totum
676 630 1044 704 possibilitate
1073 630 1335 702 perfecti,
1373 629 1658 705 quomodo
1684 645 1795 687 non

175 722 501 792 adiutorium
530 723 562 765 ιι
602 725 729 799 ejus
773 725 828 781 in
876 740 1011 794 nos,
1039 739 1168 783 cum
1200 728 1341 783 tales
1371 740 1402 782 a
1431 726 1594 783 nobis
1630 725 1795 783 etiam

175 831 289 875 esse
314 822 675 891 possumus,
707 818 1141 891 provocamus?‘
1240 880 1243 881 ν

238 909 293 969 ι.
330 910 438 984 Qui
469 911 635 971 enim
659 913 1003 987 adjutorium
1036 910 1135 972 Dei
1161 921 1369 985 negat,
1394 912 1598 972 vellem
1629 912 1799 971 inter-

178 1018 359 1079 rogare
384 1006 526 1079 quid
559 1007 722 1065 dicat
770 1024 789 1064 :
832 1023 936 1065 nos
974 1022 1084 1064 nou
1115 1007 1323 1065 mereri
1352 1047 1371 1077 ,
1402 1022 1472 1064 an
1505 1006 1663 1065 illum
1692 1005 1800 1064 hoc

177 1111 275 1156 non
318 1111 491 1174 posse
549 1110 959 1173 praestare,an
999 1098 1136 1156 nihil
1202 1115 1331 1157 esse
1366 1112 1597 1172 propter
1649 1098 1797 1172 quod

176 1190 556 1264 unusquisque
605 1193 718 1250 hoc
764 1193 971 1251 debeat
1012 1201 1037 1233 α
1092 1192 1420 1263 postularet
1469 1191 1643 1250 Posse
1689 1191 1802 1251 hoc

178 1281 336 1342 Deum
354 1328 373 1355 ,
405 1300 593 1358 opera
628 1287 747 1360 ipsa
770 1294 1063 1343 testantur.
1085 1285 1155 1343 Et
1176 1284 1455 1359 adiutorio
1472 1286 1798 1360 quotidiana

176 1392 267 1435 nos
286 1394 490 1451 egere,
524 1395 741 1453 negare
762 1395 872 1439 non
899 1394 1213 1453 possumus.
1230 1380 1301 1436 Η(
1330 1380 1511 1439 .erim
1535 1395 1637 1438 seu
1659 1380 1799 1439 bene

175 1472 400 1530 vivimus
429 1468 462 1512 ιι
492 1488 876 1547 provocamus
902 1514 917 1542 ,
946 1481 1007 1530 ut
1034 1472 1237 1531 melius
1262 1476 1621 1547 sanctiusque
1647 1473 1800 1530 viva-

178 1582 320 1637 ltus;
352 1585 456 1627 seu
489 1586 670 1643 prave
696 1571 1005 1629 sentientes
1030 1588 1061 1626 a
1094 1570 1256 1629 bonis
1281 1569 1587 1628 avertimur
1605 1611 1624 1641 ,
1648 1578 1711 1625 ut
1730 1567 1799 1625 ad

178 1675 375 1724 rectam
418 1665 732 1725 redeamus
750 1667 896 1722 viam
931 1705 949 1732 ,
991 1664 1115 1738 ejus
1143 1664 1353 1722 auxilio
1388 1665 1517 1736 plus
1547 1677 1797 1736 egemus.

1903 453 2064 510 posse
2087 438 2347 496 sufﬁcere
2377 455 2476 498 nos
2508 439 2747 497 dicimus
2773 482 2788 510 ,
2822 441 2916 499 ille
2967 442 3137 501 Deum
3173 462 3244 503 ne
3269 445 3515 504 derelin-

1900 546 2103 609 quatur
2151 548 2362 594 exorat.
2398 535 2419 578 τ
2471 536 2588 594 Non
2683 554 2850 610 rogo,
2895 538 3196 601 manifeste
3246 544 3513 602 discimus

1900 632 2029 704 quid
2071 646 2295 690 oremus
2318 674 2337 700 ,
2365 649 2491 691 cum
2536 632 2628 691 ille
2675 644 2962 707 tantopere
2991 636 3189 695 beatus
3216 680 3229 705 ,
3260 651 3319 695 ut
3341 655 3509 711 supra

1900 726 2139 785 diximus
2160 774 2174 797 ,
2209 727 2298 785 vir
2329 744 2400 785 ne
2444 728 2781 800 despiciatur
2806 732 3074 802 exoptat?
3106 732 3188 789 illi
3236 734 3383 793 enim
3410 750 3509 797 ne-

1900 836 2059 881 cesse
2104 830 2194 880 est
2239 822 2343 879 ista
2388 834 2661 894 arguant,
2694 824 2788 896 qui
2831 824 2924 881 illa
2955 825 3303 883 confirmant.
3335 827 3510 887 David

1899 916 2048 971 enim
2078 914 2347 973 orationis
2373 916 2628 988 ignarus,
2668 926 2727 973 et
2755 932 2869 974 suae
2913 927 3124 975 natura:
3166 920 3392 978 nescius
3424 935 3519 978 ac-

1900 1019 2160 1078 cusetur,
2192 1010 2285 1081 qui
2314 1025 2437 1067 cum
2462 1010 2605 1067 sciat
2635 1019 2848 1068 tantum
2894 1013 2949 1068 itt
2980 1021 3006 1061 α
3058 1027 3156 1069 sua
3184 1012 3371 1071 inesse
3396 1080 3397 1083 η
3419 1032 3517 1072 na-

1900 1104 2401 1177 tura;adjutorem
2446 1105 2551 1161 sibi
2603 1104 2776 1163 Deum
2804 1149 2819 1174 ,
2864 1116 2917 1164 et
2969 1107 3253 1165 assiduum
3302 1108 3520 1180 adjuto-

1900 1215 2063 1269 rem,
2097 1215 2204 1257 nec
2234 1199 2311 1255 illi
2334 1198 2537 1256 sufﬁcit
2562 1200 2843 1258 assiduum
2872 1242 2889 1269 ,
2942 1202 3039 1257 sed
3093 1217 3163 1259 ne
3216 1202 3518 1276 aliquando

1902 1293 2057 1351 illum
2084 1294 2387 1365 despiciat,
2408 1294 2757 1351 orationibus
2786 1309 2993 1367 pronus
3016 1304 3281 1367 exoptat;
3314 1305 3371 1354 et
3419 1313 3523 1371 per

1901 1402 2103 1458 corpus
2115 1403 2282 1445 omne
2296 1387 2543 1461 psalterii
2558 1388 2662 1446 hoc
2672 1398 2729 1445 et
2745 1388 3006 1459 praedicat
3019 1401 3074 1443 et
3088 1390 3369 1450 clamat.Si
3387 1406 3521 1465 ergo

1902 1480 2010 1538 ltoc
2028 1481 2124 1539 ille
2137 1484 2209 1539 ita
2223 1479 2253 1519 ιι
2267 1497 2499 1554 magnus
2512 1484 2615 1540 scit
2630 1492 2690 1540 ut
2707 1482 2927 1540 assidue
2943 1482 3151 1552 dicere,
3167 1485 3241 1541 ita
3260 1498 3523 1543 necessa-

1901 1577 2045 1634 rium
2096 1578 2387 1635 confessus
2433 1588 2555 1648 est,
2604 1586 2667 1635 ut
2722 1577 2995 1635 doceret:
3049 1579 3521 1651 quemadmodum

1904 1669 2160 1742 Pelagius
2209 1670 2614 1741 leestiusque
2660 1672 2901 1741 seposita
2951 1672 3101 1728 omni
3147 1672 3523 1745 responsione

180 1754 305 1816 Nam
329 1757 463 1831 quid
494 1768 615 1817 tant
660 1758 1009 1818 moniferum
1034 1800 1051 1827 ,
1100 1766 1212 1816 tam
1260 1772 1515 1831 praeceps
1541 1755 1800 1815 videatur
1827 1763 1879 1828 Β
1906 1764 2243 1835 psalmorum
2267 1803 2288 1832 ,
2331 1764 2536 1835 talique
2559 1760 3092 1821 abdicatadociriua
3111 1807 3130 1834 ,
3162 1781 3429 1824 suasuros
3455 1781 3521 1824 se

177 1851 242 1912 ad
263 1869 450 1916 casum
485 1897 506 1924 ,
539 1864 656 1911 tam
702 1855 1016 1926 expositum
1061 1854 1129 1911 ad
1176 1855 1367 1911 omnia
1414 1851 1697 1926 pericula,
1751 1849 1803 1907 si

178 1946 275 2006 hoc
300 1950 487 2007 solum
519 1950 686 2008 nobis
717 1958 981 2023 putantes
1025 1963 1190 2022 posse
1220 1946 1483 2005 sufficere
1510 1986 1527 2012 ,
1560 1943 1709 2017 quod
1733 1943 1803 2003 lio

178 2044 359 2105 lterum
379 2046 688 2104 arbitrium
725 2061 849 2103 cum
881 2059 1240 2102 nasceremur
1269 2041 1624 2114 accepimus,
1650 2040 1801 2097 ultra

180 2136 281 2211 jam
325 2154 357 2196 a
409 2138 664 2197 Domino
706 2138 847 2197 nihil
873 2152 1231 2211 queremus,
1279 2134 1334 2193 id
1376 2145 1508 2204 est,
1558 2131 1803 2191 auctoris

180 2232 342 2290 uestri
362 2231 569 2302 obliti,
602 2230 729 2304 eius
755 2229 1061 2304 potentiam
1083 2273 1101 2299 ,
1129 2238 1196 2287 ut
1217 2242 1319 2287 nos
1346 2228 1710 2287 ostendamus
1738 2225 1807 2285 liv

182 2322 367 2394 heros,
394 2324 772 2396 abjuremus;
800 2326 963 2397 quasi
1008 2324 1121 2395 iam
1166 2323 1412 2394 amplius
1443 2320 1595 2395 quod
1626 2319 1809 2393 possit

184 2418 308 2479 dare
328 2436 440 2479 non
466 2419 680 2478 habeat
701 2462 721 2489 ,
751 2419 846 2490 qui
899 2429 955 2478 te
980 2420 1037 2477 in
1069 2429 1163 2478 tuo
1191 2428 1318 2476 ortu
1346 2418 1591 2479 liberum
1623 2417 1803 2475 fecit:

185 2516 525 2583 nescientes,
558 2512 714 2588 quod
746 2514 854 2572 nisi
883 2511 1103 2587 magnis
1136 2510 1396 2585 precibus
1418 2511 1595 2586 gratia
1624 2509 1682 2567 in
1707 2524 1810 2568 nos

187 2606 469 2683 implorata
496 2607 844 2677 descendat,
875 2616 903 2647 ο
933 2621 1284 2680 nequaquam
1320 2614 1560 2664 terrente
1585 2604 1731 2662 labis
1750 2613 1810 2662 et

189 2700 442 2759 mutidani
488 2702 754 2773 corporis
781 2701 1010 2758 vincere
1054 2702 1327 2757 conemur
1353 2714 1577 2756 errores
1609 2738 1629 2767 ,
1678 2711 1809 2754 cum

187 2807 336 2868 pares
366 2813 474 2854 nos
495 2796 577 2853 ad
608 2794 987 2853 resistendum
1032 2808 1142 2851 non
1182 2792 1421 2852 liberum
1460 2790 1765 2850 arbitrium
1790 2834 1809 2865 ,

189 2888 279 2947 sed
308 2890 403 2947 Dei
436 2889 632 2948 solum
659 2889 841 2946 facere
884 2887 1061 2960 possit
1084 2886 1360 2945 auxilium
1382 2886 1410 2944 ἲ

253 2985 305 3041 5.
344 2983 484 3042 Nam
520 2986 570 3043 si
602 2984 699 3041 ille
720 2983 928 3039 clamat
951 2980 1234 3054 adjutorio
1255 2980 1361 3039 sibi
1390 2996 1536 3051 opus
1567 2994 1694 3039 esse
1710 2978 1814 3037 di—

192 3082 344 3152 vino,
372 3086 473 3154 qui
529 3080 697 3156 digne
740 3080 849 3160 hoc
876 3096 988 3138 non
1014 3072 1290 3154 quareret
1314 3118 1334 3149 ,
1362 3076 1411 3136 si
1440 3077 1529 3136 cui
1570 3078 1809 3135 liberum

1906 1858 2181 1930 aliquibus
2213 1871 2340 1915 esse
2379 1855 2704 1923 confidunt,
2744 1871 2847 1913 nos
2888 1857 3221 1928 adiutorium
3274 1858 3372 1917 Dei
3410 1872 3521 1916 nec

1903 1948 2117 2008 debere
2142 1965 2429 2023 quaerere,
2474 1965 2577 2007 nec
2604 1965 2804 2021 egere;
2833 1965 2961 2007 cum
2999 1965 3195 2009 omnes
3236 1952 3415 2009 sancti
3441 1952 3527 2009 ni-

1907 2041 1985 2099 hil
2014 2058 2074 2099 se
2100 2043 2222 2101 sine
2251 2044 2357 2101 hoc
2384 2059 2551 2115 agere
2581 2058 2745 2115 posse
2769 2043 3088 2101 testentur!

1978 2138 2036 2195 6.
2062 2137 2326 2197 Liberum
2363 2138 2553 2196 lenim
2586 2138 2877 2195 arbitrium
2907 2139 3039 2195 olim
3069 2139 3167 2198 ille
3196 2154 3519 2212 perpessus,

1905 2232 2037 2288 dum
2059 2232 2178 2291 suis
2206 2231 2572 2289 inconsultius
2590 2232 2766 2289 utitur
2787 2231 2968 2303 bonis,
2998 2233 3203 2290 cadens
3218 2233 3275 2291 in
3301 2249 3524 2305 praeva-

1907 2325 2195 2391 ricationis
2228 2326 2502 2396 profunda
2530 2326 2822 2383 demersus
2848 2336 2967 2392 est,
3016 2336 3073 2382 et
3095 2327 3234 2382 nihil
3262 2328 3525 2399 quemad-

1901 2421 2131 2479 modum
2177 2420 2380 2478 exinde
2425 2436 2656 2495 surgere
2696 2431 2884 2492 posset
2930 2421 3184 2489 invenit;
3228 2437 3441 2493 suaque
3473 2424 3527 2479 in

1909 2525 2179 2573 aeternum
2209 2515 2465 2572 libertate
2486 2514 2753 2588 deceptus
2775 2556 2791 2581 ,
2816 2512 2979 2585 hujus
3006 2513 3180 2570 ruina:
3213 2514 3229 2566 i
3260 2514 3530 2586 jacuisset

1902 2624 2217 2681 cupressu,
2271 2608 2378 2666 nisi
2426 2623 2551 2665 eum
2606 2618 2730 2679 post
2768 2605 3026 2664 Christill
3059 2622 3159 2680 pro
3210 2624 3309 2665 sua
3351 2610 3531 2679 gratia

1910 2705 2223 2767 relevasset
2264 2704 2537 2761 adventus
2569 2720 2584 2758 :
2616 2703 2709 2776 qui
2746 2719 2843 2773 per
2885 2718 3041 2759 nova:
3088 2704 3531 2776 regenerationis

1910 2799 2383 2875 purificationem,
2409 2812 2576 2854 omne
2606 2796 2947 2869 praeteritum
2974 2797 3171 2852 vitium
3198 2799 3284 2854 sui
3312 2799 3527 2871 [raptis-

1910 2894 2080 2951 matis
2106 2892 2329 2948 lavacro
2358 2890 2643 2961 purgavit;
2670 2889 2865 2961 etejus
2891 2889 3121 2944 firmans
3152 2899 3353 2947 statum
3374 2932 3389 2959 ,
3418 2908 3530 2962 quo

1880 2986 2122 3047 rectius
2152 2984 2521 3053 stabiliusque
2560 2982 2920 3053 procederet,
2956 2993 3136 3039 tamen
3194 2997 3350 3039 suam
3397 3001 3528 3056 gra-

1914 3083 2049 3139 tiam
2074 3081 2132 3139 in
2168 3087 2449 3150 posterum
2481 3093 2588 3133 non
2616 3077 2860 3149 negavit.
2906 3074 3044 3133 Nam
3082 3078 3333 3148 quamvis
3364 3080 3529 3137 rede-

193 3177 470 3236 arhitrium
511 3176 641 3248 plus
674 3174 965 3248 prodesset
995 3190 1014 3243 ;
1041 3171 1249 3247 quippe
1274 3188 1401 3229 cum
1421 3173 1508 3230 vir
1529 3172 1733 3230 beatus
1753 3179 1811 3229 et
1837 3176 1886 3244 ο
1916 3176 2111 3233 misset
2156 3172 2433 3231 hominem
2466 3189 2494 3226 a
2527 3170 2826 3242 praateritis
2880 3169 2975 3227 ille
3008 3172 3247 3241 peccatis
3271 3216 3287 3241 ,
3340 3181 3527 3233 tamen

194 3268 291 3343 lam
319 3272 540 3330 electus
565 3286 599 3328 a
623 3269 863 3326 Domino
887 3267 1023 3325 nihil
1054 3277 1244 3339 egeret
1262 3276 1487 3339 ,tamen
1516 3266 1598 3325 ita
1629 3266 1803 3324 Deum

198 3364 544 3441 deprecatur,
578 3361 871 3437 postulans
902 3381 921 3422 :
948 3363 1181 3440 Μίκων
1222 3379 1367 3421 meus
1394 3372 1526 3427 esto.
1559 3379 1625 3420 ue
1654 3363 1807 3419 dere.

200 3458 392 3534 linques
423 3477 546 3526 nte.
579 3476 747 3533 neque
774 3460 1032 3534 despicias
1060 3474 1162 3527 me,
1198 3455 1341 3514 Deus
1369 3456 1619 3515 salutaris
1660 3473 1809 3514 meus

200 3552 362 3631 (Paul.
390 3569 553 3625 xxvt,
579 3555 639 3629 9)
672 3570 689 3610 :
742 3567 847 3611 nos
875 3552 1039 3612 nobis
1067 3552 1305 3611 liberum
1333 3552 1627 3610 arbitrium
1652 3592 1670 3623 ,
1714 3552 1810 3611 ille

201 3736 250 3793 in
274 3748 458 3794 natura
476 3779 496 3805 ,
518 3736 661 3796 uelle
684 3736 744 3793 in
758 3735 980 3792 arbitrio
1004 3743 1053 3793 el
1081 3735 1268 3792 essein
1298 3733 1490 3804 affectu
1510 3738 1813 3794 constitue-

204 3809 307 3868 bat.
326 3809 467 3867 Tum
511 3824 681 3881 posse
705 3809 774 3864 ad
817 3808 991 3865 Deum
1032 3822 1245 3882 natura:
1271 3820 1557 3866 auctorem
1586 3810 1813 3882 proprie

203 3884 469 3953 pertinere
498 3885 575 3939 ita
602 3883 935 3953 largiebatur
954 3924 968 3944 .
1005 3892 1064 3936 ut
1088 3881 1232 3937 velle
1251 3889 1309 3953 et
1334 3895 1461 3937 esse
1478 3896 1621 3953 ,sen
1646 3896 1813 3953 agere

203 3951 264 4011 ad
293 3954 576 4011 hominem
595 3951 883 4012 referenda
917 3967 1044 4009 esse
1072 3951 1460 4009 contenderet.
1504 3951 1701 4011 Solius
1714 3954 1813 4010 Dei

205 4026 609 4090 essedocebat,
652 4024 798 4099 quod
842 4033 1009 4099 potest
1056 4024 1212 4099 homo
1256 4024 1389 4099 uelle
1434 4024 1630 4081 bonum
1658 4034 1814 4099 atque

207 4101 437 4169 perlicere
468 4114 489 4159 :
516 4099 615 4155 sed
642 4098 792 4170 quod
824 4096 957 4153 illud
985 4097 1121 4170 velit
1159 4096 1457 4168 perlicere.
1484 4112 1558 4170 ac
1599 4113 1661 4154 re
1691 4096 1806 4169 ipsa

208 4167 475 4244 perficiat.
506 4167 761 4244 ademiue
798 4179 858 4244 e_t
890 4167 1038 4244 quod
1070 4167 1246 4244 bonus
1270 4182 1335 4224 ac
1372 4167 1650 4244 perfectus
1676 4167 1810 4244 velit

209 4239 354 4313 esse.
375 4244 465 4301 vel
497 4243 666 4300 etiam
690 4243 795 4309 sit,
827 4241 997 4313 ipsius
1020 4239 1261 4296 hominis
1292 4239 1419 4297 esse
1448 4242 1806 4313 praedicabat,

209 4312 712 4388 Nouinﬂciahatur
758 4312 1274 4388 ltotrtittem_grali_te
1319 4312 1520 4388 semper
1564 4312 1811 4388 adjuvari

211 4386 391 4443 auxilio
416 4406 437 4446 :
491 4386 591 4444 sed
630 4386 897 4441 auxilium
941 4383 1098 4442 illud
1128 4383 1184 4439 in
1227 4385 1329 4449 hoc
1358 4383 1809 4456 ponebat,'quod

1910 3272 2095 3328 sciens
2124 3270 2323 3325 iterum
2359 3280 2523 3339 posse
2539 3279 2781 3348 peccare
2806 3305 2823 3333 ,
2851 3263 2919 3320 ad
2953 3265 3369 3336 reparationem
3400 3267 3533 3336 sibi,

1914 3360 2375 3437 quemadmodum
2408 3368 2594 3432 posset
2630 3358 2782 3413 illum
2805 3370 2861 3413 et
2902 3367 3025 3428 post
3069 3358 3171 3415 ista
3211 3362 3525 3434 corrigere,

1917 3460 2089 3518 multa
2131 3458 2377 3515 servavit
2420 3471 2442 3517 _:
2468 3453 2791 3531 quotidiana
2835 3461 3065 3524 praestat
3105 3452 3201 3510 ille
3241 3456 3486 3513 remedia
3511 3503 3528 3530 ,

1916 3553 2117 3627 quibus
2145 3552 2249 3609 nisi
2282 3548 2409 3608 l‘reti
2436 3546 2741 3620 conlisique
2762 3546 3006 3621 nitamur
3023 3588 3040 3615 ,
3066 3546 3383 3607 nullatenus
3401 3549 3533 3607 vin-

1915 3752 2099 3816 uocare
2120 3752 2151 3816 :_
2172 3735 2580 3816 refragantibus
2626 3734 2770 3816 aliis_
2792 3734 2947 3793 libris
2974 3778 2992 3805 ,
3026 3753 3093 3794 ex
3124 3738 3321 3816 quibus
3360 3742 3533 3816 liquet

1915 3810 2249 3883 vocabulum
2265 3810 2565 3883 adjutorem
2592 3809 2825 3883 aAverbo
2851 3819 3063 3881 exaptat
3091 3809 3232 3883 regi.

1989 3879 2021 3920 ιι
2049 3884 2273 3954 Aliquot
2300 3879 2435 3941 mss.
2466 3898 2591 3938 cum
2621 3880 2856 3951 Qttesn.,
2884 3879 3096 3937 necnon
3125 3879 3257 3941 edit.
3290 3885 3453 3945 Rom.
3478 3902 3535 3950 (ιι

1917 3954 2159 4017 Concil..
2185 3956 2257 4009 ila
2285 3971 2530 4029 umquam
2547 3955 2667 4022 scit,
2691 3963 2749 4029 ut
2772 3956 2983 4029 assidue
3008 3954 3219 4029 diceret.
3242 3959 3397 4029 Apud
3413 3963 3527 4017 Αυ-

1916 4036 2087 4098 gust.,
2130 4029 2205 4081 ita
2233 4042 2457 4099 magnus
2482 4027 2615 4081 sicut
2640 4026 2847 4082 assidue
2886 4028 3077 4082 dicere.
3108 4026 3341 4085 Garner.
3368 4074 3386 4097 ,
3429 4034 3527 4093 hoc

1916 4099 2001 4154 illi
2029 4111 2135 4153 tam
2163 4098 2409 4171 magnum
2436 4098 2599 4153 uisum
2620 4100 2708 4171 sit.
2732 4107 2787 4153 ut
2817 4098 3021 4171 assidue
3043 4099 3233 4156 diceret
3257 4143 3274 4168 ,
3306 4110 3414 4159 tam
3434 4125 3528 4164 ne-

1918 4172 2200 4227 cessarium
2218 4168 2489 4241 confessus
2515 4171 2604 4225 sil.
2634 4168 2690 4225 Id
2721 4170 2865 4240 quod
2898 4172 3083 4239 plures
3111 4187 3176 4227 ac
3196 4179 3528 4237 vetustiores

1920 4257 2052 4299 mss.
2084 4243 2349 4299 exhibent
2393 4241 2719 4299 retinemus.
2752 4242 3032 4298 Malletnus
3061 4253 3242 4301 tamen
3265 4287 3279 4314 ,
3308 4247 3383 4303 itu
3408 4267 3525 4307 ma.

1918 4332 2065 4389 guns,
2078 4314 2225 4389 sciuit
2247 4314 2456 4371 assidue
2481 4314 2651 4389 dicere
2674 4354 2692 4379 ,
2722 4321 2769 4367 et
2799 4315 2893 4367 ita.

1999 4386 2014 4424 ί
2053 4387 2270 4443 Merlin.
2303 4395 2361 4440 et
2404 4400 2469 4441 ex
2518 4402 2585 4442 eo
2614 4386 2841 4453 Quesn.,
2900 4381 3087 4441 Libero
3132 4390 3269 4444 enim
3311 4393 3525 4454 arbitrio

211 4460 492 4517 voluntatis
517 4460 893 4530 atquepnperis
912 4458 1332 4530 possibilitatem
1349 4458 1494 4530 Deus
1509 4472 1805 4530 numquam
1832 4467 1887 4529 1)
1911 4460 2036 4516 olim
2067 4459 2157 4514 ille
2200 4473 2484 4530 perversos,
2514 4472 2533 4520 ;
2562 4456 2965 4530 reluctantibus
3008 4461 3267 4517 omnibus
3297 4480 3429 4520 mss.
3472 4478 3529 4524 et

214 4545 312 4603 non
329 4532 509 4589 daret.
541 4526 659 4603 Ipsa
690 4526 839 4603 illius
857 4526 1252 4603 verbavidesis
1281 4528 1424 4599 apud
1440 4526 1804 4601 Augustinum

216 4600 377 4662 lib.tle
391 4600 831 4671 Grati:i,Christi,
856 4617 977 4671 cap.
1008 4602 1064 4661 ι.

276 4682 304 4713 ⁸
337 4676 393 4733 In
420 4677 558 4733 edit.
582 4675 750 4733 Rom.
776 4685 835 4732 et
856 4674 1073 4731 Concil.
1101 4672 1456 4731 desideratur
1480 4674 1661 4730 simus.

277 4744 303 4786 δ
322 4749 660 4823 Vocabulum
686 4752 803 4823 ejus
822 4762 891 4823 ex
912 4762 1018 4802 ms.
1048 4745 1238 4823 Germ.
1262 4754 1319 4823 et
1338 4747 1628 4823 edit._A_ng.
1653 4761 1812 4823 rego-

219 4829 373 4878 catur.
401 4822 572 4880 Solus
620 4814 791 4879 Gai-tt.
842 4821 1025 4876 locum
1076 4818 1227 4875 hunc
1276 4819 1352 4875 ita
1396 4814 1626 4875 exlttbét
1666 4814 1813 4872 :Dic

252 4895 456 4972 comedo
484 4910 600 4949 rere
620 4894 948 4972 adiutorium
983 4892 1096 4964 ejus
1120 4891 1174 4945 in
1199 4906 1319 4972 ne},
1352 4907 1478 4972 cunt
1497 4892 1689 4972 tn_l_es_a
1714 4906 1815 4972 uo-

220 4906 456 5020 ἳίοιιιοαο
484 4910 600 4949 rere
620 4906 948 4972 (injutartum
983 4907 1096 4964 ejus
1120 4907 1174 4945 ιιι
1199 4906 1319 4957 nos,
1352 4907 1472 4946 cum
1497 4906 1631 4944 tates
1657 4907 1689 4943 a
1718 4906 1815 4945 no-

233 4963 266 5040 _'
300 4968 445 5040 etiam
461 4970 1221 5040 essepossintus,provocemua.
1244 4960 1815 5040 Eumquiadjutoriupt

224 5029 310 5091 Dei
335 5048 509 5113 negat,
541 5029 723 5113 rursus
751 5029 935 5093 rellent
978 5040 1300 5109 interrogare
1348 5029 1441 5090 ctt'r
1470 5036 1610 5090 dicat
1640 5051 1735 5089 nos
1756 5033 1816 5087 id

224 5122 314 5164 nos
355 5112 640 5184 promereri
663 5113 690 5169 ?

288 5191 308 5253 ξ
334 5178 538 5250 Queen.
570 5198 696 5240 cum
726 5197 839 5239 uno
868 5196 978 5237 ms.
1000 5178 1186 5253 Colb.,
1209 5178 1529 5253 prteslolari.

283 5246 404 5313 διῐι
441 5269 575 5311 mss.
612 5270 829 5313 necnon
854 5265 1076 5311 veteres
1120 5246 1255 5306 edi't.
1288 5250 1503 5309 Coucil.
1556 5251 1628 5307 At
1653 5248 1813 5305 Rom.

225 5321 426 5407 diu}!
446 5328 794 5407 recentiores
818 5322 1039 5407 Cnttcii.
1070 5338 1195 5407 cum
1223 5323 1425 5407 garris:
1455 5340 1747 5407 precamur.

290 5406 313 5437 '
334 5385 917 5473 Garn_._rtequidqttam;
943 5405 1001 5457 et
1026 5395 1189 5466 infra,
1214 5395 1384 5451 David
1398 5385 1667 5463 inclamat,
1694 5408 1818 5466 pro,

235 5466 357 5527 Nam
382 5473 427 5527 si
446 5468 540 5528 ille
559 5466 777 5528 clamat.
1602 5511 1608 5516 .

295 5540 313 5581 ί
348 5541 497 5601 Edit.
536 5545 725 5613 Ralm,
757 5543 869 5600 Nos
915 5560 1037 5607 ergo
1074 5541 1296 5596 dicimus
1340 5538 1614 5613 manifeste
1642 5580 1672 5613 ,_
1709 5546 1818 5594 etc.

234 5610 413 5685 Gem”
450 5614 563 5673 Nos
593 5607 818 5673 dicimus
839 5617 1136 5685 manifeste,
1170 5623 1223 5669 ul
1250 5612 1380 5685 quid
1405 5607 1610 5667 oremus
1630 5607 1820 5677 Deum,

232 5682 339 5745 Ille:
362 5682 423 5759 et
450 5687 620 5758 infra,
655 5688 830 5744 David
857 5682 1017 5759 ergo,
1050 5703 1182 5757 pro,
1217 5682 1387 5739 David
1415 5687 1571 5739 enim.

292 5766 317 5809 Ι
342 5758 486 5820 Edit.
520 5754 684 5819 ltum.
723 5771 777 5815 et
822 5754 1066 5821 Concil.,
1096 5760 1153 5813 in
1176 5775 1271 5814 sua
1315 5764 1501 5811 natura
1542 5772 1668 5811 esse.
1701 5754 1825 5811 Mox

234 5825 735 5910 Gen.,'-adjutorem_
759 5833 966 5887 inuocat
982 5875 997 5899 ,
1023 5847 1114 5887 nec
1138 5830 1219 5887 illi
1244 5829 1430 5902 sufﬁcit
1450 5827 1721 5886 assiduum
1748 5829 1828 5881 in-

730 5928 1015 5993 Pa'rses.
1051 5928 1204 5993 XX.

1911 4531 2077 4609 editis
2101 4531 2246 4609 aliis,
2272 4529 2587 4609 inmanium
2618 4528 2733 4609 hic,
2758 4530 2854 4585 sed
2884 4542 2935 4609 et
2968 4530 3021 4609 _in
3056 4529 3192 4609 libro
3240 4534 3525 4609 "_Aligus.

1913 4603 2011 4658 tini
2058 4601 2665 4680 ad_Bonilacium,cap.
2705 4601 2761 4667 4,
2792 4599 2935 4680 n._6,
2968 4602 3021 4680 in
3076 4602 3218 4680 libro
3264 4599 3521 4680 Prosvpari

1912 4684 2111 4753 contra
2131 4674 2491 4753 _Collatorem,
2518 4688 2578 4753 _c.
2613 4672 2677 4744 5,
2708 4690 2763 4753 ιιε
2796 4672 2883 4736 15.
2914 4675 3055 4753 etin
3074 4672 3366 4753 conemini
3392 4672 3525 4753 73-pi-

1914 4750 2054 4801 stola
2085 4746 2176 4810 2i,
2212 4765 2267 4801 ιι.
2292 4744 2350 4813 5,
2392 4748 2483 4801 ubi
2518 4746 2635 4803 haec
2662 4745 2857 4801 eadem
2884 4748 3051 4801 verba
3085 4750 3351 4806 citantur.
3379 4744 3524 4811 sane

1916 4818 2221 4945 intttthntii
2241 4819 2513 4875 sententia
2534 4820 2713 4890 potius
2729 4818 3029 4892 permissus,
3050 4835 3213 4889 quam
3234 4838 3521 4897 perurens,

1916 4900 2078 4945 nostu
2106 4900 2182 4945 at.

1915 4900 2182 4963 postulat.

1995 4962 2009 5014 i
2046 4962 2100 5017 In
2133 4980 2268 5021 mss.
2289 4971 2351 5021 ut
2379 4965 2431 5018 in
2459 4961 2591 5018 edit.
2623 4961 2779 5019 Meri.
2807 4972 2863 5020 et
2884 4962 3071 5032 Rom.,
3096 4967 3265 5022 ruina:
3286 4968 3527 5029 latuisset

1920 5052 2191 5107 oppressus
2244 5038 2328 5092 vel
2369 5050 2671 5107 oppressum
2696 5076 2711 5102 ,
2762 5035 2865 5091 nisi
2897 5038 3040 5105 quod
3090 5041 3140 5093 in
3170 5037 3315 5096 Pitlt.
3342 5052 3526 5100 exstat

1921 5106 2195 5179 oppressu,
2221 5118 2276 5164 et
2307 5109 2362 5162 in
2408 5108 2579 5163 Corb.
2614 5106 2683 5163 ab
2732 5109 2956 5179 antiqua
2987 5125 3151 5166 manu
3202 5113 3519 5171 restitutum

1920 5190 2005 5236 est
2021 5180 2315 5254 jacuisset:
2341 5195 2505 5254 quam
2563 5180 3003 5254 emendationem
3054 5195 3259 5241 rectam
3292 5186 3528 5254 probant

1921 5266 2047 5329 cum
2079 5253 2369 5329 Augustini
2400 5251 2547 5329 liber
2586 5265 2625 5306 ιι
2646 5250 2749 5329 _ad_
2767 5252 2940 5329 Bouil'.
2969 5263 3162 5329 cotttra
3190 5250 3327 5311 duas
3358 5272 3521 5329 epist.

1921 5320 2113 5400 Pelag.
2144 5320 2199 5379 η’.
2230 5324 2432 5400 6._tum_
2456 5324 2783 5400 epis'ola_2l
2806 5325 3081 5381 lerstini
3108 5342 3279 5397 papm.
3314 5320 3435 5400 cap.
3468 5332 3526 5399 ι,

1924 5398 2016 5450 ιιιιὶ
2047 5395 2164 5452 ltmc
2193 5396 2358 5451 verba
2387 5395 2648 5451 citantur.
2672 5395 3015 5462 Quamquam
3051 5414 3151 5455 nec
3176 5395 3231 5455 in
3261 5400 3367 5455 illis
3383 5395 3532 5461 ’ἀηθέ-

1926 5466 2028 5524 bus
2051 5467 2191 5545 locis
2217 5468 2411 5545 desunt
2445 5482 2585 5545 mss.
2611 5471 2701 5545 qui
2733 5468 3029 5545 exhibeant
3056 5469 3291 5545 latuisset
3316 5489 3530 5545 oppres-

1926 5557 2008 5595 su.
2040 5540 2195 5617 apud
2226 5540 2388 5617 Crab.
2415 5550 2470 5595 et
2498 5539 2701 5617 exinde
2751 5542 2806 5595 in
2834 5542 2971 5596 edit.
3002 5545 3200 5599 conml.
3239 5544 3326 5617 hic
3349 5539 3533 5617 legere

1929 5620 2037 5673 est.
2054 5612 2176 5667 huic
2196 5613 2364 5686 ruinas
2388 5628 2497 5668 suae
2524 5614 2764 5686 iacuisset
2788 5630 3090 5686 oppressus,
3122 5617 3265 5684 apud
3294 5612 3528 5677 Gather.

1929 5696 1983 5742 et
2004 5686 2237 5759 Qttestt‘”
2269 5685 2431 5759 hujus
2453 5686 2603 5738 ruina
2628 5684 2966 5758 subjacutsset
2995 5702 3291 5757 OppreFWS.

2003 5756 2027 5834 ll
2076 5756 2151 5812 ita
2182 5772 2317 5813 mss.
2340 5756 2351 5759 ⁷
2376 5772 2574 5834 magno
2603 5756 2873 5814 conéensu
2904 5774 3025 5814 cum
3064 5759 3195 5815 edit.
3221 5765 3359 5834 Aug.
3382 5765 3453 5820 At
3478 5762 3537 5825 ιι

1932 5828 2093 5892 edit..
2116 5848 2205 5904 per
2230 5846 2378 5885 suam
2407 5832 2654 5903 gratiam.

2904 5926 2971 5959 an

2900 5964 2967 5993 ιν
