3896 6222
368 285 512 361 ista

1170 285 1531 350 APPENDIX
1569 286 1663 349 AD
1703 287 2085 352 EPISTOLAS
2123 287 2180 348 S.
2223 285 2624 349 INNOCENTII
2657 287 2678 347 Ι
2714 282 2949 348 PAPA‘A.

3611 284 3735 366 δια,

403 408 530 476 Hi,
570 407 878 466 Innocentii
922 422 1195 482 responso
1237 409 1435 485 dignus
1474 411 1694 469 habitus
1742 426 1852 469 non
1883 409 2004 468 fuit.
2033 414 2091 477 Α
2115 409 2450 483 repellendis
2483 428 2504 465 ›
2533 408 2692 485 (Cod.
2725 406 2826 466 Th.
2860 408 2952 464 lib.
2980 421 3104 475 xvi,
3146 405 3210 463 tit
3293 404 3338 472 ἒ,
3372 405 3478 482 leg.
3521 404 3606 476 6),
3628 403 3722 463 vel

398 502 571 575 Quam
601 504 842 576 perversi
871 504 1070 562 fuerint
1108 505 1256 564 illius
1281 522 1484 574 mores,
1519 506 1636 564 fuse
1661 507 1804 564 idem
1829 506 2007 564 Pallae

400 595 548 668 dius,
581 611 704 671 pag.
736 597 845 656 142
882 608 938 657 et
980 615 1098 671 seq.
1148 601 1393 667 exponit.
1439 599 1520 656 Ex
1562 599 1780 658 Arcadii
1827 611 2008 666 autem

397 692 818 764 constitutione,
847 710 971 767 quae
993 694 1182 753 Codici
1204 695 1416 754 Tbeod.
1435 696 1533 754 lib.
1554 713 1676 763 xvr,
1700 698 1787 752 tit.
1812 698 1868 763 4,
1897 696 2005 769 leg.

399 787 457 855 ϐ,
486 787 690 845 inserta
718 798 826 856 est,
856 788 1222 863 Porphyrium
1250 805 1397 848 anno
1428 787 1570 856 404,
1597 799 1726 847 ante
1757 789 1824 846 18
1855 799 2011 846 mena

393 881 474 942 sis
499 882 831 942 Novembris
853 884 1000 942 diem
1031 883 1347 944 ordinatum
1375 884 1548 942 fuisse
1570 892 1808 942 constat.

477 979 565 1037 10.
605 979 758 1038 Anno
778 980 909 1047 405,
939 979 1280 1038 Innocentius
1305 979 1379 1036 ad
1396 980 1555 1054 Afros
1578 980 1846 1047 rescribit,
1869 978 2009 1052 ejus-

399 1091 500 1147 que
523 1075 712 1131 litteris
735 1075 791 1131 in
818 1074 1039 1132 concilio
1076 1076 1385 1134 recitantur.
1416 1060 1494 1121 -ῗ
1515 1075 1573 1133 1η
1601 1073 1835 1132 concilio
1877 1072 2014 1131 Car-

399 1167 734 1241 thaginensi,
773 1169 920 1241 quod
951 1185 1096 1226 anno
1133 1167 1261 1238 405,
1289 1185 1319 1226 x
1348 1168 1607 1227 kalendas
1641 1166 2007 1241 Septembris,

397 1264 732 1324 celebratum
760 1273 869 1334 est,
891 1267 1140 1324 recitatae
1159 1274 1287 1323 sunt
1306 1264 1613 1322 Innocentii
1642 1264 1864 1329 littera,
1887 1248 2007 1334 qui-

398 1359 506 1418 bus
527 1359 832 1417 cavebatur
859 1375 929 1416 ne
949 1359 1016 1416 ad
1043 1359 1407 1417 transmarina
1425 1359 1667 1431 episcopi
1699 1357 1857 1413 facile
1882 1371 2010 1429 per-

397 1463 592 1526 gerent
618 1451 779 1529 (Cod.
808 1470 929 1510 can.
965 1453 1094 1510 cccl.
1153 1454 1300 1525 Arn,
1347 1471 1396 1510 c.
1447 1446 1562 1526 91).
1613 1451 1710 1509 Ha:
1744 1450 1917 1509 Roma
1950 1450 2008 1506 in

399 1548 640 1608 Africam
670 1549 856 1607 relata:
884 1546 1187 1605 creduntur
1215 1563 1318 1620 per
1339 1546 1636 1604 Theasium
1665 1556 1830 1617 atque
1868 1544 2014 1600 Evo-

398 1641 575 1711 dium,
606 1641 702 1716 qui
746 1657 937 1700 mense
965 1641 1129 1698 Junio
1176 1641 1303 1698 anni
1350 1640 1458 1698 404
1497 1639 1564 1696 ad
1618 1639 2006 1711 imperatorem

397 1751 525 1794 cum
550 1735 750 1793 litteris
787 1735 859 1791 ad
889 1733 1268 1792 Innocentium
1295 1733 1456 1806 legati
1483 1732 1723 1790 fuerant.
1751 1730 1851 1789 Ubi
1876 1746 2007 1788 vero

2109 505 2332 580 aliquod
2361 507 2658 579 posterius,
2690 506 2745 563 in
2789 520 2900 578 quo
2945 503 3113 575 priori
3159 517 3334 577 preme
3383 501 3598 576 adjecta
3647 501 3725 558 sit

2111 602 2312 660 tnulcta
2333 601 2603 674 pecuniae.
2617 599 2784 674 Atqui
2807 597 3023 657 Arcadii
3045 596 3454 656 constitutiovad
3473 606 3725 653 rectores

2111 695 2524 768 provinciarum
2552 694 2680 752 data
2713 693 2918 767 legitur
2961 707 3054 749 xxv
3099 690 3364 748 kalendas
3399 685 3721 764 Decembris

2108 785 2218 844 CP.
2247 787 2493 849 Honorio
2521 797 2577 846 et
2603 786 2935 845 Aristentnto
2958 800 3108 843 coss.
3129 828 3145 854 ,
3169 784 3275 842 boc
3298 791 3386 841 est
3408 799 3555 840 anno
3583 780 3724 851 404,

2109 884 2319 944 mensis
2345 882 2675 942 Novembris
2710 881 2910 954 lsgdie.
2933 881 3014 940 Ex
3042 897 3151 956 quo
3179 879 3466 954 prtedictas
3487 875 3727 951 quinde-

2107 979 2217 1038 cim
2244 979 2629 1053 episcoporum
2659 976 2875 1034 litteras
2895 975 3214 1034 Innocentio
3232 981 3361 1034 ante
3385 973 3601 1032 initium
3623 986 3728 1030 ano

2110 1072 2166 1130 ni
2183 1071 2298 1147 ,405
2325 1071 2479 1128 reddi
2524 1071 2843 1142 nequivisse
2870 1069 3182 1138 coniicitur,
3212 1067 3426 1126 tametsi
3452 1082 3550 1127 eas
3573 1067 3728 1139 exis.

2107 1166 2306 1224 timare
2331 1165 2494 1222 liceat
2516 1164 2662 1223 circa
2689 1165 2897 1222 exitum
2921 1149 3052 1220 anni
3085 1162 3192 1222 104
3220 1161 3581 1233 conscriptas.

2183 1261 2274 1318 15.
2315 1260 2502 1334 Anysii
2549 1258 2912 1316 Tltessalonic.
2965 1258 3195 1332 ερὶεοορί
3240 1257 3310 1313 ad
3354 1254 3731 1313 Innocentium

2111 1355 2450 1429 epistola._—-
2477 1353 2626 1411 Idem
2657 1353 2919 1428 Eulysius
2943 1351 3108 1410 simul
3135 1352 3202 1408 ad
3227 1350 3605 1408 Innocentium
3637 1359 3730 1408 at-

2112 1449 2236 1506 tulit
2276 1448 2563 1524 epistolam
2581 1467 2615 1521 γι
2649 1447 2840 1524 Anysii
2866 1446 3060 1520 optimi
3088 1447 3241 1504 senis
3269 1487 3286 1515 ,
3331 1464 3354 1500 ι
3389 1455 3450 1502 ιιι
3477 1443 3729 1519 loquitur

2111 1544 2408 1615 Palladius,
2438 1560 2560 1617 pag.
2583 1544 2678 1614 27,
2707 1563 2728 1598 ι
2760 1543 2853 1616 qui
2882 1542 3144 1599 Romamn
3166 1539 3423 1599 Ecclesia:
3449 1539 3531 1615 (in
3553 1553 3729 1598 causa

2107 1640 2358 1712 Joannis)
2381 1640 2594 1711 judicio
2624 1648 2772 1697 stare
2797 1654 2860 1696 se
2887 1636 3186 1696 scribebat.
3222 1654 3246 1691 ι

2184 1736 2273 1793 14.
2313 1734 2560 1793 Edictum
2590 1744 2773 1791 contra
2801 1734 3019 1790 clericos
3069 1731 3160 1806 qui
3186 1746 3303 1787 cum
3330 1727 3540 1788 Joanne
3577 1745 3727 1786 com-

397 1829 644 1888 recitatae
669 1836 801 1887 sunt
827 1814 1100 1900 praedicta}
1132 1827 1434 1885 Innocentii
1469 1825 1691 1894 litterae,
1724 1807 1878 1882 (illoc
1917 1823 2005 1895 ip»
2033 1822 2082 1886 B
2111 1829 2464 1891 "tuuis-ubam,
2494 1860 2567 1875 .-
2597 1829 2798 1903 Elapso
2821 1843 3010 1885 mense
3034 1837 3154 1900 post
3187 1827 3482 1884 adventum
3501 1823 3727 1900 Cyl-iaci

393 1939 546 1994 sum,
581 1944 605 1981 ι
636 1921 782 1996 quod
815 1924 867 1979 in
904 1923 1018 1980 illis
1050 1921 1532 1995 praescribebatur,
1569 1939 1590 1990 ς
1623 1921 2003 1991 episcoporum

399 2021 693 2080 sententiis
717 2020 1103 2078 conﬁrmatum
1151 2019 1276 2077 luit.
1312 2037 1334 2074 ι
1367 2016 1486 2074 lam
1529 2028 1691 2075 antea
1738 2016 1793 2073 in
1821 2014 2009 2074 Sardi-

393 2115 548 2174 censi
578 2115 838 2184 concilio,
864 2129 989 2172 can.
1017 2113 1074 2181 8,
1114 2113 1352 2169 maxime
1380 2120 1607 2184 propter
1626 2110 1788 2168 Afros
1816 2109 2008 2167 decre-

389 2217 512 2268 tum
545 2207 745 2274 fuerat,
792 2226 813 2263 ι
845 2223 916 2266 ne
950 2208 1193 2281 episcopi
1236 2207 1305 2264 ad
1351 2207 1671 2264 comitatum
1719 2207 2004 2276 accedant,

397 2302 505 2361 nisi
528 2302 674 2360 forte
704 2301 740 2359 ii
765 2303 860 2375 qui
890 2300 1288 2372 religiosissimi
1328 2300 1673 2372 imperatoris
1699 2300 1896 2357 litteris
1924 2299 2007 2356 in-

392 2402 548 2460 vitati
581 2401 785 2459 fuerint
809 2399 900 2458 vel
924 2402 1126 2468 vocati,
1159 2418 1180 2455 ι
1213 2413 1342 2456 cum
1364 2397 1625 2455 videlicet
1664 2397 2007 2470 cxpostulas-

395 2503 483 2553 set
510 2493 712 2554 Gratus
739 2492 1184 2566 Carthagineosis
1211 2494 1528 2565 episcOpus,
1571 2491 1716 2565 quod
1754 2507 1819 2549 ea
1848 2493 1920 2549 de
1945 2508 2006 2550 re

396 2603 496 2648 sua
547 2587 720 2660 ipsius
761 2588 998 2646 consilia
1047 2599 1467 2662 spernerentur.
1520 2587 1601 2646 Ne
1651 2598 1832 2646 tamen
1877 2588 2006 2644 hinc

390 2697 717 2742 communes
737 2681 1099 2740 ecclesiarum
1129 2682 1391 2740 utilitates
1413 2681 1610 2754 negligi
1634 2682 2004 2756 contingeret,

392 2777 606 2836 addidit
629 2776 828 2836 eadem
854 2775 1123 2852 synodus,
1151 2792 1275 2835 can.
1307 2777 1364 2847 9,
1391 2785 1452 2834 ut
1477 2777 1527 2834 si
1547 2776 1792 2849 episcopi
1816 2791 2006 2848 preces

391 2889 495 2948 pro
516 2873 696 2932 viduis
722 2883 817 2931 aut
843 2873 1069 2948 pupillis
1093 2871 1297 2930 aliisve
1326 2873 1510 2947 iniqua
1537 2874 1590 2930 vi
1617 2873 1895 2945 oppressis
1918 2871 2002 2928 of-

390 2970 648 3030 ferendas
681 2968 974 3039 baberent,
1007 2984 1117 3028 non
1148 2966 1454 3041 perferrent
1501 2967 1606 3039 ipsi
1653 2983 1752 3038 per
1792 2981 1874 3032 se,
1909 2965 2005 3023 sed

395 3082 421 3121 σ
472 3081 574 3138 per
614 3065 882 3122 diaconos
928 3078 1058 3121 suos
1110 3077 1207 3120 eas
1247 3062 1610 3120 destinarent.
1661 3079 1684 3115 ι
1741 3059 2008 3132 Quocirca

392 3160 718 3235 praedictum
741 3160 1060 3228 concilium,
1088 3156 1145 3214 in
1173 3173 1283 3229 quo
1310 3141 1554 3216 recitatae
1579 3167 1708 3214 sunt
1732 3155 2005 3214 Innocen-

2108 1925 2490 1999 Syunadorum
2531 1924 2797 1998 episcOpi,
2842 1922 3069 1981 Romam
3111 1922 3242 1980 item
3276 1922 3504 1982 accessit
3535 1920 3727 1978 Palla-

2106 2020 2232 2077 dius
2279 2019 2635 2091 Helenopotis
2703 2019 3041 2092 cpiscopus,
3101 2017 3382 2076 Lausiacte
3433 2014 3724 2088 scriptor,

2109 2113 2424 2185 exemplum
2450 2113 2636 2171 ferens
2663 2111 2852 2181 edicti,
2877 2095 3022 2184 quod
3048 2111 3325 2169 Palladius
3345 2111 3486 2168 alter
3511 2110 3568 2168 in
3594 2109 3725 2169 Vita

2107 2208 2522 2284 Cbrysostomi,
2552 2225 2678 2280 pag.
2705 2208 2800 2278 27,
2847 2208 2927 2266 sic
2972 2209 3228 2282 exprimit
3259 2225 3276 2267 :
3314 2226 3336 2262 ι
3371 2207 3728 2278 Quicumque

2107 2304 2474 2363 occultaverit.
2520 2303 2748 2360 ωηιιὶηο
2787 2300 3108 2375 episcopum
3157 2311 3252 2359 aut
3312 2301 3571 2360 clericum
3627 2300 3729 2374 qui

2108 2398 2478 2456 communicet
2505 2411 2630 2454 cum
2659 2395 2895 2464 Joanne,
2937 2381 3136 2452 dotnus
3162 2395 3284 2468 ejus
3323 2395 3654 2470 publicetur.
3697 2412 3724 2449 ι

2107 2495 2317 2566 Quibus
2342 2492 2526 2552 verbis
2545 2509 2668 2551 cum
2697 2501 2891 2550 notare
2916 2507 2979 2549 ac
3006 2491 3322 2548 summatim
3347 2490 3731 2562 perstringere

2071 2606 2085 2620 ο
2110 2591 2245 2648 illud
2275 2590 2632 2657 arbitramur,
2665 2587 2812 2662 quod
2839 2587 3133 2657 Arcadius,
3159 2601 3305 2645 anno
3331 2587 3464 2657 404,
3488 2589 3732 2659 Augusti

2107 2689 2181 2748 29
2207 2689 2296 2746 die
2323 2688 2507 2747 sanxit
2545 2688 2602 2745 in
2634 2687 2781 2746 hunc
2806 2685 3027 2745 modum
3061 2704 3077 2741 :
3106 2703 3129 2741 ι
3165 2683 3280 2744 Nec
3305 2683 3728 2758 proscriptionis

2107 2783 2356 2857 periculo
2385 2781 2578 2840 domus
2603 2789 2850 2850 careant,
2881 2796 3019 2854 quas
3045 2779 3337 2852 episcopos
3370 2777 3461 2835 vel
3484 2777 3728 2850 clericos

2110 2878 2429 2950 peregrinos
2456 2886 2580 2949 post
2610 2875 3037 2948 publicationem
3077 2872 3385 2930 edictorum
3429 2877 3488 2928 et
3512 2879 3728 2927 nostra

2109 2969 2426 3030 serenitatis
2443 2969 2641 3028 atratus
2660 2968 2982 3043 probabitur
3006 2968 3317 3039 suscepisse
3348 2983 3364 3022 :
3398 2965 3514 3038 pari
3541 2963 3728 3022 forma

2110 3071 2398 3137 servanda,
2440 3067 2488 3126 si
2529 3083 2655 3140 quae
2681 3067 2880 3124 domus
2903 3065 3053 3123 cives
3079 3064 3317 3125 clericos
3354 3077 3496 3121 nova
3535 3076 3603 3120 ac
3631 3070 3730 3120 tu-

2109 3165 2386 3221 multuosa
2422 3165 2802 3222 conventicula
2834 3172 2991 3222 extra
3031 3163 3321 3222 ecclesiam
3369 3149 3754 3220 celebrantes

389 3253 452 3312 tii
482 3253 703 3321 litterze,
736 3269 766 3308 s
802 3262 862 3310 ut
889 3264 1118 3327 propter
1141 3251 1442 3323 gratiarum
1485 3251 1764 3310 actionem
1812 3259 1868 3308 et
1910 3266 2005 3309 ex-
2033 3236 2079 3304 C
2110 3260 2455 3330 susceperint
2489 3277 2512 3314 ι
2548 3256 2706 3330 (Cod.
2738 3258 2844 3315 Th.
2877 3258 2971 3327 lib,
3003 3274 3120 3326 xvt,
3157 3258 3239 3315 tit.
3270 3255 3330 3324 2,
3361 3255 3463 3329 leg.
3489 3250 3607 3318 37).

388 3346 688 3405 clusionem
709 3346 1117 3404 Donatistarum
1136 3345 1249 3404 duo
1276 3345 1466 3403 clerici
1495 3345 1748 3403 ecclesiae
1775 3344 2006 3402 Cartha-

389 3443 634 3517 ginensis
674 3443 810 3516 (non
847 3441 960 3500 duo
1001 3439 1270 3515 episcopi)
1310 3438 1382 3497 ad
1421 3440 1737 3498 comitatum
1780 3441 2004 3498 mittan-

389 3545 497 3604 tur,
533 3558 554 3594 ι
582 3537 888 3595 constituit.
1318 3582 1322 3586 .

467 3632 558 3691 11.
597 3630 754 3691 Circa
779 3632 991 3688 initium
1016 3648 1142 3688 ann.
1171 3631 1303 3700 405,
1351 3630 1628 3706 Exsuperii
1660 3629 1896 3702 epistola.
1928 3659 2004 3674 -

390 3726 476 3788 Λᾶ
500 3729 627 3786 anni
653 3727 765 3787 405
792 3729 947 3786 initia
979 3728 1256 3800 pertinere
1298 3729 1516 3786 videtur
1559 3728 1848 3804 Exsuperii
1896 3725 2004 3782 To-

387 3820 562 3880 losani
590 3822 832 3896 episcopi
858 3821 1094 3894 epistola
1124 3825 1312 3880 varias
1340 3821 1719 3894 complectens
1745 3820 2003 3894 quaestio-

389 3931 510 3984 nes,
533 3915 729 3988 quibus
757 3916 1108 3975 Innocentius
1133 3932 1230 3990 per
1256 3917 1549 3989 epistolam
1579 3917 1613 3973 6
1640 3915 1925 3973 satisfacit.

467 4011 559 4069 i2.
603 4011 918 4080 Quindecim
955 4011 1323 4083 cpisc0pornm
1351 4011 1424 4066 ad
1460 4008 1825 4068 Innocentium
1863 4010 2002 4066 litte-

386 4123 483 4167 rat.
514 4139 589 4152 --
624 4107 784 4166 Circa
813 4107 958 4166 idem
989 4119 1207 4179 tempus
1253 4107 1464 4178 accepit
1495 4104 1848 4162 Innocentius
1885 4102 2003 4175 epi-

384 4219 678 4274 scoporum
708 4204 1026 4278 quindecim
1051 4220 1081 4261 e
1102 4202 1316 4278 synodo
1345 4201 1574 4259 Ioannis
1603 4203 1840 4268 litteras,
1861 4215 2000 4273 quas

389 4298 692 4364 Palladius,
726 4315 850 4371 pag.
879 4296 972 4366 26,
998 4307 1273 4356 memorat
1300 4297 1387 4353 bis
1413 4296 1598 4354 verbis
1628 4312 1644 4350 :
1680 4313 1700 4349 t
1736 4294 1866 4353 POSl
1893 4296 2003 4368 Cy-

386 4391 598 4451 riacum
629 4392 852 4450 advenit
898 4391 1156 4464 Eulysius
1182 4392 1471 4463 episcOpus
1516 4387 1772 4462 Apameae
1813 4388 2003 4462 Bithy-

387 4488 516 4555 ni:e,
547 4485 783 4544 reddens
814 4487 1026 4544 litteras
1067 4485 1382 4558 quindecim
1424 4485 1811 4557 episcoporum
1850 4500 1882 4540 e
1907 4499 2000 4557 sy-

345 4586 350 4588 ’
388 4581 532 4636 nodo
573 4579 824 4646 Ioannis,
875 4578 929 4636 in
961 4579 1163 4651 quibus
1206 4588 1264 4637 et.
1311 4580 1550 4650 priorem
1582 4591 1635 4636 et
1670 4585 1998 4650 praesentem

2182 3355 2276 3414 I5.
2301 3353 2440 3412 Cleri
2469 3353 2583 3411 GP.
2614 3356 2682 3411 ad
2699 3354 3072 3411 Innocentium
3101 3353 3312 3410 liuent.
3342 3381 3411 3395 -—
3435 3349 3571 3408 Post
3594 3347 3725 3407 Pal-

2108 3448 2238 3507 ladii
2280 3449 2336 3506 in
2380 3447 2582 3508 Urbem
2611 3447 2944 3522 ingressum,
2991 3447 3185 3505 eodem
3221 3447 3498 3504 devenere
3528 3463 3552 3500 ι
3582 3442 3726 3502 Ger-

2106 3560 2302 3604 manus
2331 3543 2622 3618 presbyter
2665 3553 2722 3602 et
2756 3541 3054 3601 Cassianus
3083 3540 3186 3599 viri
3225 3540 3466 3613 religiosi
3506 3538 3727 3596 litteras

2107 3637 2273 3694 totius
2298 3639 2431 3695 cleri
2458 3636 2686 3695 Joannis
2712 3637 3085 3711 (lnnocentio)
3134 3635 3430 3694 reddentes
3471 3631 3721 3708 (Pallad.

2107 3750 2229 3806 pag.
2260 3732 2377 3806 27),
2414 3731 2614 3804 quibus
2641 3731 2892 3789 scribunt
2928 3747 3086 3788 suam
3127 3731 3372 3802 ipsorum
3411 3727 3723 3787 Ecclesiam

2105 3830 2396 3902 vimatque
2413 3829 2757 3902 tyrannidem
2799 3843 3118 3902 perpessam
3159 3841 3306 3894 esse,
3328 3826 3593 3898 episcOpo
3619 3838 3724 3883 suo

2105 3925 2323 3982 militari
2354 3940 2515 3981 manu
2538 3924 2735 3997 eiecto,
2769 3926 2934 3997 inque
2968 3925 3224 3982 exsilium
3248 3933 3371 3982 acto
3400 3937 3500 3994 per
3529 3921 3728 3978 laetio-

2105 4036 2230 4077 nem
2257 4021 2438 4077 Acacii
2467 4019 2677 4078 Beroea:
2701 4019 2968 4092 episcopi,
3009 4017 3300 4088 ’I‘beopbili
3331 4013 3721 4082 Alexandrini,

2102 4113 2361 4172 Antiochi
2391 4114 2762 4182 l‘tolemaidis,
2791 4125 2845 4171 et
2874 4113 3155 4171 Severiani
3187 4111 3544 4170 Gabalorum.
3574 4127 3599 4164 ο
3635 4107 3722 4166 Ab

2076 4208 2334 4267 “istarum
2369 4208 2674 4266 litterarum
2718 4208 2947 4265 exordio
2976 4208 3048 4279 pii
3089 4209 3167 4264 illi
3194 4205 3383 4265 clerici
3410 4207 3563 4276 plura
3596 4220 3726 4278 pro-

2103 4303 2354 4361 ferebant
2390 4303 2804 4376 Scripturarum
2831 4302 3166 4371 testimonia,
3200 4303 3254 4360 in
3290 4302 3489 4374 quibus
3516 4314 3723 4358 conso-

2104 4399 2360 4457 lationem
2387 4398 2597 4457 babere
2632 4415 2693 4458 se
2731 4398 3182 4457 testiﬁcabantur.
3209 4395 3424 4455 Deinde
3472 4397 3564 4455 ubi
3600 4398 3722 4469 epi-

2102 4506 2424 4564 scoporum,
2475 4495 2566 4566 qui
2615 4492 2813 4550 Joanni
2875 4487 3333 4560 adversabantur,
3372 4492 3722 4568 violentiam,

2103 4605 2318 4646 necnon
2349 4603 2612 4658 canones,
2641 4585 2838 4662 quibus
2871 4589 3116 4646 facinora
3141 4602 3239 4645 sua
3267 4587 3408 4645 tueri
3433 4587 3722 4645 conabano

389 4675 558 4734 tctius
595 4675 1104 4747 Constantinopolis
1133 4675 1500 4748 direptionem
1533 4674 1941 4731 describebant.
1973 4691 1995 4727 ο

2134 4703 2218 4754 nr,
2259 4695 2656 4759 exposuerant,
2706 4685 2835 4758 qttid
2876 4685 2946 4742 de
2983 4684 3284 4742 canouibus
3323 4681 3435 4740 illis
3471 4684 3724 4740 sentien-

387 4767 600 4840 Qnibns
640 4769 827 4826 verbis
874 4770 1127 4841 proxime
1180 4771 1464 4842 pra-mittit
1505 4769 1801 4837 Palladius,
1837 4768 2002 4842 Euly-

382 4862 526 4922 sium
554 4863 938 4935 Synnadorum
967 4866 1290 4939 episc0pum
1312 4907 1329 4933 ,
1360 4864 1538 4922 nullas
1567 4863 1788 4936 quidem
1816 4862 2000 4920 feren-

386 4966 495 5015 tem
518 4958 803 5029 epistolas,
838 4958 936 5015 sed
978 4957 1046 5015 ad
1076 4973 1139 5015 ea
1179 4974 1308 5032 quae
1328 4959 1661 5032 gerebantur
1691 4954 2024 5015 enarranda

381 5051 664 5120 idoneum,
701 5052 932 5108 Romam
972 5053 1312 5125 confugisse,
1358 5060 1694 5110 commotum
1740 5052 1997 5110 videlicet

384 5145 679 5216 iniquitate
715 5147 1019 5220 imperialis
1047 5147 1329 5220 praecepti,
1358 5164 1467 5220 quo
1494 5149 1811 5206 edicebatur
1835 5165 1851 5206 :
1888 5165 1908 5202 ι
1937 5147 1998 5206 Si

379 5243 504 5315 quis
532 5258 638 5300 non
663 5244 1038 5300 communicet
1066 5241 1398 5314 Tl'teopbilo,
1425 5244 1655 5300 Arsacia
1677 5254 1732 5300 et
1754 5241 2000 5315 Porphy-

376 5337 481 5405 rio,
518 5336 609 5394 ille
636 5337 858 5410 quidem
899 5339 1218 5410 episcopatu
1247 5349 1520 5405 arceatur,
1559 5354 1622 5396 ac
1649 5341 1811 5396 simul
1837 5339 1999 5396 amit-

363 5435 642 5503 ‘tatquam
690 5429 841 5489 visus
870 5431 1037 5490 fuerit
1086 5431 1293 5490 habere
1323 5431 1691 5491 substantiam
1740 5433 2000 5504 pecunia-

376 5537 521 5580 rum.
556 5543 579 5573 ι
615 5524 770 5582 Unde
794 5535 1013 5597 tempus
1041 5527 1312 5596 expiscari
1341 5526 1491 5584 licet.
1525 5543 1633 5600 quo
1663 5527 1858 5582 litterae
1884 5526 1996 5584 illae

379 5615 708 5676 Innocentio
743 5618 974 5677 reddita:
1002 5631 1152 5678 sunt.
1184 5622 1278 5679 Vel
1310 5623 1453 5678 enim
1482 5621 1558 5679 ibi
1588 5622 1860 5680 indicatur
1895 5623 2000 5680 Ar-

374 5711 520 5775 cadb‘
540 5715 869 5784 praceptum
897 5731 916 5768 ι
955 5713 1026 5772 de
1055 5716 1162 5787 bis,
1187 5715 1278 5789 qui
1305 5716 1376 5773 ab
1395 5718 1629 5786 Arsacii,
1664 5718 1955 5790 Theophili
1974 5759 1992 5788 ,

379 5805 666 5880 Porphyrii
697 5808 1271 5868 reverentissimorom
1303 5829 1477 5869 sacrae
1513 5813 1649 5886 legis
1680 5815 1990 5872 antistitum

378 5904 767 5964 communione
801 5905 1270 5981 dissentiutut,;,ab
1313 5905 1560 5967 Ecclesia
1607 5909 1994 5978 proculdubio

2104 4778 2232 4838 dum
2258 4788 2426 4848 esset,
2455 4779 2808 4853 expetebant.
2843 4779 2981 4852 Ipsis
3011 4778 3294 4850 rescripsit
3336 4777 3720 4846 Innocentius,

2105 4877 2333 4948 ejusque
2353 4875 2607 4946 epistola,
2639 4891 2836 4946 nempe
2857 4873 3115 4947 septima,
3146 4873 3214 4930 ad
3237 4886 3340 4930 nos
3363 4872 3646 4946 pervenit.

2177 4969 2266 5027 16.
2307 4969 2587 5042 Aliquanto
2615 4978 2727 5043 post
2753 4968 2941 5024 delata:
2967 4979 3074 5025 tum
3102 4968 3471 5041 episcoporum
3503 4965 3684 5024 Caria:
3703 5009 3719 5035 ,

2102 5076 2212 5121 tum
2258 5066 2673 5138 presbyterorum
2717 5064 3010 5120 Antiochia:
3054 5064 3262 5120 litlcrw.
3301 5092 3376 5106 -—
3406 5061 3724 5122 Demetrius

2103 5161 2418 5219 Pesinuntis
2466 5161 2790 5234 episcOpus,
2840 5175 2966 5216 cum
3018 5159 3299 5218 Orientem
3348 5166 3720 5231 peragrasset,

2105 5255 2333 5314 Romam
2367 5256 2550 5314 denuo
2589 5266 2712 5328 post
2750 5254 3102 5326 Germaniet
3139 5252 3386 5311 Cassiani
3413 5251 3719 5311 adventum

2104 5349 2335 5408 rediisse
2364 5363 2397 5406 a
2422 5349 2665 5408 Palladio
2695 5360 2949 5407 narratur
2977 5363 3103 5406 cum
3134 5346 3332 5405 litteris
3357 5355 3472 5404 tum
3501 5346 3721 5420 episco-

2102 5460 2294 5517 porum
2338 5442 2538 5514 Cariae,
2572 5460 2594 5498 ι
2626 5445 2824 5518 quibus
2867 5442 2944 5499 illi
2991 5441 3220 5500 Joannis
3269 5441 3718 5499 commnnionctn

2102 5539 2564 5611 complectuntur,
2599 5558 2621 5594 ι
2692 5551 2804 5596 tum
2867 5539 3316 5612 presbyterorum
3376 5538 3718 5615 Antiochiae,

2107 5651 2126 5687 ι
2163 5631 2363 5704 quibus
2391 5631 2787 5701 Romanorum,
2827 5651 2848 5687 ι
2882 5632 2938 5688 in
2970 5630 3257 5689 retinenda
3284 5629 3551 5690 videlicet
3569 5631 3698 5707 eius

2097 5725 2226 5783 dem
2262 5725 2489 5783 Joannis
2528 5726 2947 5793 communione,
2989 5733 3298 5796 sequuntur
3334 5722 3718 5799 disciplinam.

2098 5827 2153 5875 et
2182 5819 2466 5892 Porphyrii
2512 5819 2916 5877 ordinationem
2972 5828 3160 5877 contra
3183 5819 3274 5892 jus
3317 5829 3374 5877 et
3403 5820 3486 5876 fas
3519 5820 3722 5880 lactant

2096 5913 2391 5989 deplorant
2421 5933 2442 5974 ν
2479 5914 2718 5991 (Pallad.
2741 5932 2864 5991 pag.
2899 5915 3017 5990 28).
3051 5914 3288 5990 Nempe,
3313 5914 3394 5974 uti
3412 5913 3716 5984 Palladius.
