  <div class='ocr_page' id='page_1' title='image "/cluster/home/n/w/nwhite01/storage/ocr_20150623/20-21/uva.x000826555/316.png"; bbox 0 0 3896 6222; ppageno 0'>
   <div class='ocr_carea' id='block_1_1' title="bbox 170 230 3511 336">
    <p class='ocr_par' dir='ltr' id='par_1_1' title="bbox 170 230 3511 336">
     <span class='ocr_line' id='line_1_1' title="bbox 170 230 3511 336; baseline 0.01 -45"><span class='ocrx_word' id='word_1_1' title='bbox 170 234 263 292; x_wconf 72' lang='lat' dir='ltr'><strong>an</strong></span> <span class='ocrx_word' id='word_1_2' title='bbox 964 242 1245 308; x_wconf 63' lang='lat' dir='ltr'><strong>norma</strong></span> <span class='ocrx_word' id='word_1_3' title='bbox 1283 246 1782 312; x_wconf 77' lang='lat' dir='ltr'><strong>EPISTOLARUM</strong></span> <span class='ocrx_word' id='word_1_4' title='bbox 1814 250 1963 336; x_wconf 70' lang='lat' dir='ltr'><strong>non</strong></span> <span class='ocrx_word' id='word_1_5' title='bbox 2003 254 2476 328; x_wconf 69' lang='lat' dir='ltr'><strong>exsrsnrmu,</strong></span> <span class='ocrx_word' id='word_1_6' title='bbox 2516 258 2673 319; x_wconf 73' lang='lat' dir='ltr'><strong>are.</strong></span> <span class='ocrx_word' id='word_1_7' title='bbox 2782 294 2785 297; x_wconf 50' lang='grc' dir='ltr'><strong>λ</strong></span> <span class='ocrx_word' id='word_1_8' title='bbox 3374 230 3511 326; x_wconf 56' lang='lat' dir='ltr'><strong>ei?</strong></span> 
     </span>
    </p>
   </div>
   <div class='ocr_carea' id='block_1_2' title="bbox 169 355 3480 455">
    <p class='ocr_par' dir='ltr' id='par_1_2' title="bbox 169 355 3480 455">
     <span class='ocr_line' id='line_1_2' title="bbox 169 355 3480 455; baseline 0.008 -45"><span class='ocrx_word' id='word_1_9' title='bbox 169 371 277 428; x_wconf 84' lang='lat' dir='ltr'><strong>pag.</strong></span> <span class='ocrx_word' id='word_1_10' title='bbox 310 355 414 413; x_wconf 72' lang='lat' dir='ltr'><strong>HS</strong></span> <span class='ocrx_word' id='word_1_11' title='bbox 443 365 503 415; x_wconf 88' lang='lat' dir='ltr'><strong>et</strong></span> <span class='ocrx_word' id='word_1_12' title='bbox 526 358 669 431; x_wconf 74' lang='grc'><strong>146,</strong></span> <span class='ocrx_word' id='word_1_13' title='bbox 692 371 901 430; x_wconf 85' lang='lat' dir='ltr'><strong>narrat,</strong></span> <span class='ocrx_word' id='word_1_14' title='bbox 925 363 1258 442; x_wconf 83' lang='lat' dir='ltr'><strong>Porphyrius</strong></span> <span class='ocrx_word' id='word_1_15' title='bbox 1280 368 1462 426; x_wconf 81' lang='lat' dir='ltr'><strong>missis</strong></span> <span class='ocrx_word' id='word_1_16' title='bbox 1491 368 1559 426; x_wconf 89' lang='lat' dir='ltr'><strong>ad</strong></span> <span class='ocrx_word' id='word_1_17' title='bbox 1584 368 1771 425; x_wconf 86' lang='lat' dir='ltr'><strong>Comi-</strong></span> <span class='ocrx_word' id='word_1_18' title='bbox 1802 371 1854 430; x_wconf 83' lang='lat' dir='ltr'><strong>A</strong></span> <span class='ocrx_word' id='word_1_19' title='bbox 1878 369 1989 436; x_wconf 88' lang='lat' dir='ltr'><strong>bat,</strong></span> <span class='ocrx_word' id='word_1_20' title='bbox 2020 371 2192 440; x_wconf 92' lang='lat' dir='ltr'><strong>dedit,</strong></span> <span class='ocrx_word' id='word_1_21' title='bbox 2233 373 2517 431; x_wconf 65' lang='lat' dir='ltr'><strong>Emilium</strong></span> <span class='ocrx_word' id='word_1_22' title='bbox 2554 375 2768 432; x_wconf 77' lang='lat' dir='ltr'><strong>scilicet</strong></span> <span class='ocrx_word' id='word_1_23' title='bbox 2796 375 3094 436; x_wconf 84' lang='lat' dir='ltr'><strong>Beneventi</strong></span> <span class='ocrx_word' id='word_1_24' title='bbox 3137 378 3480 455; x_wconf 81' lang='lat' dir='ltr'><strong>episcopum,</strong></span> 
     </span>
    </p>
   </div>
   <div class='ocr_carea' id='block_1_3' title="bbox 169 457 1772 534">
    <p class='ocr_par' dir='ltr' id='par_1_3' title="bbox 169 457 1772 534">
     <span class='ocr_line' id='line_1_3' title="bbox 169 457 1772 534; baseline 0.009 -29"><span class='ocrx_word' id='word_1_25' title='bbox 169 459 319 507; x_wconf 81' lang='lat' dir='ltr'><strong>tatmn</strong></span> <span class='ocrx_word' id='word_1_26' title='bbox 344 462 399 508; x_wconf 89' lang='lat' dir='ltr'><strong>et</strong></span> <span class='ocrx_word' id='word_1_27' title='bbox 425 457 785 524; x_wconf 85' lang='lat' dir='ltr'><strong>potentiores</strong></span> <span class='ocrx_word' id='word_1_28' title='bbox 814 459 1099 534; x_wconf 77' lang='lat' dir='ltr'><strong>episcopos</strong></span> <span class='ocrx_word' id='word_1_29' title='bbox 1125 464 1373 533; x_wconf 83' lang='lat' dir='ltr'><strong>pecuniis</strong></span> <span class='ocrx_word' id='word_1_30' title='bbox 1401 464 1682 529; x_wconf 70' lang='lat' dir='ltr'><strong>effecerat,</strong></span> <span class='ocrx_word' id='word_1_31' title='bbox 1712 470 1772 519; x_wconf 92' lang='lat' dir='ltr'><strong>ut</strong></span> 
     </span>
    </p>
   </div>
   <div class='ocr_carea' id='block_1_4' title="bbox 166 545 1765 630">
    <p class='ocr_par' dir='ltr' id='par_1_4' title="bbox 166 545 1765 630">
     <span class='ocr_line' id='line_1_4' title="bbox 166 545 1765 630; baseline 0.008 -29"><span class='ocrx_word' id='word_1_32' title='bbox 166 545 531 619; x_wconf 69' lang='lat' dir='ltr'><strong>Constantius,</strong></span> <span class='ocrx_word' id='word_1_33' title='bbox 556 552 657 624; x_wconf 79' lang='lat' dir='ltr'><strong>qui</strong></span> <span class='ocrx_word' id='word_1_34' title='bbox 684 552 829 610; x_wconf 91' lang='lat' dir='ltr'><strong>inter</strong></span> <span class='ocrx_word' id='word_1_35' title='bbox 852 557 1455 630; x_wconf 66' lang='lat' dir='ltr'><strong>cmteros&#39;presbyteros</strong></span> <span class='ocrx_word' id='word_1_36' title='bbox 1472 558 1765 625; x_wconf 85' lang='lat' dir='ltr'><strong>eminebat,</strong></span> 
     </span>
    </p>
   </div>
   <div class='ocr_carea' id='block_1_5' title="bbox 165 648 1770 725">
    <p class='ocr_par' dir='ltr' id='par_1_5' title="bbox 165 648 1770 725">
     <span class='ocr_line' id='line_1_5' title="bbox 165 648 1770 725; baseline 0.009 -28"><span class='ocrx_word' id='word_1_37' title='bbox 165 650 423 711; x_wconf 75' lang='lat' dir='ltr'><strong>tamquam</strong></span> <span class='ocrx_word' id='word_1_38' title='bbox 458 648 798 718; x_wconf 84' lang='lat' dir='ltr'><strong>populorum</strong></span> <span class='ocrx_word' id='word_1_39' title='bbox 829 650 1177 721; x_wconf 88' lang='lat' dir='ltr'><strong>perturbator</strong></span> <span class='ocrx_word' id='word_1_40' title='bbox 1218 655 1584 725; x_wconf 82' lang='lat' dir='ltr'><strong>relegaretur.</strong></span> <span class='ocrx_word' id='word_1_41' title='bbox 1619 656 1770 712; x_wconf 80' lang='lat' dir='ltr'><strong>Alios</strong></span> 
     </span>
    </p>
   </div>
   <div class='ocr_carea' id='block_1_6' title="bbox 165 738 1770 814">
    <p class='ocr_par' dir='ltr' id='par_1_6' title="bbox 165 738 1770 814">
     <span class='ocr_line' id='line_1_6' title="bbox 165 738 1770 814; baseline 0.012 -27"><span class='ocrx_word' id='word_1_42' title='bbox 165 750 280 791; x_wconf 79' lang='lat' dir='ltr'><strong>rero</strong></span> <span class='ocrx_word' id='word_1_43' title='bbox 308 738 680 812; x_wconf 82' lang='lat' dir='ltr'><strong>presbyteros</strong></span> <span class='ocrx_word' id='word_1_44' title='bbox 726 749 893 814; x_wconf 87' lang='lat' dir='ltr'><strong>atque</strong></span> <span class='ocrx_word' id='word_1_45' title='bbox 932 744 1169 803; x_wconf 84' lang='lat' dir='ltr'><strong>clericos</strong></span> <span class='ocrx_word' id='word_1_46' title='bbox 1206 746 1261 803; x_wconf 91' lang='lat' dir='ltr'><strong>in</strong></span> <span class='ocrx_word' id='word_1_47' title='bbox 1287 748 1593 805; x_wconf 81' lang='lat' dir='ltr'><strong>custodiam</strong></span> <span class='ocrx_word' id='word_1_48' title='bbox 1626 750 1770 807; x_wconf 86' lang='lat' dir='ltr'><strong>mitti</strong></span> 
     </span>
    </p>
   </div>
   <div class='ocr_carea' id='block_1_7' title="bbox 164 832 1769 908">
    <p class='ocr_par' dir='ltr' id='par_1_7' title="bbox 164 832 1769 908">
     <span class='ocr_line' id='line_1_7' title="bbox 164 832 1769 908; baseline 0.009 -23"><span class='ocrx_word' id='word_1_49' title='bbox 164 840 454 887; x_wconf 70' lang='lat' dir='ltr'><strong>curaverat.</strong></span> <span class='ocrx_word' id='word_1_50' title='bbox 528 832 675 890; x_wconf 80' lang='lat' dir='ltr'><strong>Tum</strong></span> <span class='ocrx_word' id='word_1_51' title='bbox 742 837 914 908; x_wconf 88' lang='lat' dir='ltr'><strong>prima</strong></span> <span class='ocrx_word' id='word_1_52' title='bbox 976 837 1069 895; x_wconf 88' lang='lat' dir='ltr'><strong>die</strong></span> <span class='ocrx_word' id='word_1_53' title='bbox 1118 840 1456 900; x_wconf 81' lang='lat' dir='ltr'><strong>celebritatis</strong></span> <span class='ocrx_word' id='word_1_54' title='bbox 1520 844 1769 901; x_wconf 88' lang='lat' dir='ltr'><strong>ludorum</strong></span> 
     </span>
    </p>
   </div>
   <div class='ocr_carea' id='block_1_8' title="bbox 164 924 1769 996">
    <p class='ocr_par' dir='ltr' id='par_1_8' title="bbox 164 924 1769 996">
     <span class='ocr_line' id='line_1_8' title="bbox 164 924 1769 996; baseline 0.012 -18"><span class='ocrx_word' id='word_1_55' title='bbox 164 924 550 996; x_wconf 75' lang='lat' dir='ltr'><strong>Olympiorum,</strong></span> <span class='ocrx_word' id='word_1_56' title='bbox 584 943 711 986; x_wconf 90' lang='lat' dir='ltr'><strong>cum</strong></span> <span class='ocrx_word' id='word_1_57' title='bbox 742 930 935 989; x_wconf 87' lang='lat' dir='ltr'><strong>civitas</strong></span> <span class='ocrx_word' id='word_1_58' title='bbox 960 934 1141 990; x_wconf 89' lang='lat' dir='ltr'><strong>omnis</strong></span> <span class='ocrx_word' id='word_1_59' title='bbox 1158 934 1227 990; x_wconf 91' lang='lat' dir='ltr'><strong>ad</strong></span> <span class='ocrx_word' id='word_1_60' title='bbox 1244 936 1557 994; x_wconf 82' lang='lat' dir='ltr'><strong>suburbana</strong></span> <span class='ocrx_word' id='word_1_61' title='bbox 1588 938 1769 996; x_wconf 79' lang='lat' dir='ltr'><strong>athle-</strong></span> 
     </span>
    </p>
   </div>
   <div class='ocr_carea' id='block_1_9' title="bbox 164 1027 1768 1105">
    <p class='ocr_par' dir='ltr' id='par_1_9' title="bbox 164 1027 1768 1105">
     <span class='ocr_line' id='line_1_9' title="bbox 164 1027 1768 1105; baseline 0.009 -29"><span class='ocrx_word' id='word_1_62' title='bbox 164 1030 235 1078; x_wconf 80' lang='lat' dir='ltr'><strong>tas</strong></span> <span class='ocrx_word' id='word_1_63' title='bbox 259 1031 579 1094; x_wconf 76' lang='lat' dir='ltr'><strong>spectatura</strong></span> <span class='ocrx_word' id='word_1_64' title='bbox 616 1027 934 1097; x_wconf 80' lang='lat' dir='ltr'><strong>transisset,</strong></span> <span class='ocrx_word' id='word_1_65' title='bbox 986 1030 1039 1085; x_wconf 93' lang='lat' dir='ltr'><strong>in</strong></span> <span class='ocrx_word' id='word_1_66' title='bbox 1067 1031 1352 1088; x_wconf 87' lang='lat' dir='ltr'><strong>ecclesiam</strong></span> <span class='ocrx_word' id='word_1_67' title='bbox 1394 1033 1627 1105; x_wconf 83' lang='lat' dir='ltr'><strong>irrupit;</strong></span> <span class='ocrx_word' id='word_1_68' title='bbox 1662 1034 1768 1092; x_wconf 88' lang='lat' dir='ltr'><strong>ibi-</strong></span> 
     </span>
    </p>
   </div>
   <div class='ocr_carea' id='block_1_10' title="bbox 161 1118 1767 1200">
    <p class='ocr_par' dir='ltr' id='par_1_10' title="bbox 161 1118 1767 1200">
     <span class='ocr_line' id='line_1_10' title="bbox 161 1118 1767 1200; baseline 0.009 -30"><span class='ocrx_word' id='word_1_69' title='bbox 161 1132 253 1187; x_wconf 84' lang='lat' dir='ltr'><strong>que</strong></span> <span class='ocrx_word' id='word_1_70' title='bbox 278 1132 401 1173; x_wconf 90' lang='lat' dir='ltr'><strong>cum</strong></span> <span class='ocrx_word' id='word_1_71' title='bbox 443 1118 685 1190; x_wconf 75' lang='lat' dir='ltr'><strong>Atracio,</strong></span> <span class='ocrx_word' id='word_1_72' title='bbox 727 1121 1031 1180; x_wconf 85' lang='lat' dir='ltr'><strong>Severiano</strong></span> <span class='ocrx_word' id='word_1_73' title='bbox 1066 1132 1124 1181; x_wconf 90' lang='lat' dir='ltr'><strong>et</strong></span> <span class='ocrx_word' id='word_1_74' title='bbox 1160 1123 1434 1183; x_wconf 79' lang='lat' dir='ltr'><strong>Antiocho</strong></span> <span class='ocrx_word' id='word_1_75' title='bbox 1470 1127 1767 1200; x_wconf 83' lang='lat' dir='ltr'><strong>episcopis,</strong></span> 
     </span>
    </p>
   </div>
   <div class='ocr_carea' id='block_1_11' title="bbox 160 1212 1765 1288">
    <p class='ocr_par' dir='ltr' id='par_1_11' title="bbox 160 1212 1765 1288">
     <span class='ocr_line' id='line_1_11' title="bbox 160 1212 1765 1288; baseline 0.007 -25"><span class='ocrx_word' id='word_1_76' title='bbox 160 1224 281 1281; x_wconf 79' lang='lat' dir='ltr'><strong>quos</strong></span> <span class='ocrx_word' id='word_1_77' title='bbox 305 1212 450 1283; x_wconf 89' lang='lat' dir='ltr'><strong>apud</strong></span> <span class='ocrx_word' id='word_1_78' title='bbox 488 1228 554 1269; x_wconf 89' lang='lat' dir='ltr'><strong>se</strong></span> <span class='ocrx_word' id='word_1_79' title='bbox 588 1214 974 1284; x_wconf 76' lang='lat' dir='ltr'><strong>absconderat,</strong></span> <span class='ocrx_word' id='word_1_80' title='bbox 1009 1231 1072 1274; x_wconf 89' lang='lat' dir='ltr'><strong>ac</strong></span> <span class='ocrx_word' id='word_1_81' title='bbox 1104 1219 1292 1288; x_wconf 82' lang='lat' dir='ltr'><strong>paucis</strong></span> <span class='ocrx_word' id='word_1_82' title='bbox 1318 1218 1539 1276; x_wconf 84' lang='lat' dir='ltr'><strong>clericis</strong></span> <span class='ocrx_word' id='word_1_83' title='bbox 1572 1238 1592 1272; x_wconf 72' lang='grc' dir='ltr'><strong><em>ε</em></strong></span> <span class='ocrx_word' id='word_1_84' title='bbox 1626 1220 1765 1275; x_wconf 87' lang='lat' dir='ltr'><strong>clam</strong></span> 
     </span>
    </p>
   </div>
   <div class='ocr_carea' id='block_1_12' title="bbox 159 1305 1765 1381">
    <p class='ocr_par' dir='ltr' id='par_1_12' title="bbox 159 1305 1765 1381">
     <span class='ocr_line' id='line_1_12' title="bbox 159 1305 1765 1381; baseline 0.006 -22"><span class='ocrx_word' id='word_1_85' title='bbox 159 1305 425 1363; x_wconf 87' lang='lat' dir='ltr'><strong>ordinatus</strong></span> <span class='ocrx_word' id='word_1_86' title='bbox 457 1319 545 1364; x_wconf 83' lang='lat' dir='ltr'><strong>est</strong></span> <span class='ocrx_word' id='word_1_87' title='bbox 569 1309 777 1365; x_wconf 75' lang='lat' dir='ltr'><strong>clausis</strong></span> <span class='ocrx_word' id='word_1_88' title='bbox 802 1310 1010 1381; x_wconf 85' lang='lat' dir='ltr'><strong>junnis,</strong></span> <span class='ocrx_word' id='word_1_89' title='bbox 1044 1323 1100 1370; x_wconf 92' lang='lat' dir='ltr'><strong>et</strong></span> <span class='ocrx_word' id='word_1_90' title='bbox 1132 1322 1279 1369; x_wconf 80' lang='lat' dir='ltr'><strong>tanta</strong></span> <span class='ocrx_word' id='word_1_91' title='bbox 1310 1329 1433 1369; x_wconf 89' lang='lat' dir='ltr'><strong>cum</strong></span> <span class='ocrx_word' id='word_1_92' title='bbox 1462 1312 1765 1370; x_wconf 79' lang='lat' dir='ltr'><strong>festinatio-</strong></span> 
     </span>
    </p>
   </div>
   <div class='ocr_carea' id='block_1_13' title="bbox 158 1402 1762 1479">
    <p class='ocr_par' dir='ltr' id='par_1_13' title="bbox 158 1402 1762 1479">
     <span class='ocr_line' id='line_1_13' title="bbox 158 1402 1762 1479; baseline 0.005 -27"><span class='ocrx_word' id='word_1_93' title='bbox 158 1412 231 1464; x_wconf 88' lang='lat' dir='ltr'><strong>ne,</strong></span> <span class='ocrx_word' id='word_1_94' title='bbox 261 1410 311 1451; x_wconf 83' lang='grc' dir='ltr'><strong>ιιι</strong></span> <span class='ocrx_word' id='word_1_95' title='bbox 342 1402 812 1479; x_wconf 26' lang='lat' dir='ltr'><strong>ne‘precationem</strong></span> <span class='ocrx_word' id='word_1_96' title='bbox 845 1402 1062 1474; x_wconf 89' lang='lat' dir='ltr'><strong>quidem</strong></span> <span class='ocrx_word' id='word_1_97' title='bbox 1092 1404 1160 1461; x_wconf 82' lang='lat' dir='ltr'><strong>ad</strong></span> <span class='ocrx_word' id='word_1_98' title='bbox 1190 1404 1354 1463; x_wconf 85' lang='lat' dir='ltr'><strong>linem</strong></span> <span class='ocrx_word' id='word_1_99' title='bbox 1389 1405 1762 1478; x_wconf 83' lang='lat' dir='ltr'><strong>perduxerint,</strong></span> 
     </span>
    </p>
   </div>
   <div class='ocr_carea' id='block_1_14' title="bbox 158 1490 1222 1567">
    <p class='ocr_par' dir='ltr' id='par_1_14' title="bbox 158 1490 1222 1567">
     <span class='ocr_line' id='line_1_14' title="bbox 158 1490 1222 1567; baseline 0.008 -22"><span class='ocrx_word' id='word_1_100' title='bbox 158 1503 452 1549; x_wconf 76' lang='lat' dir='ltr'><strong>metuentes</strong></span> <span class='ocrx_word' id='word_1_101' title='bbox 480 1508 559 1552; x_wconf 88' lang='lat' dir='ltr'><strong>ne</strong></span> <span class='ocrx_word' id='word_1_102' title='bbox 598 1490 1166 1567; x_wconf 82' lang='lat' dir='ltr'><strong>deprehenderentur.</strong></span> <span class='ocrx_word' id='word_1_103' title='bbox 1202 1517 1222 1553; x_wconf 74' lang='grc' dir='ltr'><strong>ι</strong></span> 
     </span>
    </p>
   </div>
   <div class='ocr_carea' id='block_1_15' title="bbox 219 1588 1767 1663">
    <p class='ocr_par' dir='ltr' id='par_1_15' title="bbox 219 1588 1767 1663">
     <span class='ocr_line' id='line_1_15' title="bbox 219 1588 1767 1663; baseline 0.008 -22"><span class='ocrx_word' id='word_1_104' title='bbox 219 1588 297 1642; x_wconf 87' lang='lat' dir='ltr'><strong>l7.</strong></span> <span class='ocrx_word' id='word_1_105' title='bbox 340 1590 499 1644; x_wconf 75' lang='lat' dir='ltr'><strong>Anno</strong></span> <span class='ocrx_word' id='word_1_106' title='bbox 528 1590 643 1648; x_wconf 69' lang='grc'><strong>405</strong></span> <span class='ocrx_word' id='word_1_107' title='bbox 688 1594 797 1663; x_wconf 78' lang='lat' dir='ltr'><strong>iam</strong></span> <span class='ocrx_word' id='word_1_108' title='bbox 844 1591 1067 1659; x_wconf 81' lang='lat' dir='ltr'><strong>labente,</strong></span> <span class='ocrx_word' id='word_1_109' title='bbox 1101 1594 1439 1651; x_wconf 74' lang='lat' dir='ltr'><strong>Innocentius</strong></span> <span class='ocrx_word' id='word_1_110' title='bbox 1468 1597 1537 1651; x_wconf 79' lang='lat' dir='ltr'><strong>ad</strong></span> <span class='ocrx_word' id='word_1_111' title='bbox 1582 1596 1767 1653; x_wconf 86' lang='lat' dir='ltr'><strong>Hono-</strong></span> 
     </span>
    </p>
   </div>
   <div class='ocr_carea' id='block_1_16' title="bbox 156 1681 1765 1750">
    <p class='ocr_par' dir='ltr' id='par_1_16' title="bbox 156 1681 1765 1750">
     <span class='ocr_line' id='line_1_16' title="bbox 156 1681 1765 1750; baseline 0.009 -16"><span class='ocrx_word' id='word_1_112' title='bbox 156 1681 272 1735; x_wconf 80' lang='lat' dir='ltr'><strong>riunt</strong></span> <span class='ocrx_word' id='word_1_113' title='bbox 309 1682 494 1738; x_wconf 76' lang='lat' dir='ltr'><strong>scribit</strong></span> <span class='ocrx_word' id='word_1_114' title='bbox 528 1683 603 1739; x_wconf 80' lang='lat' dir='ltr'><strong>de</strong></span> <span class='ocrx_word' id='word_1_115' title='bbox 630 1685 818 1741; x_wconf 80' lang='lat' dir='ltr'><strong>ntimo</strong></span> <span class='ocrx_word' id='word_1_116' title='bbox 847 1685 1205 1744; x_wconf 81' lang='lat' dir='ltr'><strong>Ecclesiarum</strong></span> <span class='ocrx_word' id='word_1_117' title='bbox 1234 1702 1393 1746; x_wconf 84' lang='lat' dir='ltr'><strong>statu.</strong></span> <span class='ocrx_word' id='word_1_118' title='bbox 1427 1721 1499 1732; x_wconf 88' lang='lat'><strong>——</strong></span> <span class='ocrx_word' id='word_1_119' title='bbox 1520 1691 1765 1750; x_wconf 85' lang='lat' dir='ltr'><strong>Subinde</strong></span> 
     </span>
    </p>
   </div>
   <div class='ocr_carea' id='block_1_17' title="bbox 1870 464 3479 546">
    <p class='ocr_par' dir='ltr' id='par_1_17' title="bbox 1870 464 3479 546">
     <span class='ocr_line' id='line_1_17' title="bbox 1870 464 3479 546; baseline 0.009 -28"><span class='ocrx_word' id='word_1_120' title='bbox 1870 464 2194 537; x_wconf 79' lang='lat' dir='ltr'><strong>Cythegium</strong></span> <span class='ocrx_word' id='word_1_121' title='bbox 2222 475 2279 522; x_wconf 87' lang='lat' dir='ltr'><strong>et</strong></span> <span class='ocrx_word' id='word_1_122' title='bbox 2299 466 2665 545; x_wconf 84' lang='lat' dir='ltr'><strong>Gaudentium</strong></span> <span class='ocrx_word' id='word_1_123' title='bbox 2708 470 2837 526; x_wconf 86' lang='lat' dir='ltr'><strong>item</strong></span> <span class='ocrx_word' id='word_1_124' title='bbox 2868 473 3159 546; x_wconf 85' lang='lat' dir='ltr'><strong>episcopos</strong></span> <span class='ocrx_word' id='word_1_125' title='bbox 3180 517 3194 543; x_wconf 94' lang='lat'><strong>,</strong></span> <span class='ocrx_word' id='word_1_126' title='bbox 3220 492 3326 532; x_wconf 83' lang='lat' dir='ltr'><strong>una</strong></span> <span class='ocrx_word' id='word_1_127' title='bbox 3355 493 3479 534; x_wconf 90' lang='lat' dir='ltr'><strong>cum</strong></span> 
     </span>
    </p>
   </div>
   <div class='ocr_carea' id='block_1_18' title="bbox 1873 548 3480 640">
    <p class='ocr_par' dir='ltr' id='par_1_18' title="bbox 1873 548 3480 640">
     <span class='ocr_line' id='line_1_18' title="bbox 1873 548 3480 640; baseline 0.011 -29"><span class='ocrx_word' id='word_1_128' title='bbox 1873 556 2257 617; x_wconf 73' lang='lat' dir='ltr'><strong>Valentiniano</strong></span> <span class='ocrx_word' id='word_1_129' title='bbox 2306 572 2362 619; x_wconf 89' lang='lat' dir='ltr'><strong>et</strong></span> <span class='ocrx_word' id='word_1_130' title='bbox 2390 548 2675 621; x_wconf 83' lang='lat' dir='ltr'><strong>Bonifacio</strong></span> <span class='ocrx_word' id='word_1_131' title='bbox 2720 566 3057 640; x_wconf 84' lang='lat' dir='ltr'><strong>presbyteris</strong></span> <span class='ocrx_word' id='word_1_132' title='bbox 3080 610 3096 634; x_wconf 93' lang='lat'><strong>,</strong></span> <span class='ocrx_word' id='word_1_133' title='bbox 3130 585 3343 627; x_wconf 88' lang='lat' dir='ltr'><strong>necnon</strong></span> <span class='ocrx_word' id='word_1_134' title='bbox 3370 588 3480 628; x_wconf 91' lang='lat' dir='ltr'><strong>uno</strong></span> 
     </span>
    </p>
   </div>
   <div class='ocr_carea' id='block_1_19' title="bbox 1874 652 3483 735">
    <p class='ocr_par' dir='ltr' id='par_1_19' title="bbox 1874 652 3483 735">
     <span class='ocr_line' id='line_1_19' title="bbox 1874 652 3483 735; baseline 0.012 -29"><span class='ocrx_word' id='word_1_135' title='bbox 1874 652 2133 710; x_wconf 73' lang='lat' dir='ltr'><strong>ltomanzc</strong></span> <span class='ocrx_word' id='word_1_136' title='bbox 2162 655 2425 713; x_wconf 53' lang='lat' dir='ltr'><strong>Ecclesia!</strong></span> <span class='ocrx_word' id='word_1_137' title='bbox 2456 659 2686 716; x_wconf 89' lang='lat' dir='ltr'><strong>diacono</strong></span> <span class='ocrx_word' id='word_1_138' title='bbox 2715 662 2871 733; x_wconf 82' lang='lat' dir='ltr'><strong>cujus</strong></span> <span class='ocrx_word' id='word_1_139' title='bbox 2900 679 3102 723; x_wconf 84' lang='lat' dir='ltr'><strong>nomen</strong></span> <span class='ocrx_word' id='word_1_140' title='bbox 3133 665 3358 735; x_wconf 88' lang='lat' dir='ltr'><strong>siletur;</strong></span> <span class='ocrx_word' id='word_1_141' title='bbox 3384 667 3483 725; x_wconf 88' lang='lat' dir='ltr'><strong>sed</strong></span> 
     </span>
    </p>
   </div>
   <div class='ocr_carea' id='block_1_20' title="bbox 1868 747 3480 833">
    <p class='ocr_par' dir='ltr' id='par_1_20' title="bbox 1868 747 3480 833">
     <span class='ocr_line' id='line_1_20' title="bbox 1868 747 3480 833; baseline 0.011 -31"><span class='ocrx_word' id='word_1_142' title='bbox 1868 754 1925 802; x_wconf 90' lang='lat' dir='ltr'><strong>et</strong></span> <span class='ocrx_word' id='word_1_143' title='bbox 1954 747 2247 819; x_wconf 85' lang='lat' dir='ltr'><strong>epistolam</strong></span> <span class='ocrx_word' id='word_1_144' title='bbox 2283 752 2420 825; x_wconf 86' lang='lat' dir='ltr'><strong>ipsis</strong></span> <span class='ocrx_word' id='word_1_145' title='bbox 2451 752 2676 811; x_wconf 82' lang='lat' dir='ltr'><strong>tradidit</strong></span> <span class='ocrx_word' id='word_1_146' title='bbox 2703 756 2773 813; x_wconf 88' lang='lat' dir='ltr'><strong>ad</strong></span> <span class='ocrx_word' id='word_1_147' title='bbox 2805 756 3100 817; x_wconf 84' lang='lat' dir='ltr'><strong>Arcadium</strong></span> <span class='ocrx_word' id='word_1_148' title='bbox 3130 760 3264 832; x_wconf 87' lang='lat' dir='ltr'><strong>imp.</strong></span> <span class='ocrx_word' id='word_1_149' title='bbox 3294 763 3480 833; x_wconf 74' lang='lat' dir='ltr'><strong>perfe-</strong></span> 
     </span>
    </p>
   </div>
   <div class='ocr_carea' id='block_1_21' title="bbox 1872 840 3480 925">
    <p class='ocr_par' dir='ltr' id='par_1_21' title="bbox 1872 840 3480 925">
     <span class='ocr_line' id='line_1_21' title="bbox 1872 840 3480 925; baseline 0.011 -30"><span class='ocrx_word' id='word_1_150' title='bbox 1872 840 2122 903; x_wconf 82' lang='lat' dir='ltr'><strong>rendam.</strong></span> <span class='ocrx_word' id='word_1_151' title='bbox 2152 842 2325 901; x_wconf 89' lang='lat' dir='ltr'><strong>Simul</strong></span> <span class='ocrx_word' id='word_1_152' title='bbox 2354 856 2687 919; x_wconf 82' lang='lat' dir='ltr'><strong>acceperunt</strong></span> <span class='ocrx_word' id='word_1_153' title='bbox 2718 849 2883 907; x_wconf 91' lang='lat' dir='ltr'><strong>iidem</strong></span> <span class='ocrx_word' id='word_1_154' title='bbox 2909 852 3071 925; x_wconf 88' lang='lat' dir='ltr'><strong>legati</strong></span> <span class='ocrx_word' id='word_1_155' title='bbox 3099 868 3224 910; x_wconf 87' lang='lat' dir='ltr'><strong>cum</strong></span> <span class='ocrx_word' id='word_1_156' title='bbox 3248 855 3480 912; x_wconf 82' lang='lat' dir='ltr'><strong>Honorii</strong></span> 
     </span>
    </p>
   </div>
   <div class='ocr_carea' id='block_1_22' title="bbox 1871 936 3481 1016">
    <p class='ocr_par' dir='ltr' id='par_1_22' title="bbox 1871 936 3481 1016">
     <span class='ocr_line' id='line_1_22' title="bbox 1871 936 3481 1016; baseline 0.011 -26"><span class='ocrx_word' id='word_1_157' title='bbox 1871 936 2159 1006; x_wconf 86' lang='lat' dir='ltr'><strong>epistolam</strong></span> <span class='ocrx_word' id='word_1_158' title='bbox 2188 954 2351 1013; x_wconf 85' lang='lat' dir='ltr'><strong>quam</strong></span> <span class='ocrx_word' id='word_1_159' title='bbox 2384 940 2689 1000; x_wconf 89' lang='lat' dir='ltr'><strong>etiamnum</strong></span> <span class='ocrx_word' id='word_1_160' title='bbox 2718 944 3008 1016; x_wconf 87' lang='lat' dir='ltr'><strong>habemus,</strong></span> <span class='ocrx_word' id='word_1_161' title='bbox 3032 956 3147 1004; x_wconf 89' lang='lat' dir='ltr'><strong>tum</strong></span> <span class='ocrx_word' id='word_1_162' title='bbox 3180 947 3481 1007; x_wconf 88' lang='lat' dir='ltr'><strong>Chromatii</strong></span> 
     </span>
    </p>
   </div>
   <div class='ocr_carea' id='block_1_23' title="bbox 1870 1028 3482 1115">
    <p class='ocr_par' dir='ltr' id='par_1_23' title="bbox 1870 1028 3482 1115">
     <span class='ocr_line' id='line_1_23' title="bbox 1870 1028 3482 1115; baseline 0.009 -29"><span class='ocrx_word' id='word_1_163' title='bbox 1870 1028 2282 1101; x_wconf 85' lang='lat' dir='ltr'><strong>Aquileiensis,</strong></span> <span class='ocrx_word' id='word_1_164' title='bbox 2348 1034 2571 1103; x_wconf 79' lang='lat' dir='ltr'><strong>Venerii</strong></span> <span class='ocrx_word' id='word_1_165' title='bbox 2619 1037 3087 1109; x_wconf 85' lang='lat' dir='ltr'><strong>Mediolanensis,</strong></span> <span class='ocrx_word' id='word_1_166' title='bbox 3137 1042 3482 1115; x_wconf 86' lang='lat' dir='ltr'><strong>aliorumque</strong></span> 
     </span>
    </p>
   </div>
   <div class='ocr_carea' id='block_1_24' title="bbox 1867 1120 3477 1206">
    <p class='ocr_par' dir='ltr' id='par_1_24' title="bbox 1867 1120 3477 1206">
     <span class='ocr_line' id='line_1_24' title="bbox 1867 1120 3477 1206; baseline 0.009 -28"><span class='ocrx_word' id='word_1_167' title='bbox 1867 1120 2039 1181; x_wconf 78' lang='lat' dir='ltr'><strong>italia:</strong></span> <span class='ocrx_word' id='word_1_168' title='bbox 2082 1126 2467 1200; x_wconf 84' lang='lat' dir='ltr'><strong>episcoporum</strong></span> <span class='ocrx_word' id='word_1_169' title='bbox 2497 1131 2563 1186; x_wconf 87' lang='lat' dir='ltr'><strong>ad</strong></span> <span class='ocrx_word' id='word_1_170' title='bbox 2596 1132 2849 1189; x_wconf 88' lang='lat' dir='ltr'><strong>eumdem</strong></span> <span class='ocrx_word' id='word_1_171' title='bbox 2898 1133 3287 1206; x_wconf 85' lang='lat' dir='ltr'><strong>imperatorem</strong></span> <span class='ocrx_word' id='word_1_172' title='bbox 3333 1138 3477 1193; x_wconf 83' lang='lat' dir='ltr'><strong>litte-</strong></span> 
     </span>
    </p>
   </div>
   <div class='ocr_carea' id='block_1_25' title="bbox 1868 1217 3481 1303">
    <p class='ocr_par' dir='ltr' id='par_1_25' title="bbox 1868 1217 3481 1303">
     <span class='ocr_line' id='line_1_25' title="bbox 1868 1217 3481 1303; baseline 0.011 -31"><span class='ocrx_word' id='word_1_173' title='bbox 1868 1230 1980 1273; x_wconf 84' lang='lat' dir='ltr'><strong>ras.</strong></span> <span class='ocrx_word' id='word_1_174' title='bbox 2010 1217 2130 1287; x_wconf 86' lang='lat' dir='ltr'><strong>Quo</strong></span> <span class='ocrx_word' id='word_1_175' title='bbox 2184 1231 2435 1293; x_wconf 89' lang='lat' dir='ltr'><strong>tentpore</strong></span> <span class='ocrx_word' id='word_1_176' title='bbox 2469 1237 2724 1296; x_wconf 84' lang='lat' dir='ltr'><strong>suscepta</strong></span> <span class='ocrx_word' id='word_1_177' title='bbox 2756 1228 2831 1282; x_wconf 82' lang='lat' dir='ltr'><strong>sit</strong></span> <span class='ocrx_word' id='word_1_178' title='bbox 2856 1228 2948 1284; x_wconf 89' lang='lat' dir='ltr'><strong>illa</strong></span> <span class='ocrx_word' id='word_1_179' title='bbox 2982 1229 3180 1302; x_wconf 78' lang='lat' dir='ltr'><strong>legatio</strong></span> <span class='ocrx_word' id='word_1_180' title='bbox 3207 1232 3481 1303; x_wconf 82' lang='lat' dir='ltr'><strong>conjicere</strong></span> 
     </span>
    </p>
   </div>
   <div class='ocr_carea' id='block_1_26' title="bbox 1870 1308 3477 1395">
    <p class='ocr_par' dir='ltr' id='par_1_26' title="bbox 1870 1308 3477 1395">
     <span class='ocr_line' id='line_1_26' title="bbox 1870 1308 3477 1395; baseline 0.014 -32"><span class='ocrx_word' id='word_1_181' title='bbox 1870 1308 1995 1366; x_wconf 89' lang='lat' dir='ltr'><strong>licet</strong></span> <span class='ocrx_word' id='word_1_182' title='bbox 2040 1328 2105 1367; x_wconf 79' lang='lat' dir='ltr'><strong>ex</strong></span> <span class='ocrx_word' id='word_1_183' title='bbox 2139 1315 2325 1371; x_wconf 81' lang='lat' dir='ltr'><strong>verbis</strong></span> <span class='ocrx_word' id='word_1_184' title='bbox 2370 1317 2708 1391; x_wconf 82' lang='lat' dir='ltr'><strong>legatorum,</strong></span> <span class='ocrx_word' id='word_1_185' title='bbox 2736 1324 2827 1395; x_wconf 89' lang='lat' dir='ltr'><strong>qui</strong></span> <span class='ocrx_word' id='word_1_186' title='bbox 2860 1323 2949 1381; x_wconf 91' lang='lat' dir='ltr'><strong>ubi</strong></span> <span class='ocrx_word' id='word_1_187' title='bbox 2980 1340 3040 1381; x_wconf 87' lang='lat' dir='ltr'><strong>se</strong></span> <span class='ocrx_word' id='word_1_188' title='bbox 3066 1324 3136 1381; x_wconf 90' lang='lat' dir='ltr'><strong>ad</strong></span> <span class='ocrx_word' id='word_1_189' title='bbox 3168 1326 3356 1381; x_wconf 83' lang='lat' dir='ltr'><strong>urbem</strong></span> <span class='ocrx_word' id='word_1_190' title='bbox 3385 1342 3477 1384; x_wconf 85' lang='lat' dir='ltr'><strong>rc-</strong></span> 
     </span>
    </p>
   </div>
   <div class='ocr_carea' id='block_1_27' title="bbox 1869 1403 3477 1489">
    <p class='ocr_par' dir='ltr' id='par_1_27' title="bbox 1869 1403 3477 1489">
     <span class='ocr_line' id='line_1_27' title="bbox 1869 1403 3477 1489; baseline 0.015 -33"><span class='ocrx_word' id='word_1_191' title='bbox 1869 1403 2011 1473; x_wconf 77' lang='lat' dir='ltr'><strong>giam</strong></span> <span class='ocrx_word' id='word_1_192' title='bbox 2044 1409 2362 1478; x_wconf 86' lang='lat' dir='ltr'><strong>appulisse,</strong></span> <span class='ocrx_word' id='word_1_193' title='bbox 2394 1413 2692 1488; x_wconf 88' lang='lat' dir='ltr'><strong>statimque</strong></span> <span class='ocrx_word' id='word_1_194' title='bbox 2731 1415 2786 1472; x_wconf 92' lang='lat' dir='ltr'><strong>in</strong></span> <span class='ocrx_word' id='word_1_195' title='bbox 2836 1419 3153 1477; x_wconf 88' lang='lat' dir='ltr'><strong>suburbano</strong></span> <span class='ocrx_word' id='word_1_196' title='bbox 3196 1421 3477 1489; x_wconf 87' lang='lat' dir='ltr'><strong>detentos,</strong></span> 
     </span>
    </p>
   </div>
   <div class='ocr_carea' id='block_1_28' title="bbox 1870 1497 3479 1575">
    <p class='ocr_par' dir='ltr' id='par_1_28' title="bbox 1870 1497 3479 1575">
     <span class='ocr_line' id='line_1_28' title="bbox 1870 1497 3479 1575; baseline 0.016 -26"><span class='ocrx_word' id='word_1_197' title='bbox 1870 1511 1934 1552; x_wconf 90' lang='lat' dir='ltr'><strong>ac</strong></span> <span class='ocrx_word' id='word_1_198' title='bbox 1968 1497 2146 1555; x_wconf 90' lang='lat' dir='ltr'><strong>triduo</strong></span> <span class='ocrx_word' id='word_1_199' title='bbox 2174 1514 2297 1574; x_wconf 89' lang='lat' dir='ltr'><strong>post</strong></span> <span class='ocrx_word' id='word_1_200' title='bbox 2323 1505 2604 1573; x_wconf 88' lang='lat' dir='ltr'><strong>dimissos,</strong></span> <span class='ocrx_word' id='word_1_201' title='bbox 2634 1510 2690 1565; x_wconf 90' lang='lat' dir='ltr'><strong>in</strong></span> <span class='ocrx_word' id='word_1_202' title='bbox 2716 1512 2995 1570; x_wconf 86' lang='lat' dir='ltr'><strong>maritimo</strong></span> <span class='ocrx_word' id='word_1_203' title='bbox 3022 1515 3276 1574; x_wconf 67' lang='lat' dir='ltr'><strong>Thraciae</strong></span> <span class='ocrx_word' id='word_1_204' title='bbox 3297 1528 3479 1575; x_wconf 90' lang='lat' dir='ltr'><strong>castro</strong></span> 
     </span>
    </p>
   </div>
   <div class='ocr_carea' id='block_1_29' title="bbox 1870 1591 3477 1681">
    <p class='ocr_par' dir='ltr' id='par_1_29' title="bbox 1870 1591 3477 1681">
     <span class='ocr_line' id='line_1_29' title="bbox 1870 1591 3477 1681; baseline 0.014 -36"><span class='ocrx_word' id='word_1_205' title='bbox 1870 1591 2160 1649; x_wconf 86' lang='lat' dir='ltr'><strong>conclusos</strong></span> <span class='ocrx_word' id='word_1_206' title='bbox 2229 1611 2354 1653; x_wconf 85' lang='lat' dir='ltr'><strong>esse</strong></span> <span class='ocrx_word' id='word_1_207' title='bbox 2428 1611 2764 1672; x_wconf 81' lang='lat' dir='ltr'><strong>narrarunt,</strong></span> <span class='ocrx_word' id='word_1_208' title='bbox 2822 1608 3069 1678; x_wconf 85' lang='lat' dir='ltr'><strong>proxime</strong></span> <span class='ocrx_word' id='word_1_209' title='bbox 3131 1610 3477 1681; x_wconf 81' lang='lat' dir='ltr'><strong>subjiciunt:</strong></span> 
     </span>
    </p>
   </div>
   <div class='ocr_carea' id='block_1_30' title="bbox 1876 1682 3477 1776">
    <p class='ocr_par' dir='ltr' id='par_1_30' title="bbox 1876 1682 3477 1776">
     <span class='ocr_line' id='line_1_30' title="bbox 1876 1682 3477 1776; baseline 0.017 -40"><span class='ocrx_word' id='word_1_210' title='bbox 1876 1700 1895 1735; x_wconf 77' lang='grc' dir='ltr'><strong>ι</strong></span> <span class='ocrx_word' id='word_1_211' title='bbox 1933 1682 2211 1747; x_wconf 87' lang='lat' dir='ltr'><strong>Postridie</strong></span> <span class='ocrx_word' id='word_1_212' title='bbox 2256 1691 2526 1749; x_wconf 88' lang='lat' dir='ltr'><strong>miserunt</strong></span> <span class='ocrx_word' id='word_1_213' title='bbox 2555 1695 2623 1752; x_wconf 87' lang='lat' dir='ltr'><strong>ad</strong></span> <span class='ocrx_word' id='word_1_214' title='bbox 2654 1713 2774 1766; x_wconf 84' lang='lat' dir='ltr'><strong>nos,</strong></span> <span class='ocrx_word' id='word_1_215' title='bbox 2809 1715 2875 1755; x_wconf 90' lang='lat' dir='ltr'><strong>an</strong></span> <span class='ocrx_word' id='word_1_216' title='bbox 2908 1702 3072 1759; x_wconf 89' lang='lat' dir='ltr'><strong>aulici</strong></span> <span class='ocrx_word' id='word_1_217' title='bbox 3104 1702 3477 1776; x_wconf 80' lang='lat' dir='ltr'><strong>imperatoris.</strong></span> 
     </span>
    </p>
   </div>
   <div class='ocr_carea' id='block_1_31' title="bbox 155 1774 3480 1859">
    <p class='ocr_par' dir='ltr' id='par_1_31' title="bbox 155 1774 3480 1859">
     <span class='ocr_line' id='line_1_31' title="bbox 155 1774 3480 1859; baseline 0.007 -27"><span class='ocrx_word' id='word_1_218' title='bbox 155 1774 483 1834; x_wconf 85' lang='lat' dir='ltr'><strong>Domitianus</strong></span> <span class='ocrx_word' id='word_1_219' title='bbox 534 1780 829 1855; x_wconf 85' lang='lat' dir='ltr'><strong>presbyter</strong></span> <span class='ocrx_word' id='word_1_220' title='bbox 868 1790 924 1838; x_wconf 89' lang='lat' dir='ltr'><strong>et</strong></span> <span class='ocrx_word' id='word_1_221' title='bbox 965 1797 1289 1840; x_wconf 70' lang='lat' dir='ltr'><strong>mcunomus</strong></span> <span class='ocrx_word' id='word_1_222' title='bbox 1331 1786 1582 1845; x_wconf 68' lang='lat' dir='ltr'><strong>ecclesiae</strong></span> <span class='ocrx_word' id='word_1_223' title='bbox 1621 1786 1767 1842; x_wconf 83' lang='lat' dir='ltr'><strong>Con-</strong></span> <span class='ocrx_word' id='word_1_224' title='bbox 1797 1776 1844 1839; x_wconf 84' lang='grc' dir='ltr'><strong>Β</strong></span> <span class='ocrx_word' id='word_1_225' title='bbox 1872 1790 1939 1829; x_wconf 74' lang='lat' dir='ltr'><strong>an</strong></span> <span class='ocrx_word' id='word_1_226' title='bbox 1973 1778 2211 1847; x_wconf 82' lang='lat' dir='ltr'><strong>Atticus,</strong></span> <span class='ocrx_word' id='word_1_227' title='bbox 2245 1783 2522 1843; x_wconf 86' lang='lat' dir='ltr'><strong>nescimus</strong></span> <span class='ocrx_word' id='word_1_228' title='bbox 2553 1787 2694 1859; x_wconf 91' lang='lat' dir='ltr'><strong>(ipse</strong></span> <span class='ocrx_word' id='word_1_229' title='bbox 2724 1791 2869 1847; x_wconf 88' lang='lat' dir='ltr'><strong>enim</strong></span> <span class='ocrx_word' id='word_1_230' title='bbox 2901 1774 3198 1852; x_wconf 78' lang='lat' dir='ltr'><strong>dicebatur</strong></span> <span class='ocrx_word' id='word_1_231' title='bbox 3215 1796 3480 1855; x_wconf 82' lang='lat' dir='ltr'><strong>Ecclesia:</strong></span> 
     </span>
    </p>
   </div>
   <div class='ocr_carea' id='block_1_32' title="bbox 152 1864 1767 1957">
    <p class='ocr_par' dir='ltr' id='par_1_32' title="bbox 152 1864 1767 1957">
     <span class='ocr_line' id='line_1_32' title="bbox 152 1864 1767 1957; baseline 0.006 -28"><span class='ocrx_word' id='word_1_232' title='bbox 152 1876 492 1948; x_wconf 72' lang='lat' dir='ltr'><strong>stantinopol.</strong></span> <span class='ocrx_word' id='word_1_233' title='bbox 504 1920 520 1945; x_wconf 92' lang='lat'><strong>,</strong></span> <span class='ocrx_word' id='word_1_234' title='bbox 545 1878 1020 1953; x_wconf 83' lang='lat' dir='ltr'><strong>necnonVallagas</strong></span> <span class='ocrx_word' id='word_1_235' title='bbox 1038 1879 1333 1939; x_wconf 85' lang='lat' dir='ltr'><strong>Nisibenus</strong></span> <span class='ocrx_word' id='word_1_236' title='bbox 1349 1882 1654 1957; x_wconf 80' lang='lat' dir='ltr'><strong>presbyter,</strong></span> <span class='ocrx_word' id='word_1_237' title='bbox 1670 1864 1767 1955; x_wconf 70' lang='lat' dir='ltr'><strong>quI</strong></span> 
     </span>
    </p>
   </div>
   <div class='ocr_carea' id='block_1_33' title="bbox 126 1971 1767 2046">
    <p class='ocr_par' dir='ltr' id='par_1_33' title="bbox 126 1971 1767 2046">
     <span class='ocr_line' id='line_1_33' title="bbox 126 1971 1767 2046; baseline 0.004 -19"><span class='ocrx_word' id='word_1_238' title='bbox 126 1978 197 2027; x_wconf 67' lang='grc' dir='ltr'>ιρι</span> <span class='ocrx_word' id='word_1_239' title='bbox 228 1971 705 2029; x_wconf 85' lang='lat' dir='ltr'><strong>monasteriorum</strong></span> <span class='ocrx_word' id='word_1_240' title='bbox 736 1973 1143 2046; x_wconf 72' lang='lat' dir='ltr'><strong>Mesopotamizc</strong></span> <span class='ocrx_word' id='word_1_241' title='bbox 1188 1976 1542 2035; x_wconf 82' lang='lat' dir='ltr'><strong>aiﬂictionem</strong></span> <span class='ocrx_word' id='word_1_242' title='bbox 1576 1993 1767 2033; x_wconf 83' lang='lat' dir='ltr'><strong>narra-</strong></span> 
     </span>
    </p>
   </div>
   <div class='ocr_carea' id='block_1_34' title="bbox 150 2062 1763 2143">
    <p class='ocr_par' dir='ltr' id='par_1_34' title="bbox 150 2062 1763 2143">
     <span class='ocr_line' id='line_1_34' title="bbox 150 2062 1763 2143; baseline 0.007 -26"><span class='ocrx_word' id='word_1_243' title='bbox 150 2062 249 2129; x_wconf 84' lang='lat' dir='ltr'><strong>bat,</strong></span> <span class='ocrx_word' id='word_1_244' title='bbox 277 2076 397 2122; x_wconf 85' lang='lat' dir='ltr'><strong>acta</strong></span> <span class='ocrx_word' id='word_1_245' title='bbox 425 2065 661 2122; x_wconf 87' lang='lat' dir='ltr'><strong>tradunt</strong></span> <span class='ocrx_word' id='word_1_246' title='bbox 678 2067 1003 2126; x_wconf 82' lang='lat' dir='ltr'><strong>Innocentio</strong></span> <span class='ocrx_word' id='word_1_247' title='bbox 1039 2070 1222 2141; x_wconf 84' lang='lat' dir='ltr'><strong>()ptati</strong></span> <span class='ocrx_word' id='word_1_248' title='bbox 1263 2071 1531 2141; x_wconf 75' lang='lat' dir='ltr'><strong>prmiecti,</strong></span> <span class='ocrx_word' id='word_1_249' title='bbox 1565 2071 1763 2143; x_wconf 81' lang='lat' dir='ltr'><strong>quibus</strong></span> 
     </span>
    </p>
   </div>
   <div class='ocr_carea' id='block_1_35' title="bbox 150 2158 1765 2239">
    <p class='ocr_par' dir='ltr' id='par_1_35' title="bbox 150 2158 1765 2239">
     <span class='ocr_line' id='line_1_35' title="bbox 150 2158 1765 2239; baseline 0.006 -26"><span class='ocrx_word' id='word_1_250' title='bbox 150 2158 375 2217; x_wconf 77' lang='lat' dir='ltr'><strong>honesta:</strong></span> <span class='ocrx_word' id='word_1_251' title='bbox 420 2163 696 2222; x_wconf 87' lang='lat' dir='ltr'><strong>mulieres</strong></span> <span class='ocrx_word' id='word_1_252' title='bbox 723 2164 974 2221; x_wconf 78' lang='lat' dir='ltr'><strong>ecclesia:</strong></span> <span class='ocrx_word' id='word_1_253' title='bbox 1002 2163 1113 2221; x_wconf 73' lang='grc' dir='ltr'><strong>(ΣΡ.</strong></span> <span class='ocrx_word' id='word_1_254' title='bbox 1144 2165 1471 2223; x_wconf 74' lang='lat' dir='ltr'><strong>diaconisste</strong></span> <span class='ocrx_word' id='word_1_255' title='bbox 1500 2182 1531 2223; x_wconf 91' lang='lat' dir='ltr'><strong>c</strong></span> <span class='ocrx_word' id='word_1_256' title='bbox 1557 2182 1765 2239; x_wconf 85' lang='lat' dir='ltr'><strong>genere</strong></span> 
     </span>
    </p>
   </div>
   <div class='ocr_carea' id='block_1_36' title="bbox 146 2255 1754 2333">
    <p class='ocr_par' dir='ltr' id='par_1_36' title="bbox 146 2255 1754 2333">
     <span class='ocr_line' id='line_1_36' title="bbox 146 2255 1754 2333; baseline 0.004 -22"><span class='ocrx_word' id='word_1_257' title='bbox 146 2255 414 2313; x_wconf 80' lang='lat' dir='ltr'><strong>consulum</strong></span> <span class='ocrx_word' id='word_1_258' title='bbox 448 2256 520 2312; x_wconf 87' lang='lat' dir='ltr'><strong>ad</strong></span> <span class='ocrx_word' id='word_1_259' title='bbox 552 2272 680 2314; x_wconf 89' lang='lat' dir='ltr'><strong>eum</strong></span> <span class='ocrx_word' id='word_1_260' title='bbox 704 2258 913 2317; x_wconf 90' lang='lat' dir='ltr'><strong>ducere</strong></span> <span class='ocrx_word' id='word_1_261' title='bbox 933 2260 1302 2333; x_wconf 71' lang='lat' dir='ltr'><strong>cogebantur,</strong></span> <span class='ocrx_word' id='word_1_262' title='bbox 1331 2271 1426 2317; x_wconf 91' lang='lat' dir='ltr'><strong>aut</strong></span> <span class='ocrx_word' id='word_1_263' title='bbox 1451 2263 1754 2319; x_wconf 81' lang='lat' dir='ltr'><strong>communi-</strong></span> 
     </span>
    </p>
   </div>
   <div class='ocr_carea' id='block_1_37' title="bbox 146 2352 1799 2430">
    <p class='ocr_par' dir='ltr' id='par_1_37' title="bbox 146 2352 1799 2430">
     <span class='ocr_line' id='line_1_37' title="bbox 146 2352 1799 2430; baseline 0.004 -24"><span class='ocrx_word' id='word_1_264' title='bbox 146 2364 258 2407; x_wconf 79' lang='lat' dir='ltr'><strong>care</strong></span> <span class='ocrx_word' id='word_1_265' title='bbox 283 2368 407 2408; x_wconf 88' lang='lat' dir='ltr'><strong>cum</strong></span> <span class='ocrx_word' id='word_1_266' title='bbox 444 2352 685 2410; x_wconf 75' lang='lat' dir='ltr'><strong>Arsacio</strong></span> <span class='ocrx_word' id='word_1_267' title='bbox 725 2355 779 2409; x_wconf 90' lang='lat' dir='ltr'><strong>in</strong></span> <span class='ocrx_word' id='word_1_268' title='bbox 824 2355 1003 2411; x_wconf 83' lang='lat' dir='ltr'><strong>locum</strong></span> <span class='ocrx_word' id='word_1_269' title='bbox 1044 2354 1273 2412; x_wconf 87' lang='lat' dir='ltr'><strong>Joannis</strong></span> <span class='ocrx_word' id='word_1_270' title='bbox 1313 2356 1637 2430; x_wconf 87' lang='lat' dir='ltr'><strong>subrogato,</strong></span> <span class='ocrx_word' id='word_1_271' title='bbox 1669 2366 1763 2413; x_wconf 89' lang='lat' dir='ltr'><strong>aut</strong></span> <span class='ocrx_word' id='word_1_272' title='bbox 1798 2424 1799 2427; x_wconf 22' lang='grc' dir='ltr'><strong>η</strong></span> 
     </span>
    </p>
   </div>
   <div class='ocr_carea' id='block_1_38' title="bbox 150 2442 1759 2523">
    <p class='ocr_par' dir='ltr' id='par_1_38' title="bbox 150 2442 1759 2523">
     <span class='ocr_line' id='line_1_38' title="bbox 150 2442 1759 2523; baseline 0.003 -23"><span class='ocrx_word' id='word_1_273' title='bbox 150 2442 271 2501; x_wconf 76' lang='lat' dir='ltr'><strong>ﬁsco</strong></span> <span class='ocrx_word' id='word_1_274' title='bbox 309 2445 587 2504; x_wconf 86' lang='lat' dir='ltr'><strong>ducentas</strong></span> <span class='ocrx_word' id='word_1_275' title='bbox 616 2447 734 2504; x_wconf 87' lang='lat' dir='ltr'><strong>auri</strong></span> <span class='ocrx_word' id='word_1_276' title='bbox 768 2448 937 2504; x_wconf 88' lang='lat' dir='ltr'><strong>libras</strong></span> <span class='ocrx_word' id='word_1_277' title='bbox 989 2447 1124 2505; x_wconf 88' lang='lat' dir='ltr'><strong>dare</strong></span> <span class='ocrx_word' id='word_1_278' title='bbox 1163 2447 1409 2520; x_wconf 80' lang='lat' dir='ltr'><strong>(Pallad.</strong></span> <span class='ocrx_word' id='word_1_279' title='bbox 1461 2467 1586 2522; x_wconf 77' lang='lat' dir='ltr'><strong>pag.</strong></span> <span class='ocrx_word' id='word_1_280' title='bbox 1618 2450 1691 2506; x_wconf 74' lang='lat'><strong>28</strong></span> <span class='ocrx_word' id='word_1_281' title='bbox 1713 2448 1759 2523; x_wconf 87' lang='lat'><strong>).</strong></span> 
     </span>
    </p>
   </div>
   <div class='ocr_carea' id='block_1_39' title="bbox 148 2536 1759 2615">
    <p class='ocr_par' dir='ltr' id='par_1_39' title="bbox 148 2536 1759 2615">
     <span class='ocr_line' id='line_1_39' title="bbox 148 2536 1759 2615; baseline 0.003 -21"><span class='ocrx_word' id='word_1_282' title='bbox 148 2536 266 2594; x_wconf 83' lang='lat' dir='ltr'><strong>Tum</strong></span> <span class='ocrx_word' id='word_1_283' title='bbox 299 2540 682 2606; x_wconf 80' lang='lat' dir='ltr'><strong>Innocentius,</strong></span> <span class='ocrx_word' id='word_1_284' title='bbox 707 2550 785 2597; x_wconf 91' lang='lat' dir='ltr'><strong>tot</strong></span> <span class='ocrx_word' id='word_1_285' title='bbox 816 2557 880 2599; x_wconf 90' lang='lat' dir='ltr'><strong>ac</strong></span> <span class='ocrx_word' id='word_1_286' title='bbox 908 2550 1057 2598; x_wconf 89' lang='lat' dir='ltr'><strong>tanta</strong></span> <span class='ocrx_word' id='word_1_287' title='bbox 1082 2542 1357 2599; x_wconf 88' lang='lat' dir='ltr'><strong>sustinere</strong></span> <span class='ocrx_word' id='word_1_288' title='bbox 1386 2542 1621 2615; x_wconf 84' lang='lat' dir='ltr'><strong>amplius</strong></span> <span class='ocrx_word' id='word_1_289' title='bbox 1652 2558 1759 2599; x_wconf 91' lang='lat' dir='ltr'><strong>non</strong></span> 
     </span>
    </p>
   </div>
   <div class='ocr_carea' id='block_1_40' title="bbox 149 2634 1759 2712">
    <p class='ocr_par' dir='ltr' id='par_1_40' title="bbox 149 2634 1759 2712">
     <span class='ocr_line' id='line_1_40' title="bbox 149 2634 1759 2712; baseline 0.005 -23"><span class='ocrx_word' id='word_1_290' title='bbox 149 2634 316 2691; x_wconf 81' lang='lat' dir='ltr'><strong>valens</strong></span> <span class='ocrx_word' id='word_1_291' title='bbox 360 2637 534 2705; x_wconf 85' lang='lat' dir='ltr'><strong>mala,</strong></span> <span class='ocrx_word' id='word_1_292' title='bbox 580 2638 869 2708; x_wconf 86' lang='lat' dir='ltr'><strong>epistolam</strong></span> <span class='ocrx_word' id='word_1_293' title='bbox 916 2639 983 2696; x_wconf 87' lang='lat' dir='ltr'><strong>ad</strong></span> <span class='ocrx_word' id='word_1_294' title='bbox 1026 2639 1329 2697; x_wconf 86' lang='lat' dir='ltr'><strong>Honorium</strong></span> <span class='ocrx_word' id='word_1_295' title='bbox 1371 2640 1759 2712; x_wconf 86' lang='lat' dir='ltr'><strong>imperatorem</strong></span> 
     </span>
    </p>
   </div>
   <div class='ocr_carea' id='block_1_41' title="bbox 148 2718 1761 2808">
    <p class='ocr_par' dir='ltr' id='par_1_41' title="bbox 148 2718 1761 2808">
     <span class='ocr_line' id='line_1_41' title="bbox 148 2718 1761 2808; baseline 0.006 -23"><span class='ocrx_word' id='word_1_296' title='bbox 148 2729 369 2800; x_wconf 78' lang='lat' dir='ltr'><strong>scripsit,</strong></span> <span class='ocrx_word' id='word_1_297' title='bbox 399 2732 455 2787; x_wconf 91' lang='lat' dir='ltr'><strong>in</strong></span> <span class='ocrx_word' id='word_1_298' title='bbox 483 2718 595 2801; x_wconf 85' lang='lat' dir='ltr'><strong>qua</strong></span> <span class='ocrx_word' id='word_1_299' title='bbox 622 2733 942 2806; x_wconf 79' lang='lat' dir='ltr'><strong>singillatim</strong></span> <span class='ocrx_word' id='word_1_300' title='bbox 974 2730 1105 2806; x_wconf 87' lang='lat' dir='ltr'><strong>quid</strong></span> <span class='ocrx_word' id='word_1_301' title='bbox 1137 2735 1344 2792; x_wconf 78' lang='lat' dir='ltr'><strong>ferrent</strong></span> <span class='ocrx_word' id='word_1_302' title='bbox 1370 2734 1591 2803; x_wconf 68' lang='lat' dir='ltr'><strong>littera,</strong></span> <span class='ocrx_word' id='word_1_303' title='bbox 1622 2752 1761 2808; x_wconf 87' lang='lat' dir='ltr'><strong>quas</strong></span> 
     </span>
    </p>
   </div>
   <div class='ocr_carea' id='block_1_42' title="bbox 150 2819 1761 2900">
    <p class='ocr_par' dir='ltr' id='par_1_42' title="bbox 150 2819 1761 2900">
     <span class='ocr_line' id='line_1_42' title="bbox 150 2819 1761 2900; baseline 0.005 -21"><span class='ocrx_word' id='word_1_304' title='bbox 150 2819 211 2879; x_wconf 85' lang='lat' dir='ltr'><strong>de</strong></span> <span class='ocrx_word' id='word_1_305' title='bbox 234 2825 481 2881; x_wconf 69' lang='lat' dir='ltr'><strong>ecclesiae</strong></span> <span class='ocrx_word' id='word_1_306' title='bbox 523 2824 636 2884; x_wconf 69' lang='grc' dir='ltr'><strong>(ΖΡ.</strong></span> <span class='ocrx_word' id='word_1_307' title='bbox 680 2828 1027 2900; x_wconf 85' lang='lat' dir='ltr'><strong>aliarumque</strong></span> <span class='ocrx_word' id='word_1_308' title='bbox 1058 2832 1261 2887; x_wconf 89' lang='lat' dir='ltr'><strong>misero</strong></span> <span class='ocrx_word' id='word_1_309' title='bbox 1290 2839 1436 2887; x_wconf 88' lang='lat' dir='ltr'><strong>statu</strong></span> <span class='ocrx_word' id='word_1_310' title='bbox 1466 2845 1494 2886; x_wconf 88' lang='lat' dir='ltr'><strong>a</strong></span> <span class='ocrx_word' id='word_1_311' title='bbox 1526 2830 1761 2889; x_wconf 83' lang='lat' dir='ltr'><strong>diversis</strong></span> 
     </span>
    </p>
   </div>
   <div class='ocr_carea' id='block_1_43' title="bbox 150 2922 1079 2995">
    <p class='ocr_par' dir='ltr' id='par_1_43' title="bbox 150 2922 1079 2995">
     <span class='ocr_line' id='line_1_43' title="bbox 150 2922 1079 2995; baseline 0.012 -22"><span class='ocrx_word' id='word_1_312' title='bbox 150 2930 452 2993; x_wconf 79' lang='lat' dir='ltr'><strong>acceperat,</strong></span> <span class='ocrx_word' id='word_1_313' title='bbox 483 2922 769 2995; x_wconf 78' lang='lat' dir='ltr'><strong>exposuit.</strong></span> <span class='ocrx_word' id='word_1_314' title='bbox 1076 2982 1079 2985; x_wconf 84' lang='lat'><strong>.</strong></span> 
     </span>
    </p>
   </div>
   <div class='ocr_carea' id='block_1_44' title="bbox 214 3013 1760 3094">
    <p class='ocr_par' dir='ltr' id='par_1_44' title="bbox 214 3013 1760 3094">
     <span class='ocr_line' id='line_1_44' title="bbox 214 3013 1760 3094; baseline 0.005 -25"><span class='ocrx_word' id='word_1_315' title='bbox 214 3013 293 3071; x_wconf 74' lang='lat'><strong>18.</strong></span> <span class='ocrx_word' id='word_1_316' title='bbox 333 3014 507 3072; x_wconf 76' lang='lat' dir='ltr'><strong>Paulo</strong></span> <span class='ocrx_word' id='word_1_317' title='bbox 556 3027 674 3090; x_wconf 82' lang='lat' dir='ltr'><strong>post</strong></span> <span class='ocrx_word' id='word_1_318' title='bbox 724 3018 958 3091; x_wconf 79' lang='lat' dir='ltr'><strong>synodus</strong></span> <span class='ocrx_word' id='word_1_319' title='bbox 1003 3020 1372 3093; x_wconf 80' lang='lat' dir='ltr'><strong>episcoporum</strong></span> <span class='ocrx_word' id='word_1_320' title='bbox 1404 3018 1581 3077; x_wconf 67' lang='lat' dir='ltr'><strong>Italia</strong></span> <span class='ocrx_word' id='word_1_321' title='bbox 1613 3021 1760 3094; x_wconf 80' lang='lat' dir='ltr'><strong>cogi-</strong></span> 
     </span>
    </p>
   </div>
   <div class='ocr_carea' id='block_1_45' title="bbox 151 3109 1756 3171">
    <p class='ocr_par' dir='ltr' id='par_1_45' title="bbox 151 3109 1756 3171">
     <span class='ocr_line' id='line_1_45' title="bbox 151 3109 1756 3171; baseline 0.009 -13"><span class='ocrx_word' id='word_1_322' title='bbox 151 3109 640 3167; x_wconf 76' lang='lat' dir='ltr'><strong>tur.—-llunoritts</strong></span> <span class='ocrx_word' id='word_1_323' title='bbox 701 3126 834 3169; x_wconf 90' lang='lat' dir='ltr'><strong>vero</strong></span> <span class='ocrx_word' id='word_1_324' title='bbox 885 3111 1073 3169; x_wconf 84' lang='lat' dir='ltr'><strong>statim</strong></span> <span class='ocrx_word' id='word_1_325' title='bbox 1122 3122 1183 3170; x_wconf 92' lang='lat' dir='ltr'><strong>ut</strong></span> <span class='ocrx_word' id='word_1_326' title='bbox 1247 3112 1389 3170; x_wconf 87' lang='lat' dir='ltr'><strong>banc</strong></span> <span class='ocrx_word' id='word_1_327' title='bbox 1450 3112 1756 3171; x_wconf 83' lang='lat' dir='ltr'><strong>Innocentii</strong></span> 
     </span>
    </p>
   </div>
   <div class='ocr_carea' id='block_1_46' title="bbox 1874 1873 3478 1956">
    <p class='ocr_par' dir='ltr' id='par_1_46' title="bbox 1874 1873 3478 1956">
     <span class='ocr_line' id='line_1_46' title="bbox 1874 1873 3478 1956; baseline 0.015 -30"><span class='ocrx_word' id='word_1_328' title='bbox 1874 1873 2131 1932; x_wconf 87' lang='lat' dir='ltr'><strong>thronum</strong></span> <span class='ocrx_word' id='word_1_329' title='bbox 2184 1876 2527 1954; x_wconf 84' lang='lat' dir='ltr'><strong>invasisse),</strong></span> <span class='ocrx_word' id='word_1_330' title='bbox 2583 1885 2679 1956; x_wconf 88' lang='lat' dir='ltr'><strong>qui</strong></span> <span class='ocrx_word' id='word_1_331' title='bbox 2726 1886 2883 1944; x_wconf 89' lang='lat' dir='ltr'><strong>nobis</strong></span> <span class='ocrx_word' id='word_1_332' title='bbox 2936 1889 3036 1945; x_wconf 86' lang='lat' dir='ltr'><strong>tria</strong></span> <span class='ocrx_word' id='word_1_333' title='bbox 3090 1893 3478 1950; x_wconf 87' lang='lat' dir='ltr'><strong>numismatum</strong></span> 
     </span>
    </p>
   </div>
   <div class='ocr_carea' id='block_1_47' title="bbox 1870 1969 3477 2046">
    <p class='ocr_par' dir='ltr' id='par_1_47' title="bbox 1870 1969 3477 2046">
     <span class='ocr_line' id='line_1_47' title="bbox 1870 1969 3477 2046; baseline 0.014 -21"><span class='ocrx_word' id='word_1_334' title='bbox 1870 1969 2041 2025; x_wconf 86' lang='lat' dir='ltr'><strong>millia</strong></span> <span class='ocrx_word' id='word_1_335' title='bbox 2084 1972 2410 2043; x_wconf 90' lang='lat' dir='ltr'><strong>tradebant,</strong></span> <span class='ocrx_word' id='word_1_336' title='bbox 2454 1988 2677 2036; x_wconf 88' lang='lat' dir='ltr'><strong>orantes</strong></span> <span class='ocrx_word' id='word_1_337' title='bbox 2714 1991 2774 2036; x_wconf 91' lang='lat' dir='ltr'><strong>ut</strong></span> <span class='ocrx_word' id='word_1_338' title='bbox 2814 1984 2995 2040; x_wconf 77' lang='lat' dir='ltr'><strong>Attico</strong></span> <span class='ocrx_word' id='word_1_339' title='bbox 3035 1986 3477 2046; x_wconf 85' lang='lat' dir='ltr'><strong>communicare-</strong></span> 
     </span>
    </p>
   </div>
   <div class='ocr_carea' id='block_1_48' title="bbox 1871 2066 3479 2156">
    <p class='ocr_par' dir='ltr' id='par_1_48' title="bbox 1871 2066 3479 2156">
     <span class='ocr_line' id='line_1_48' title="bbox 1871 2066 3479 2156; baseline 0.014 -38"><span class='ocrx_word' id='word_1_340' title='bbox 1871 2079 2010 2121; x_wconf 87' lang='lat' dir='ltr'><strong>Inus.</strong></span> <span class='ocrx_word' id='word_1_341' title='bbox 2042 2086 2065 2119; x_wconf 70' lang='grc' dir='ltr'><em>θ</em></span> <span class='ocrx_word' id='word_1_342' title='bbox 2096 2066 2217 2123; x_wconf 81' lang='lat' dir='ltr'><strong>Jam</strong></span> <span class='ocrx_word' id='word_1_343' title='bbox 2246 2069 2416 2141; x_wconf 79' lang='lat' dir='ltr'><strong>igitur</strong></span> <span class='ocrx_word' id='word_1_344' title='bbox 2454 2071 2745 2131; x_wconf 78' lang='lat' dir='ltr'><strong>defunctus</strong></span> <span class='ocrx_word' id='word_1_345' title='bbox 2791 2088 2911 2134; x_wconf 87' lang='lat' dir='ltr'><strong>erat</strong></span> <span class='ocrx_word' id='word_1_346' title='bbox 2950 2077 3244 2150; x_wconf 81' lang='lat' dir='ltr'><strong>Arsacius,</strong></span> <span class='ocrx_word' id='word_1_347' title='bbox 3275 2093 3332 2140; x_wconf 89' lang='lat' dir='ltr'><strong>et</strong></span> <span class='ocrx_word' id='word_1_348' title='bbox 3358 2085 3479 2156; x_wconf 84' lang='lat' dir='ltr'><strong>ejus</strong></span> 
     </span>
    </p>
   </div>
   <div class='ocr_carea' id='block_1_49' title="bbox 1870 2155 3479 2247">
    <p class='ocr_par' dir='ltr' id='par_1_49' title="bbox 1870 2155 3479 2247">
     <span class='ocr_line' id='line_1_49' title="bbox 1870 2155 3479 2247; baseline 0.013 -35"><span class='ocrx_word' id='word_1_349' title='bbox 1870 2155 1993 2215; x_wconf 87' lang='lat' dir='ltr'><strong>loco</strong></span> <span class='ocrx_word' id='word_1_350' title='bbox 2057 2159 2275 2218; x_wconf 81' lang='lat' dir='ltr'><strong>Atticus</strong></span> <span class='ocrx_word' id='word_1_351' title='bbox 2320 2163 2584 2224; x_wconf 83' lang='lat' dir='ltr'><strong>suifccms</strong></span> <span class='ocrx_word' id='word_1_352' title='bbox 2634 2166 2845 2236; x_wconf 79' lang='lat' dir='ltr'><strong>fuerat;</strong></span> <span class='ocrx_word' id='word_1_353' title='bbox 2886 2171 3047 2244; x_wconf 88' lang='lat' dir='ltr'><strong>idque</strong></span> <span class='ocrx_word' id='word_1_354' title='bbox 3081 2172 3250 2247; x_wconf 80' lang='lat' dir='ltr'><strong>legati</strong></span> <span class='ocrx_word' id='word_1_355' title='bbox 3296 2155 3479 2233; x_wconf 82' lang='lat' dir='ltr'><strong>citatis</strong></span> 
     </span>
    </p>
   </div>
   <div class='ocr_carea' id='block_1_50' title="bbox 1869 2253 3476 2343">
    <p class='ocr_par' dir='ltr' id='par_1_50' title="bbox 1869 2253 3476 2343">
     <span class='ocr_line' id='line_1_50' title="bbox 1869 2253 3476 2343; baseline 0.014 -38"><span class='ocrx_word' id='word_1_356' title='bbox 1869 2253 2056 2311; x_wconf 79' lang='lat' dir='ltr'><strong>verbis</strong></span> <span class='ocrx_word' id='word_1_357' title='bbox 2078 2255 2313 2319; x_wconf 87' lang='lat' dir='ltr'><strong>iunuuut</strong></span> <span class='ocrx_word' id='word_1_358' title='bbox 2338 2269 2466 2316; x_wconf 91' lang='lat' dir='ltr'><strong>tunc</strong></span> <span class='ocrx_word' id='word_1_359' title='bbox 2494 2263 2733 2335; x_wconf 90' lang='lat' dir='ltr'><strong>primum</strong></span> <span class='ocrx_word' id='word_1_360' title='bbox 2761 2266 2953 2322; x_wconf 88' lang='lat' dir='ltr'><strong>audire</strong></span> <span class='ocrx_word' id='word_1_361' title='bbox 2981 2283 3042 2324; x_wconf 89' lang='lat' dir='ltr'><strong>se</strong></span> <span class='ocrx_word' id='word_1_362' title='bbox 3070 2270 3327 2343; x_wconf 72' lang='lat' dir='ltr'><strong>cmpisse,</strong></span> <span class='ocrx_word' id='word_1_363' title='bbox 3353 2288 3476 2328; x_wconf 90' lang='lat' dir='ltr'><strong>cum</strong></span> 
     </span>
    </p>
   </div>
   <div class='ocr_carea' id='block_1_51' title="bbox 1866 2348 3476 2433">
    <p class='ocr_par' dir='ltr' id='par_1_51' title="bbox 1866 2348 3476 2433">
     <span class='ocr_line' id='line_1_51' title="bbox 1866 2348 3476 2433; baseline 0.012 -32"><span class='ocrx_word' id='word_1_364' title='bbox 1866 2348 1933 2402; x_wconf 88' lang='lat' dir='ltr'><strong>ad</strong></span> <span class='ocrx_word' id='word_1_365' title='bbox 1980 2351 2172 2407; x_wconf 81' lang='lat' dir='ltr'><strong>urbem</strong></span> <span class='ocrx_word' id='word_1_366' title='bbox 2225 2352 2429 2425; x_wconf 83' lang='lat' dir='ltr'><strong>regiam</strong></span> <span class='ocrx_word' id='word_1_367' title='bbox 2478 2358 2858 2415; x_wconf 72' lang='lat' dir='ltr'><strong>accessierunt.</strong></span> <span class='ocrx_word' id='word_1_368' title='bbox 2909 2362 3073 2433; x_wconf 80' lang='lat' dir='ltr'><strong>Atqui</strong></span> <span class='ocrx_word' id='word_1_369' title='bbox 3106 2362 3391 2421; x_wconf 80' lang='lat' dir='ltr'><strong>Arsacium</strong></span> <span class='ocrx_word' id='word_1_370' title='bbox 3420 2382 3476 2421; x_wconf 92' lang='grc' dir='ltr'><strong>ιιι</strong></span> 
     </span>
    </p>
   </div>
   <div class='ocr_carea' id='block_1_52' title="bbox 1866 2443 3481 2518">
    <p class='ocr_par' dir='ltr' id='par_1_52' title="bbox 1866 2443 3481 2518">
     <span class='ocr_line' id='line_1_52' title="bbox 1866 2443 3481 2518; baseline 0.012 -19"><span class='ocrx_word' id='word_1_371' title='bbox 1866 2443 1995 2501; x_wconf 88' lang='lat' dir='ltr'><strong>ldus</strong></span> <span class='ocrx_word' id='word_1_372' title='bbox 2022 2446 2365 2516; x_wconf 83' lang='lat' dir='ltr'><strong>Novembris,</strong></span> <span class='ocrx_word' id='word_1_373' title='bbox 2394 2449 2699 2511; x_wconf 82' lang='lat' dir='ltr'><strong>Stilichone</strong></span> <span class='ocrx_word' id='word_1_374' title='bbox 2720 2456 2917 2513; x_wconf 81' lang='lat' dir='ltr'><strong>iterum</strong></span> <span class='ocrx_word' id='word_1_375' title='bbox 2948 2467 3001 2515; x_wconf 88' lang='lat' dir='ltr'><strong>et</strong></span> <span class='ocrx_word' id='word_1_376' title='bbox 3032 2456 3327 2517; x_wconf 84' lang='lat' dir='ltr'><strong>Anthemio</strong></span> <span class='ocrx_word' id='word_1_377' title='bbox 3342 2477 3481 2518; x_wconf 82' lang='lat' dir='ltr'><strong>con-</strong></span> 
     </span>
    </p>
   </div>
   <div class='ocr_carea' id='block_1_53' title="bbox 1865 2541 3484 2622">
    <p class='ocr_par' dir='ltr' id='par_1_53' title="bbox 1865 2541 3484 2622">
     <span class='ocr_line' id='line_1_53' title="bbox 1865 2541 3484 2622; baseline 0.009 -25"><span class='ocrx_word' id='word_1_378' title='bbox 1865 2541 2101 2612; x_wconf 87' lang='lat' dir='ltr'><strong>sulibns,</strong></span> <span class='ocrx_word' id='word_1_379' title='bbox 2137 2543 2242 2599; x_wconf 85' lang='lat' dir='ltr'><strong>hoc</strong></span> <span class='ocrx_word' id='word_1_380' title='bbox 2268 2556 2352 2601; x_wconf 84' lang='lat' dir='ltr'><strong>est</strong></span> <span class='ocrx_word' id='word_1_381' title='bbox 2382 2546 2706 2605; x_wconf 84' lang='lat' dir='ltr'><strong>Novembris</strong></span> <span class='ocrx_word' id='word_1_382' title='bbox 2743 2552 2801 2607; x_wconf 85' lang='lat' dir='ltr'><strong>li</strong></span> <span class='ocrx_word' id='word_1_383' title='bbox 2836 2551 2926 2608; x_wconf 72' lang='lat' dir='ltr'><strong>die</strong></span> <span class='ocrx_word' id='word_1_384' title='bbox 2952 2594 2966 2615; x_wconf 92' lang='lat'><strong>,</strong></span> <span class='ocrx_word' id='word_1_385' title='bbox 2998 2569 3144 2611; x_wconf 90' lang='lat' dir='ltr'><strong>anno</strong></span> <span class='ocrx_word' id='word_1_386' title='bbox 3170 2553 3304 2622; x_wconf 69' lang='grc'><strong>405,</strong></span> <span class='ocrx_word' id='word_1_387' title='bbox 3336 2571 3484 2611; x_wconf 88' lang='lat' dir='ltr'><strong>mor-</strong></span> 
     </span>
    </p>
   </div>
   <div class='ocr_carea' id='block_1_54' title="bbox 1864 2635 3479 2716">
    <p class='ocr_par' dir='ltr' id='par_1_54' title="bbox 1864 2635 3479 2716">
     <span class='ocr_line' id='line_1_54' title="bbox 1864 2635 3479 2716; baseline 0.012 -29"><span class='ocrx_word' id='word_1_388' title='bbox 1864 2642 1974 2690; x_wconf 88' lang='lat' dir='ltr'><strong>tem</strong></span> <span class='ocrx_word' id='word_1_389' title='bbox 2004 2635 2330 2706; x_wconf 88' lang='lat' dir='ltr'><strong>oppetiisse,</strong></span> <span class='ocrx_word' id='word_1_390' title='bbox 2358 2637 2640 2710; x_wconf 84' lang='lat' dir='ltr'><strong>Socrates,</strong></span> <span class='ocrx_word' id='word_1_391' title='bbox 2666 2643 2762 2699; x_wconf 89' lang='lat' dir='ltr'><strong>lib.</strong></span> <span class='ocrx_word' id='word_1_392' title='bbox 2788 2660 2865 2709; x_wconf 87' lang='lat' dir='ltr'><strong>vt,</strong></span> <span class='ocrx_word' id='word_1_393' title='bbox 2893 2660 2944 2702; x_wconf 91' lang='lat' dir='ltr'><strong>c.</strong></span> <span class='ocrx_word' id='word_1_394' title='bbox 2969 2645 3063 2716; x_wconf 73' lang='grc'><strong>20,</strong></span> <span class='ocrx_word' id='word_1_395' title='bbox 3093 2658 3298 2704; x_wconf 90' lang='lat' dir='ltr'><strong>narrat.</strong></span> <span class='ocrx_word' id='word_1_396' title='bbox 3332 2635 3479 2706; x_wconf 84' lang='lat' dir='ltr'><strong>idem</strong></span> 
     </span>
    </p>
   </div>
   <div class='ocr_carea' id='block_1_55' title="bbox 1864 2727 3486 2814">
    <p class='ocr_par' dir='ltr' id='par_1_55' title="bbox 1864 2727 3486 2814">
     <span class='ocr_line' id='line_1_55' title="bbox 1864 2727 3486 2814; baseline 0.008 -29"><span class='ocrx_word' id='word_1_397' title='bbox 1864 2735 1923 2785; x_wconf 87' lang='lat' dir='ltr'><strong>et</strong></span> <span class='ocrx_word' id='word_1_398' title='bbox 1950 2727 2195 2785; x_wconf 83' lang='lat' dir='ltr'><strong>Atticum</strong></span> <span class='ocrx_word' id='word_1_399' title='bbox 2230 2731 2469 2789; x_wconf 86' lang='lat' dir='ltr'><strong>Arcadio</strong></span> <span class='ocrx_word' id='word_1_400' title='bbox 2506 2750 2558 2789; x_wconf 68' lang='grc' dir='ltr'>γι</span> <span class='ocrx_word' id='word_1_401' title='bbox 2588 2746 2643 2791; x_wconf 89' lang='lat' dir='ltr'><strong>et</strong></span> <span class='ocrx_word' id='word_1_402' title='bbox 2688 2735 2866 2794; x_wconf 64' lang='lat' dir='ltr'><strong>Probo</strong></span> <span class='ocrx_word' id='word_1_403' title='bbox 2898 2740 3244 2805; x_wconf 86' lang='lat' dir='ltr'><strong>consulibus,</strong></span> <span class='ocrx_word' id='word_1_404' title='bbox 3276 2752 3332 2798; x_wconf 89' lang='lat' dir='ltr'><strong>et</strong></span> <span class='ocrx_word' id='word_1_405' title='bbox 3360 2741 3486 2814; x_wconf 86' lang='lat' dir='ltr'><strong>qui-</strong></span> 
     </span>
    </p>
   </div>
   <div class='ocr_carea' id='block_1_56' title="bbox 1862 2822 3481 2904">
    <p class='ocr_par' dir='ltr' id='par_1_56' title="bbox 1862 2822 3481 2904">
     <span class='ocr_line' id='line_1_56' title="bbox 1862 2822 3481 2904; baseline 0.01 -27"><span class='ocrx_word' id='word_1_406' title='bbox 1862 2822 1988 2878; x_wconf 91' lang='lat' dir='ltr'><strong>dem</strong></span> <span class='ocrx_word' id='word_1_407' title='bbox 2016 2865 2032 2889; x_wconf 93' lang='lat'><strong>,</strong></span> <span class='ocrx_word' id='word_1_408' title='bbox 2061 2833 2120 2881; x_wconf 94' lang='lat' dir='ltr'><strong>ut</strong></span> <span class='ocrx_word' id='word_1_409' title='bbox 2167 2824 2547 2895; x_wconf 79' lang='lat' dir='ltr'><strong>Soznmeuus,</strong></span> <span class='ocrx_word' id='word_1_410' title='bbox 2582 2830 2675 2886; x_wconf 89' lang='lat' dir='ltr'><strong>lib.</strong></span> <span class='ocrx_word' id='word_1_411' title='bbox 2712 2846 2804 2887; x_wconf 84' lang='lat' dir='ltr'><strong>\‘lll</strong></span> <span class='ocrx_word' id='word_1_412' title='bbox 2834 2872 2849 2898; x_wconf 92' lang='lat'><strong>,</strong></span> <span class='ocrx_word' id='word_1_413' title='bbox 2882 2846 2933 2889; x_wconf 91' lang='lat' dir='ltr'><strong>c.</strong></span> <span class='ocrx_word' id='word_1_414' title='bbox 2965 2833 3037 2889; x_wconf 76' lang='lat'><strong>27</strong></span> <span class='ocrx_word' id='word_1_415' title='bbox 3062 2876 3077 2900; x_wconf 88' lang='lat'><strong>,</strong></span> <span class='ocrx_word' id='word_1_416' title='bbox 3112 2835 3323 2904; x_wconf 78' lang='lat' dir='ltr'><strong>tradit,</strong></span> <span class='ocrx_word' id='word_1_417' title='bbox 3356 2852 3481 2893; x_wconf 90' lang='lat' dir='ltr'><strong>cum</strong></span> 
     </span>
    </p>
   </div>
   <div class='ocr_carea' id='block_1_57' title="bbox 1865 2915 3478 2996">
    <p class='ocr_par' dir='ltr' id='par_1_57' title="bbox 1865 2915 3478 2996">
     <span class='ocr_line' id='line_1_57' title="bbox 1865 2915 3478 2996; baseline 0.007 -25"><span class='ocrx_word' id='word_1_418' title='bbox 1865 2915 2483 2991; x_wconf 88' lang='lat' dir='ltr'><strong>Constantinopolitaua</strong></span> <span class='ocrx_word' id='word_1_419' title='bbox 2514 2923 2675 2978; x_wconf 90' lang='lat' dir='ltr'><strong>sedes</strong></span> <span class='ocrx_word' id='word_1_420' title='bbox 2702 2933 2934 2996; x_wconf 83' lang='lat' dir='ltr'><strong>quatuor</strong></span> <span class='ocrx_word' id='word_1_421' title='bbox 2958 2941 3178 2983; x_wconf 88' lang='lat' dir='ltr'><strong>menses</strong></span> <span class='ocrx_word' id='word_1_422' title='bbox 3200 2939 3478 2995; x_wconf 76' lang='lat' dir='ltr'><strong>vacasset,</strong></span> 
     </span>
    </p>
   </div>
   <div class='ocr_carea' id='block_1_58' title="bbox 1861 3007 3477 3093">
    <p class='ocr_par' dir='ltr' id='par_1_58' title="bbox 1861 3007 3477 3093">
     <span class='ocr_line' id='line_1_58' title="bbox 1861 3007 3477 3093; baseline 0.01 -31"><span class='ocrx_word' id='word_1_423' title='bbox 1861 3007 2110 3081; x_wconf 89' lang='lat' dir='ltr'><strong>adeoque</strong></span> <span class='ocrx_word' id='word_1_424' title='bbox 2141 3027 2333 3070; x_wconf 90' lang='lat' dir='ltr'><strong>mense</strong></span> <span class='ocrx_word' id='word_1_425' title='bbox 2353 3012 2547 3070; x_wconf 82' lang='lat' dir='ltr'><strong>Martio</strong></span> <span class='ocrx_word' id='word_1_426' title='bbox 2576 3017 2705 3071; x_wconf 89' lang='lat' dir='ltr'><strong>anni</strong></span> <span class='ocrx_word' id='word_1_427' title='bbox 2735 3016 2842 3073; x_wconf 68' lang='grc'><strong>406</strong></span> <span class='ocrx_word' id='word_1_428' title='bbox 2863 3018 3093 3074; x_wconf 81' lang='lat' dir='ltr'><strong>Arsacio</strong></span> <span class='ocrx_word' id='word_1_429' title='bbox 3122 3019 3477 3093; x_wconf 87' lang='lat' dir='ltr'><strong>subrogatum</strong></span> 
     </span>
    </p>
   </div>
   <div class='ocr_carea' id='block_1_59' title="bbox 1862 3099 3483 3188">
    <p class='ocr_par' dir='ltr' id='par_1_59' title="bbox 1862 3099 3483 3188">
     <span class='ocr_line' id='line_1_59' title="bbox 1862 3099 3483 3188; baseline 0.009 -31"><span class='ocrx_word' id='word_1_430' title='bbox 1862 3099 2054 3171; x_wconf 78' lang='lat' dir='ltr'><strong>fuisse,</strong></span> <span class='ocrx_word' id='word_1_431' title='bbox 2088 3104 2290 3163; x_wconf 84' lang='lat' dir='ltr'><strong>ibidem</strong></span> <span class='ocrx_word' id='word_1_432' title='bbox 2342 3117 2597 3163; x_wconf 80' lang='lat' dir='ltr'><strong>testatur.</strong></span> <span class='ocrx_word' id='word_1_433' title='bbox 2635 3109 2713 3165; x_wconf 77' lang='lat' dir='ltr'><strong>Ex</strong></span> <span class='ocrx_word' id='word_1_434' title='bbox 2747 3124 2856 3182; x_wconf 88' lang='lat' dir='ltr'><strong>quo</strong></span> <span class='ocrx_word' id='word_1_435' title='bbox 2886 3112 3165 3183; x_wconf 90' lang='lat' dir='ltr'><strong>sequitur,</strong></span> <span class='ocrx_word' id='word_1_436' title='bbox 3195 3120 3257 3168; x_wconf 86' lang='lat' dir='ltr'><strong>ut</strong></span> <span class='ocrx_word' id='word_1_437' title='bbox 3281 3123 3337 3170; x_wconf 92' lang='lat' dir='ltr'><strong>et</strong></span> <span class='ocrx_word' id='word_1_438' title='bbox 3365 3117 3483 3188; x_wconf 49' lang='lat' dir='ltr'><strong>cpi;</strong></span> 
     </span>
    </p>
   </div>
   <div class='ocr_carea' id='block_1_60' title="bbox 86 3184 3481 3281">
    <p class='ocr_par' dir='ltr' id='par_1_60' title="bbox 86 3184 3481 3281">
     <span class='ocr_line' id='line_1_60' title="bbox 86 3184 3481 3281; baseline 0.01 -48"><span class='ocrx_word' id='word_1_439' title='bbox 86 3250 91 3259; x_wconf 31' lang='lat'><strong>.</strong></span> <span class='ocrx_word' id='word_1_440' title='bbox 156 3200 424 3271; x_wconf 49' lang='lat' dir='ltr'><strong>epistulam</strong></span> <span class='ocrx_word' id='word_1_441' title='bbox 452 3205 698 3276; x_wconf 47' lang='lat' dir='ltr'><strong>accep“,</strong></span> <span class='ocrx_word' id='word_1_442' title='bbox 734 3213 791 3260; x_wconf 72' lang='grc' dir='ltr'><strong>,η</strong></span> <span class='ocrx_word' id='word_1_443' title='bbox 821 3204 1046 3262; x_wconf 58' lang='lat' dir='ltr'><strong>papam;</strong></span> <span class='ocrx_word' id='word_1_444' title='bbox 1074 3207 1258 3264; x_wconf 61' lang='lat' dir='ltr'><strong>verbis</strong></span> <span class='ocrx_word' id='word_1_445' title='bbox 1292 3217 1415 3263; x_wconf 65' lang='grc' dir='ltr'>ιηειη</span> <span class='ocrx_word' id='word_1_446' title='bbox 1439 3205 1587 3281; x_wconf 54' lang='grc' dir='ltr'><strong>(ραι,</strong></span> <span class='ocrx_word' id='word_1_447' title='bbox 1630 3226 1754 3281; x_wconf 56' lang='grc' dir='ltr'><strong>ρας,</strong></span> <span class='ocrx_word' id='word_1_448' title='bbox 1784 3184 1832 3246; x_wconf 89' lang='lat' dir='ltr'><strong><em>C</em></strong></span> <span class='ocrx_word' id='word_1_449' title='bbox 1864 3195 2003 3249; x_wconf 88' lang='lat' dir='ltr'><strong>stola</strong></span> <span class='ocrx_word' id='word_1_450' title='bbox 2038 3195 2365 3267; x_wconf 86' lang='lat' dir='ltr'><strong>Innocentii,</strong></span> <span class='ocrx_word' id='word_1_451' title='bbox 2394 3198 2465 3261; x_wconf 87' lang='lat' dir='ltr'><strong>de</strong></span> <span class='ocrx_word' id='word_1_452' title='bbox 2499 3217 2600 3273; x_wconf 85' lang='lat' dir='ltr'><strong>qua</strong></span> <span class='ocrx_word' id='word_1_453' title='bbox 2634 3204 2877 3275; x_wconf 83' lang='lat' dir='ltr'><strong>agimus,</strong></span> <span class='ocrx_word' id='word_1_454' title='bbox 2912 3206 3055 3261; x_wconf 85' lang='lat' dir='ltr'><strong>circa</strong></span> <span class='ocrx_word' id='word_1_455' title='bbox 3104 3207 3318 3264; x_wconf 88' lang='lat' dir='ltr'><strong>initium</strong></span> <span class='ocrx_word' id='word_1_456' title='bbox 3348 3210 3481 3267; x_wconf 88' lang='lat' dir='ltr'><strong>anni</strong></span> 
     </span>
    </p>
   </div>
   <div class='ocr_carea' id='block_1_61' title="bbox 155 3294 1757 3374">
    <p class='ocr_par' dir='ltr' id='par_1_61' title="bbox 155 3294 1757 3374">
     <span class='ocr_line' id='line_1_61' title="bbox 155 3294 1757 3374; baseline 0.001 -19"><span class='ocrx_word' id='word_1_457' title='bbox 155 3294 255 3365; x_wconf 67' lang='lat'><strong>39).</strong></span> <span class='ocrx_word' id='word_1_458' title='bbox 276 3316 295 3349; x_wconf 82' lang='lat' dir='ltr'><strong>t</strong></span> <span class='ocrx_word' id='word_1_459' title='bbox 313 3297 755 3356; x_wconf 77' lang='lat' dir='ltr'><strong>Occidentalium</strong></span> <span class='ocrx_word' id='word_1_460' title='bbox 768 3299 1035 3374; x_wconf 81' lang='lat' dir='ltr'><strong>synodum</strong></span> <span class='ocrx_word' id='word_1_461' title='bbox 1055 3302 1198 3373; x_wconf 88' lang='lat' dir='ltr'><strong>cogi,</strong></span> <span class='ocrx_word' id='word_1_462' title='bbox 1222 3316 1429 3372; x_wconf 89' lang='lat' dir='ltr'><strong>eosque</strong></span> <span class='ocrx_word' id='word_1_463' title='bbox 1447 3317 1568 3357; x_wconf 89' lang='lat' dir='ltr'><strong>cum</strong></span> <span class='ocrx_word' id='word_1_464' title='bbox 1595 3316 1757 3357; x_wconf 88' lang='lat' dir='ltr'><strong>unam</strong></span> 
     </span>
    </p>
   </div>
   <div class='ocr_carea' id='block_1_62' title="bbox 157 3391 1759 3467">
    <p class='ocr_par' dir='ltr' id='par_1_62' title="bbox 157 3391 1759 3467">
     <span class='ocr_line' id='line_1_62' title="bbox 157 3391 1759 3467; baseline 0.006 -24"><span class='ocrx_word' id='word_1_465' title='bbox 157 3391 295 3446; x_wconf 83' lang='lat' dir='ltr'><strong>simul</strong></span> <span class='ocrx_word' id='word_1_466' title='bbox 321 3395 660 3450; x_wconf 82' lang='lat' dir='ltr'><strong>sententiam</strong></span> <span class='ocrx_word' id='word_1_467' title='bbox 685 3393 965 3461; x_wconf 87' lang='lat' dir='ltr'><strong>tulissent,</strong></span> <span class='ocrx_word' id='word_1_468' title='bbox 994 3393 1063 3449; x_wconf 83' lang='lat' dir='ltr'><strong>ad</strong></span> <span class='ocrx_word' id='word_1_469' title='bbox 1086 3410 1240 3452; x_wconf 86' lang='lat' dir='ltr'><strong>suam</strong></span> <span class='ocrx_word' id='word_1_470' title='bbox 1260 3396 1521 3467; x_wconf 87' lang='lat' dir='ltr'><strong>pietatem</strong></span> <span class='ocrx_word' id='word_1_471' title='bbox 1551 3393 1759 3453; x_wconf 80' lang='lat' dir='ltr'><strong>referre</strong></span> 
     </span>
    </p>
   </div>
   <div class='ocr_carea' id='block_1_63' title="bbox 156 3482 1754 3566">
    <p class='ocr_par' dir='ltr' id='par_1_63' title="bbox 156 3482 1754 3566">
     <span class='ocr_line' id='line_1_63' title="bbox 156 3482 1754 3566; baseline 0.004 -27"><span class='ocrx_word' id='word_1_472' title='bbox 156 3482 311 3553; x_wconf 78' lang='lat' dir='ltr'><strong>jubet.</strong></span> <span class='ocrx_word' id='word_1_473' title='bbox 349 3506 369 3542; x_wconf 85' lang='lat' dir='ltr'><strong>t</strong></span> <span class='ocrx_word' id='word_1_474' title='bbox 403 3488 647 3566; x_wconf 74' lang='lat' dir='ltr'><strong>Moxque</strong></span> <span class='ocrx_word' id='word_1_475' title='bbox 680 3505 702 3543; x_wconf 70' lang='grc' dir='ltr'><strong>ι</strong></span> <span class='ocrx_word' id='word_1_476' title='bbox 733 3489 1179 3562; x_wconf 74' lang='lat' dir='ltr'><strong>episcOpiitalitc</strong></span> <span class='ocrx_word' id='word_1_477' title='bbox 1217 3493 1541 3562; x_wconf 72' lang='lat' dir='ltr'><strong>costgregati</strong></span> <span class='ocrx_word' id='word_1_478' title='bbox 1574 3488 1754 3561; x_wconf 85' lang='lat' dir='ltr'><strong>Impe-</strong></span> 
     </span>
    </p>
   </div>
   <div class='ocr_carea' id='block_1_64' title="bbox 161 3582 1759 3653">
    <p class='ocr_par' dir='ltr' id='par_1_64' title="bbox 161 3582 1759 3653">
     <span class='ocr_line' id='line_1_64' title="bbox 161 3582 1759 3653; baseline 0.004 -20"><span class='ocrx_word' id='word_1_479' title='bbox 161 3590 373 3637; x_wconf 81' lang='lat' dir='ltr'><strong>ratorem</strong></span> <span class='ocrx_word' id='word_1_480' title='bbox 414 3590 602 3650; x_wconf 86' lang='lat' dir='ltr'><strong>orant,</strong></span> <span class='ocrx_word' id='word_1_481' title='bbox 632 3583 842 3640; x_wconf 89' lang='lat' dir='ltr'><strong>scribat</strong></span> <span class='ocrx_word' id='word_1_482' title='bbox 867 3582 1028 3639; x_wconf 88' lang='lat' dir='ltr'><strong>iratri</strong></span> <span class='ocrx_word' id='word_1_483' title='bbox 1057 3598 1161 3639; x_wconf 88' lang='lat' dir='ltr'><strong>suo</strong></span> <span class='ocrx_word' id='word_1_484' title='bbox 1180 3593 1235 3640; x_wconf 89' lang='lat' dir='ltr'><strong>et</strong></span> <span class='ocrx_word' id='word_1_485' title='bbox 1258 3582 1509 3640; x_wconf 87' lang='lat' dir='ltr'><strong>consorti</strong></span> <span class='ocrx_word' id='word_1_486' title='bbox 1542 3582 1759 3653; x_wconf 87' lang='lat' dir='ltr'><strong>imperii</strong></span> 
     </span>
    </p>
   </div>
   <div class='ocr_carea' id='block_1_65' title="bbox 161 3671 1758 3752">
    <p class='ocr_par' dir='ltr' id='par_1_65' title="bbox 161 3671 1758 3752">
     <span class='ocr_line' id='line_1_65' title="bbox 161 3671 1758 3752; baseline 0.003 -25"><span class='ocrx_word' id='word_1_487' title='bbox 161 3671 392 3747; x_wconf 79' lang='lat' dir='ltr'><strong>Arcadio,</strong></span> <span class='ocrx_word' id='word_1_488' title='bbox 421 3688 477 3734; x_wconf 92' lang='lat' dir='ltr'><strong>ut</strong></span> <span class='ocrx_word' id='word_1_489' title='bbox 530 3677 813 3750; x_wconf 68' lang='lat' dir='ltr'><strong>praecipiat</strong></span> <span class='ocrx_word' id='word_1_490' title='bbox 853 3678 1260 3734; x_wconf 69' lang='lat' dir='ltr'><strong>Thessalonica:</strong></span> <span class='ocrx_word' id='word_1_491' title='bbox 1304 3676 1574 3752; x_wconf 84' lang='lat' dir='ltr'><strong>synodum</strong></span> <span class='ocrx_word' id='word_1_492' title='bbox 1613 3676 1758 3745; x_wconf 78' lang='lat' dir='ltr'><strong>ﬁeri,</strong></span> 
     </span>
    </p>
   </div>
   <div class='ocr_carea' id='block_1_66' title="bbox 159 3767 1755 3843">
    <p class='ocr_par' dir='ltr' id='par_1_66' title="bbox 159 3767 1755 3843">
     <span class='ocr_line' id='line_1_66' title="bbox 159 3767 1755 3843; baseline 0.003 -21"><span class='ocrx_word' id='word_1_493' title='bbox 159 3781 250 3839; x_wconf 85' lang='lat' dir='ltr'><strong>quo</strong></span> <span class='ocrx_word' id='word_1_494' title='bbox 274 3767 487 3827; x_wconf 78' lang='lat' dir='ltr'><strong>facilius</strong></span> <span class='ocrx_word' id='word_1_495' title='bbox 513 3780 752 3843; x_wconf 90' lang='lat' dir='ltr'><strong>utraque</strong></span> <span class='ocrx_word' id='word_1_496' title='bbox 780 3786 906 3842; x_wconf 86' lang='lat' dir='ltr'><strong>pars</strong></span> <span class='ocrx_word' id='word_1_497' title='bbox 926 3770 1168 3828; x_wconf 88' lang='lat' dir='ltr'><strong>Orientis</strong></span> <span class='ocrx_word' id='word_1_498' title='bbox 1199 3779 1255 3828; x_wconf 89' lang='lat' dir='ltr'><strong>et</strong></span> <span class='ocrx_word' id='word_1_499' title='bbox 1282 3769 1598 3828; x_wconf 87' lang='lat' dir='ltr'><strong>Occidentis</strong></span> <span class='ocrx_word' id='word_1_500' title='bbox 1630 3786 1755 3828; x_wconf 87' lang='lat' dir='ltr'><strong>con-</strong></span> 
     </span>
    </p>
   </div>
   <div class='ocr_carea' id='block_1_67' title="bbox 158 3859 1755 3940">
    <p class='ocr_par' dir='ltr' id='par_1_67' title="bbox 158 3859 1755 3940">
     <span class='ocr_line' id='line_1_67' title="bbox 158 3859 1755 3940; baseline 0 -21"><span class='ocrx_word' id='word_1_501' title='bbox 158 3877 360 3924; x_wconf 81' lang='lat' dir='ltr'><strong>currere</strong></span> <span class='ocrx_word' id='word_1_502' title='bbox 402 3867 607 3933; x_wconf 83' lang='lat' dir='ltr'><strong>valeat,</strong></span> <span class='ocrx_word' id='word_1_503' title='bbox 659 3880 726 3923; x_wconf 90' lang='lat' dir='ltr'><strong>ac</strong></span> <span class='ocrx_word' id='word_1_504' title='bbox 764 3859 1007 3940; x_wconf 79' lang='lat' dir='ltr'><strong>synodus</strong></span> <span class='ocrx_word' id='word_1_505' title='bbox 1056 3881 1165 3922; x_wconf 89' lang='lat' dir='ltr'><strong>non</strong></span> <span class='ocrx_word' id='word_1_506' title='bbox 1219 3874 1328 3921; x_wconf 85' lang='lat' dir='ltr'><strong>tam</strong></span> <span class='ocrx_word' id='word_1_507' title='bbox 1370 3865 1755 3937; x_wconf 87' lang='lat' dir='ltr'><strong>episcoporum</strong></span> 
     </span>
    </p>
   </div>
   <div class='ocr_carea' id='block_1_68' title="bbox 160 3958 1754 4034">
    <p class='ocr_par' dir='ltr' id='par_1_68' title="bbox 160 3958 1754 4034">
     <span class='ocr_line' id='line_1_68' title="bbox 160 3958 1754 4034; baseline 0.003 -23"><span class='ocrx_word' id='word_1_508' title='bbox 160 3970 387 4029; x_wconf 86' lang='lat' dir='ltr'><strong>numero,</strong></span> <span class='ocrx_word' id='word_1_509' title='bbox 416 3977 583 4034; x_wconf 86' lang='lat' dir='ltr'><strong>quam</strong></span> <span class='ocrx_word' id='word_1_510' title='bbox 618 3962 908 4017; x_wconf 83' lang='lat' dir='ltr'><strong>sententia:</strong></span> <span class='ocrx_word' id='word_1_511' title='bbox 943 3961 1212 4032; x_wconf 87' lang='lat' dir='ltr'><strong>gravitate</strong></span> <span class='ocrx_word' id='word_1_512' title='bbox 1243 3958 1509 4031; x_wconf 77' lang='lat' dir='ltr'><strong>perlecta,</strong></span> <span class='ocrx_word' id='word_1_513' title='bbox 1541 3969 1754 4017; x_wconf 89' lang='lat' dir='ltr'><strong>certum</strong></span> 
     </span>
    </p>
   </div>
   <div class='ocr_carea' id='block_1_69' title="bbox 159 4049 1756 4126">
    <p class='ocr_par' dir='ltr' id='par_1_69' title="bbox 159 4049 1756 4126">
     <span class='ocr_line' id='line_1_69' title="bbox 159 4049 1756 4126; baseline 0.003 -22"><span class='ocrx_word' id='word_1_514' title='bbox 159 4059 205 4104; x_wconf 84' lang='lat' dir='ltr'><strong>et</strong></span> <span class='ocrx_word' id='word_1_515' title='bbox 230 4049 587 4110; x_wconf 86' lang='lat' dir='ltr'><strong>indubitatum</strong></span> <span class='ocrx_word' id='word_1_516' title='bbox 606 4053 873 4126; x_wconf 84' lang='lat' dir='ltr'><strong>judicium</strong></span> <span class='ocrx_word' id='word_1_517' title='bbox 896 4053 1055 4110; x_wconf 80' lang='lat' dir='ltr'><strong>ierat.</strong></span> <span class='ocrx_word' id='word_1_518' title='bbox 1096 4073 1117 4107; x_wconf 75' lang='grc' dir='ltr'><strong>ι</strong></span> <span class='ocrx_word' id='word_1_519' title='bbox 1152 4053 1306 4111; x_wconf 84' lang='lat' dir='ltr'><strong>Tunc</strong></span> <span class='ocrx_word' id='word_1_520' title='bbox 1324 4052 1601 4109; x_wconf 88' lang='lat' dir='ltr'><strong>celebrata</strong></span> <span class='ocrx_word' id='word_1_521' title='bbox 1630 4051 1756 4125; x_wconf 87' lang='lat' dir='ltr'><strong>qui-</strong></span> 
     </span>
    </p>
   </div>
   <div class='ocr_carea' id='block_1_70' title="bbox 160 4140 1755 4237">
    <p class='ocr_par' dir='ltr' id='par_1_70' title="bbox 160 4140 1755 4237">
     <span class='ocr_line' id='line_1_70' title="bbox 160 4140 1755 4237; baseline 0.001 -40"><span class='ocrx_word' id='word_1_522' title='bbox 160 4140 266 4199; x_wconf 84' lang='lat' dir='ltr'><strong>dem</strong></span> <span class='ocrx_word' id='word_1_523' title='bbox 295 4144 391 4203; x_wconf 83' lang='lat' dir='ltr'><strong>luit</strong></span> <span class='ocrx_word' id='word_1_524' title='bbox 418 4145 665 4222; x_wconf 81' lang='lat' dir='ltr'><strong>synodus</strong></span> <span class='ocrx_word' id='word_1_525' title='bbox 689 4190 706 4215; x_wconf 91' lang='lat'><strong>,</strong></span> <span class='ocrx_word' id='word_1_526' title='bbox 740 4144 839 4202; x_wconf 92' lang='lat' dir='ltr'><strong>sed</strong></span> <span class='ocrx_word' id='word_1_527' title='bbox 867 4146 958 4202; x_wconf 88' lang='lat' dir='ltr'><strong>ubi</strong></span> <span class='ocrx_word' id='word_1_528' title='bbox 990 4144 1175 4202; x_wconf 86' lang='lat' dir='ltr'><strong>habita</strong></span> <span class='ocrx_word' id='word_1_529' title='bbox 1205 4144 1310 4210; x_wconf 88' lang='lat' dir='ltr'><strong>sit,</strong></span> <span class='ocrx_word' id='word_1_530' title='bbox 1342 4141 1755 4237; x_wconf 55' lang='lat' dir='ltr'><strong>i’alladiusw</strong></span> 
     </span>
    </p>
   </div>
   <div class='ocr_carea' id='block_1_71' title="bbox 163 4236 1755 4311">
    <p class='ocr_par' dir='ltr' id='par_1_71' title="bbox 163 4236 1755 4311">
     <span class='ocr_line' id='line_1_71' title="bbox 163 4236 1755 4311; baseline -0.001 -19"><span class='ocrx_word' id='word_1_531' title='bbox 163 4236 360 4297; x_wconf 80' lang='lat' dir='ltr'><strong>indicat.</strong></span> <span class='ocrx_word' id='word_1_532' title='bbox 378 4241 624 4299; x_wconf 79' lang='lat' dir='ltr'><strong>Tantum</strong></span> <span class='ocrx_word' id='word_1_533' title='bbox 643 4241 849 4299; x_wconf 87' lang='lat' dir='ltr'><strong>scimus</strong></span> <span class='ocrx_word' id='word_1_534' title='bbox 878 4241 997 4311; x_wconf 86' lang='lat' dir='ltr'><strong>ejus</strong></span> <span class='ocrx_word' id='word_1_535' title='bbox 1020 4239 1400 4296; x_wconf 79' lang='lat' dir='ltr'><strong>deﬁnitionem</strong></span> <span class='ocrx_word' id='word_1_536' title='bbox 1429 4237 1499 4295; x_wconf 88' lang='lat' dir='ltr'><strong>iis</strong></span> <span class='ocrx_word' id='word_1_537' title='bbox 1528 4236 1755 4293; x_wconf 79' lang='lat' dir='ltr'><strong>omnino</strong></span> 
     </span>
    </p>
   </div>
   <div class='ocr_carea' id='block_1_72' title="bbox 163 4330 1757 4407">
    <p class='ocr_par' dir='ltr' id='par_1_72' title="bbox 163 4330 1757 4407">
     <span class='ocr_line' id='line_1_72' title="bbox 163 4330 1757 4407; baseline -0.001 -21"><span class='ocrx_word' id='word_1_538' title='bbox 163 4343 562 4393; x_wconf 73' lang='lat' dir='ltr'><strong>consentaneam</strong></span> <span class='ocrx_word' id='word_1_539' title='bbox 594 4350 742 4403; x_wconf 87' lang='lat' dir='ltr'><strong>esse,</strong></span> <span class='ocrx_word' id='word_1_540' title='bbox 788 4348 909 4407; x_wconf 64' lang='lat' dir='ltr'><strong>quae</strong></span> <span class='ocrx_word' id='word_1_541' title='bbox 937 4332 1293 4390; x_wconf 85' lang='lat' dir='ltr'><strong>innocentius</strong></span> <span class='ocrx_word' id='word_1_542' title='bbox 1338 4333 1407 4387; x_wconf 85' lang='lat' dir='ltr'><strong>ab</strong></span> <span class='ocrx_word' id='word_1_543' title='bbox 1435 4330 1592 4387; x_wconf 89' lang='lat' dir='ltr'><strong>initio</strong></span> <span class='ocrx_word' id='word_1_544' title='bbox 1636 4346 1757 4400; x_wconf 88' lang='lat' dir='ltr'><strong>per-</strong></span> 
     </span>
    </p>
   </div>
   <div class='ocr_carea' id='block_1_73' title="bbox 1862 3284 2413 3361">
    <p class='ocr_par' dir='ltr' id='par_1_73' title="bbox 1862 3284 2413 3361">
     <span class='ocr_line' id='line_1_73' title="bbox 1862 3284 2413 3361; baseline 0.013 -21"><span class='ocrx_word' id='word_1_545' title='bbox 1862 3284 1970 3345; x_wconf 69' lang='grc'><strong>406</strong></span> <span class='ocrx_word' id='word_1_546' title='bbox 1995 3290 2198 3361; x_wconf 86' lang='lat' dir='ltr'><strong>scripta</strong></span> <span class='ocrx_word' id='word_1_547' title='bbox 2226 3288 2413 3348; x_wconf 81' lang='lat' dir='ltr'><strong>fuerit.</strong></span> 
     </span>
    </p>
   </div>
   <div class='ocr_carea' id='block_1_74' title="bbox 1934 3378 3474 3466">
    <p class='ocr_par' dir='ltr' id='par_1_74' title="bbox 1934 3378 3474 3466">
     <span class='ocr_line' id='line_1_74' title="bbox 1934 3378 3474 3466; baseline 0.012 -33"><span class='ocrx_word' id='word_1_548' title='bbox 1934 3378 2023 3436; x_wconf 75' lang='lat'><strong>20.</strong></span> <span class='ocrx_word' id='word_1_549' title='bbox 2060 3378 2266 3438; x_wconf 74' lang='lat' dir='ltr'><strong>Eodem</strong></span> <span class='ocrx_word' id='word_1_550' title='bbox 2287 3394 2538 3457; x_wconf 83' lang='lat' dir='ltr'><strong>tempore,</strong></span> <span class='ocrx_word' id='word_1_551' title='bbox 2567 3386 3036 3445; x_wconf 79' lang='lat' dir='ltr'><strong>Commonitorium</strong></span> <span class='ocrx_word' id='word_1_552' title='bbox 3067 3391 3251 3466; x_wconf 72' lang='lat' dir='ltr'><strong>legatis</strong></span> <span class='ocrx_word' id='word_1_553' title='bbox 3272 3393 3474 3452; x_wconf 84' lang='lat' dir='ltr'><strong>datum.</strong></span> 
     </span>
    </p>
   </div>
   <div class='ocr_carea' id='block_1_75' title="bbox 1863 3473 3481 3561">
    <p class='ocr_par' dir='ltr' id='par_1_75' title="bbox 1863 3473 3481 3561">
     <span class='ocr_line' id='line_1_75' title="bbox 1863 3473 3481 3561; baseline 0.009 -31"><span class='ocrx_word' id='word_1_554' title='bbox 1863 3502 1934 3514; x_wconf 88' lang='lat'><strong>——</strong></span> <span class='ocrx_word' id='word_1_555' title='bbox 1962 3473 2162 3532; x_wconf 81' lang='lat' dir='ltr'><strong>iisdem</strong></span> <span class='ocrx_word' id='word_1_556' title='bbox 2190 3477 2383 3551; x_wconf 75' lang='lat' dir='ltr'><strong>legatis</strong></span> <span class='ocrx_word' id='word_1_557' title='bbox 2415 3480 2674 3538; x_wconf 87' lang='lat' dir='ltr'><strong>traditum</strong></span> <span class='ocrx_word' id='word_1_558' title='bbox 2704 3492 2788 3538; x_wconf 88' lang='lat' dir='ltr'><strong>est</strong></span> <span class='ocrx_word' id='word_1_559' title='bbox 2814 3481 3304 3544; x_wconf 83' lang='lat' dir='ltr'><strong>Commonitorium</strong></span> <span class='ocrx_word' id='word_1_560' title='bbox 3350 3503 3481 3561; x_wconf 79' lang='lat' dir='ltr'><strong>syn-</strong></span> 
     </span>
    </p>
   </div>
   <div class='ocr_carea' id='block_1_76' title="bbox 1863 3567 3476 3655">
    <p class='ocr_par' dir='ltr' id='par_1_76' title="bbox 1863 3567 3476 3655">
     <span class='ocr_line' id='line_1_76' title="bbox 1863 3567 3476 3655; baseline 0.012 -33"><span class='ocrx_word' id='word_1_561' title='bbox 1863 3567 1953 3624; x_wconf 90' lang='lat' dir='ltr'><strong>odi</strong></span> <span class='ocrx_word' id='word_1_562' title='bbox 2009 3570 2177 3629; x_wconf 87' lang='lat' dir='ltr'><strong>totius</strong></span> <span class='ocrx_word' id='word_1_563' title='bbox 2226 3572 2539 3632; x_wconf 88' lang='lat' dir='ltr'><strong>Occidentis</strong></span> <span class='ocrx_word' id='word_1_564' title='bbox 2590 3575 2843 3648; x_wconf 81' lang='lat' dir='ltr'><strong>(Pallad.</strong></span> <span class='ocrx_word' id='word_1_565' title='bbox 2904 3596 3025 3653; x_wconf 84' lang='lat' dir='ltr'><strong>pog.</strong></span> <span class='ocrx_word' id='word_1_566' title='bbox 3075 3580 3214 3655; x_wconf 74' lang='lat'><strong>31),</strong></span> <span class='ocrx_word' id='word_1_567' title='bbox 3274 3600 3293 3635; x_wconf 78' lang='grc' dir='ltr'><strong>ι</strong></span> <span class='ocrx_word' id='word_1_568' title='bbox 3331 3584 3476 3655; x_wconf 90' lang='lat' dir='ltr'><strong>quod</strong></span> 
     </span>
    </p>
   </div>
   <div class='ocr_carea' id='block_1_77' title="bbox 1863 3664 3474 3748">
    <p class='ocr_par' dir='ltr' id='par_1_77' title="bbox 1863 3664 3474 3748">
     <span class='ocr_line' id='line_1_77' title="bbox 1863 3664 3474 3748; baseline 0.012 -31"><span class='ocrx_word' id='word_1_569' title='bbox 1863 3664 2203 3736; x_wconf 86' lang='lat' dir='ltr'><strong>continebat,</strong></span> <span class='ocrx_word' id='word_1_570' title='bbox 2234 3668 2504 3728; x_wconf 82' lang='lat' dir='ltr'><strong>Joannem</strong></span> <span class='ocrx_word' id='word_1_571' title='bbox 2530 3672 2798 3743; x_wconf 89' lang='lat' dir='ltr'><strong>judicium</strong></span> <span class='ocrx_word' id='word_1_572' title='bbox 2834 3675 3044 3746; x_wconf 89' lang='lat' dir='ltr'><strong>ingredi</strong></span> <span class='ocrx_word' id='word_1_573' title='bbox 3090 3694 3198 3734; x_wconf 88' lang='lat' dir='ltr'><strong>non</strong></span> <span class='ocrx_word' id='word_1_574' title='bbox 3247 3674 3474 3748; x_wconf 85' lang='lat' dir='ltr'><strong>debere,</strong></span> 
     </span>
    </p>
   </div>
   <div class='ocr_carea' id='block_1_78' title="bbox 1864 3761 3478 3851">
    <p class='ocr_par' dir='ltr' id='par_1_78' title="bbox 1864 3761 3478 3851">
     <span class='ocr_line' id='line_1_78' title="bbox 1864 3761 3478 3851; baseline 0.006 -31"><span class='ocrx_word' id='word_1_575' title='bbox 1864 3762 1967 3820; x_wconf 86' lang='lat' dir='ltr'><strong>nisi</strong></span> <span class='ocrx_word' id='word_1_576' title='bbox 2016 3761 2169 3831; x_wconf 87' lang='lat' dir='ltr'><strong>prius</strong></span> <span class='ocrx_word' id='word_1_577' title='bbox 2213 3762 2313 3835; x_wconf 90' lang='lat' dir='ltr'><strong>ipsi</strong></span> <span class='ocrx_word' id='word_1_578' title='bbox 2359 3766 2609 3821; x_wconf 88' lang='lat' dir='ltr'><strong>restituta</strong></span> <span class='ocrx_word' id='word_1_579' title='bbox 2662 3766 2857 3823; x_wconf 82' lang='lat' dir='ltr'><strong>fuisset</strong></span> <span class='ocrx_word' id='word_1_580' title='bbox 2884 3779 2939 3826; x_wconf 87' lang='lat' dir='ltr'><strong>et</strong></span> <span class='ocrx_word' id='word_1_581' title='bbox 2970 3770 3204 3828; x_wconf 87' lang='lat' dir='ltr'><strong>ecclesia</strong></span> <span class='ocrx_word' id='word_1_582' title='bbox 3240 3784 3294 3828; x_wconf 88' lang='lat' dir='ltr'><strong>et</strong></span> <span class='ocrx_word' id='word_1_583' title='bbox 3323 3788 3478 3851; x_wconf 82' lang='lat' dir='ltr'><strong>com-</strong></span> 
     </span>
    </p>
   </div>
   <div class='ocr_carea' id='block_1_79' title="bbox 1866 3858 3475 3936">
    <p class='ocr_par' dir='ltr' id='par_1_79' title="bbox 1866 3858 3475 3936">
     <span class='ocr_line' id='line_1_79' title="bbox 1866 3858 3475 3936; baseline 0.007 -23"><span class='ocrx_word' id='word_1_584' title='bbox 1866 3858 2093 3913; x_wconf 84' lang='lat' dir='ltr'><strong>munio:</strong></span> <span class='ocrx_word' id='word_1_585' title='bbox 2133 3866 2192 3913; x_wconf 86' lang='lat' dir='ltr'><strong>ut</strong></span> <span class='ocrx_word' id='word_1_586' title='bbox 2230 3858 2450 3914; x_wconf 83' lang='lat' dir='ltr'><strong>sublata</strong></span> <span class='ocrx_word' id='word_1_587' title='bbox 2502 3876 2664 3917; x_wconf 82' lang='lat' dir='ltr'><strong>causa</strong></span> <span class='ocrx_word' id='word_1_588' title='bbox 2708 3860 3052 3920; x_wconf 87' lang='lat' dir='ltr'><strong>detrectandi</strong></span> <span class='ocrx_word' id='word_1_589' title='bbox 3094 3864 3285 3936; x_wconf 88' lang='lat' dir='ltr'><strong>judicii</strong></span> <span class='ocrx_word' id='word_1_590' title='bbox 3313 3908 3329 3935; x_wconf 95' lang='lat'><strong>,</strong></span> <span class='ocrx_word' id='word_1_591' title='bbox 3377 3880 3475 3924; x_wconf 85' lang='lat' dir='ltr'><strong>sua</strong></span> 
     </span>
    </p>
   </div>
   <div class='ocr_carea' id='block_1_80' title="bbox 1862 3952 3479 4031">
    <p class='ocr_par' dir='ltr' id='par_1_80' title="bbox 1862 3952 3479 4031">
     <span class='ocr_line' id='line_1_80' title="bbox 1862 3952 3479 4031; baseline 0.007 -26"><span class='ocrx_word' id='word_1_592' title='bbox 1862 3958 2060 4022; x_wconf 85' lang='lat' dir='ltr'><strong>sponte</strong></span> <span class='ocrx_word' id='word_1_593' title='bbox 2097 3964 2418 4017; x_wconf 80' lang='lat' dir='ltr'><strong>consessum</strong></span> <span class='ocrx_word' id='word_1_594' title='bbox 2453 3952 2637 4011; x_wconf 91' lang='lat' dir='ltr'><strong>iniret.</strong></span> <span class='ocrx_word' id='word_1_595' title='bbox 2674 3973 2693 4007; x_wconf 74' lang='grc' dir='ltr'><strong>ι</strong></span> <span class='ocrx_word' id='word_1_596' title='bbox 2730 3953 3120 4027; x_wconf 68' lang='lat' dir='ltr'><strong>Lampsacenae</strong></span> <span class='ocrx_word' id='word_1_597' title='bbox 3147 3958 3343 4031; x_wconf 76' lang='lat' dir='ltr'><strong>synodi</strong></span> <span class='ocrx_word' id='word_1_598' title='bbox 3375 3961 3479 4016; x_wconf 89' lang='lat' dir='ltr'><strong>sub</strong></span> 
     </span>
    </p>
   </div>
   <div class='ocr_carea' id='block_1_81' title="bbox 1863 4043 3475 4121">
    <p class='ocr_par' dir='ltr' id='par_1_81' title="bbox 1863 4043 3475 4121">
     <span class='ocr_line' id='line_1_81' title="bbox 1863 4043 3475 4121; baseline 0.007 -21"><span class='ocrx_word' id='word_1_599' title='bbox 1863 4043 2099 4101; x_wconf 81' lang='lat' dir='ltr'><strong>Damaso</strong></span> <span class='ocrx_word' id='word_1_600' title='bbox 2148 4045 2347 4109; x_wconf 76' lang='lat' dir='ltr'><strong>habita:</strong></span> <span class='ocrx_word' id='word_1_601' title='bbox 2376 4048 2519 4117; x_wconf 86' lang='lat' dir='ltr'><strong>apud</strong></span> <span class='ocrx_word' id='word_1_602' title='bbox 2550 4046 2921 4105; x_wconf 87' lang='lat' dir='ltr'><strong>Sozomenum</strong></span> <span class='ocrx_word' id='word_1_603' title='bbox 2948 4091 2964 4118; x_wconf 93' lang='lat'><strong>,</strong></span> <span class='ocrx_word' id='word_1_604' title='bbox 2996 4050 3087 4106; x_wconf 90' lang='lat' dir='ltr'><strong>lib.</strong></span> <span class='ocrx_word' id='word_1_605' title='bbox 3126 4068 3199 4121; x_wconf 82' lang='lat' dir='ltr'><strong>vr,</strong></span> <span class='ocrx_word' id='word_1_606' title='bbox 3230 4069 3282 4109; x_wconf 93' lang='lat' dir='ltr'><strong>c.</strong></span> <span class='ocrx_word' id='word_1_607' title='bbox 3313 4055 3367 4120; x_wconf 81' lang='lat'><strong>7,</strong></span> <span class='ocrx_word' id='word_1_608' title='bbox 3398 4054 3475 4111; x_wconf 89' lang='lat' dir='ltr'><strong>si-</strong></span> 
     </span>
    </p>
   </div>
   <div class='ocr_carea' id='block_1_82' title="bbox 1863 4137 3473 4219">
    <p class='ocr_par' dir='ltr' id='par_1_82' title="bbox 1863 4137 3473 4219">
     <span class='ocr_line' id='line_1_82' title="bbox 1863 4137 3473 4219; baseline 0.008 -27"><span class='ocrx_word' id='word_1_609' title='bbox 1863 4137 1992 4195; x_wconf 87' lang='lat' dir='ltr'><strong>mile</strong></span> <span class='ocrx_word' id='word_1_610' title='bbox 2027 4137 2303 4209; x_wconf 82' lang='lat' dir='ltr'><strong>quoddam</strong></span> <span class='ocrx_word' id='word_1_611' title='bbox 2348 4149 2432 4195; x_wconf 85' lang='lat' dir='ltr'><strong>cst</strong></span> <span class='ocrx_word' id='word_1_612' title='bbox 2477 4142 2834 4197; x_wconf 69' lang='lat' dir='ltr'><strong>consritulutn</strong></span> <span class='ocrx_word' id='word_1_613' title='bbox 2860 4184 2876 4209; x_wconf 94' lang='lat'><strong>,</strong></span> <span class='ocrx_word' id='word_1_614' title='bbox 2908 4143 3162 4200; x_wconf 89' lang='lat' dir='ltr'><strong>nimirum</strong></span> <span class='ocrx_word' id='word_1_615' title='bbox 3194 4164 3214 4198; x_wconf 85' lang='lat' dir='ltr'><strong>t</strong></span> <span class='ocrx_word' id='word_1_616' title='bbox 3248 4154 3307 4203; x_wconf 88' lang='lat' dir='ltr'><strong>ut</strong></span> <span class='ocrx_word' id='word_1_617' title='bbox 3354 4149 3473 4219; x_wconf 86' lang='lat' dir='ltr'><strong>epi-</strong></span> 
     </span>
    </p>
   </div>
   <div class='ocr_carea' id='block_1_83' title="bbox 1859 4231 3468 4310">
    <p class='ocr_par' dir='ltr' id='par_1_83' title="bbox 1859 4231 3468 4310">
     <span class='ocr_line' id='line_1_83' title="bbox 1859 4231 3468 4310; baseline 0.007 -20"><span class='ocrx_word' id='word_1_618' title='bbox 1859 4231 2036 4304; x_wconf 85' lang='lat' dir='ltr'><strong>scopi,</strong></span> <span class='ocrx_word' id='word_1_619' title='bbox 2068 4234 2160 4307; x_wconf 90' lang='lat' dir='ltr'><strong>qui</strong></span> <span class='ocrx_word' id='word_1_620' title='bbox 2192 4234 2428 4306; x_wconf 88' lang='lat' dir='ltr'><strong>depositi</strong></span> <span class='ocrx_word' id='word_1_621' title='bbox 2456 4234 2673 4291; x_wconf 81' lang='lat' dir='ltr'><strong>fuerant</strong></span> <span class='ocrx_word' id='word_1_622' title='bbox 2700 4237 2772 4293; x_wconf 90' lang='lat' dir='ltr'><strong>ab</strong></span> <span class='ocrx_word' id='word_1_623' title='bbox 2800 4237 2864 4293; x_wconf 89' lang='lat' dir='ltr'><strong>iis</strong></span> <span class='ocrx_word' id='word_1_624' title='bbox 2889 4240 2981 4310; x_wconf 88' lang='lat' dir='ltr'><strong>qui</strong></span> <span class='ocrx_word' id='word_1_625' title='bbox 3012 4240 3334 4299; x_wconf 74' lang='lat' dir='ltr'><strong>dissimilem</strong></span> <span class='ocrx_word' id='word_1_626' title='bbox 3363 4242 3468 4301; x_wconf 89' lang='lat' dir='ltr'><strong>Pa-</strong></span> 
     </span>
    </p>
   </div>
   <div class='ocr_carea' id='block_1_84' title="bbox 1863 4324 3471 4403">
    <p class='ocr_par' dir='ltr' id='par_1_84' title="bbox 1863 4324 3471 4403">
     <span class='ocr_line' id='line_1_84' title="bbox 1863 4324 3471 4403; baseline 0.007 -22"><span class='ocrx_word' id='word_1_627' title='bbox 1863 4326 1928 4381; x_wconf 90' lang='lat' dir='ltr'><strong>tri</strong></span> <span class='ocrx_word' id='word_1_628' title='bbox 1958 4324 2157 4383; x_wconf 82' lang='lat' dir='ltr'><strong>Filium</strong></span> <span class='ocrx_word' id='word_1_629' title='bbox 2204 4325 2567 4394; x_wconf 82' lang='lat' dir='ltr'><strong>asserebant,</strong></span> <span class='ocrx_word' id='word_1_630' title='bbox 2600 4327 2762 4385; x_wconf 82' lang='lat' dir='ltr'><strong>sedes</strong></span> <span class='ocrx_word' id='word_1_631' title='bbox 2789 4345 2917 4385; x_wconf 90' lang='lat' dir='ltr'><strong>suas</strong></span> <span class='ocrx_word' id='word_1_632' title='bbox 2943 4332 3283 4403; x_wconf 83' lang='lat' dir='ltr'><strong>postliminio</strong></span> <span class='ocrx_word' id='word_1_633' title='bbox 3314 4350 3471 4393; x_wconf 85' lang='lat' dir='ltr'><strong>recu-</strong></span> 
     </span>
    </p>
   </div>
   <div class='ocr_carea' id='block_1_85' title="bbox 164 4419 3467 4502">
    <p class='ocr_par' dir='ltr' id='par_1_85' title="bbox 164 4419 3467 4502">
     <span class='ocr_line' id='line_1_85' title="bbox 164 4419 3467 4502; baseline 0.004 -27"><span class='ocrx_word' id='word_1_634' title='bbox 164 4425 460 4485; x_wconf 72' lang='lat' dir='ltr'><strong>tuihationis</strong></span> <span class='ocrx_word' id='word_1_635' title='bbox 516 4428 679 4500; x_wconf 80' lang='lat' dir='ltr'><strong>hujus</strong></span> <span class='ocrx_word' id='word_1_636' title='bbox 716 4442 782 4483; x_wconf 83' lang='lat' dir='ltr'><strong>ac</strong></span> <span class='ocrx_word' id='word_1_637' title='bbox 821 4427 1080 4498; x_wconf 86' lang='lat' dir='ltr'><strong>deinceps</strong></span> <span class='ocrx_word' id='word_1_638' title='bbox 1102 4469 1117 4495; x_wconf 92' lang='lat'><strong>,</strong></span> <span class='ocrx_word' id='word_1_639' title='bbox 1169 4434 1231 4482; x_wconf 92' lang='lat' dir='ltr'><strong>ut</strong></span> <span class='ocrx_word' id='word_1_640' title='bbox 1276 4440 1463 4499; x_wconf 87' lang='lat' dir='ltr'><strong>supra,</strong></span> <span class='ocrx_word' id='word_1_641' title='bbox 1512 4439 1572 4479; x_wconf 88' lang='grc' dir='ltr'>ιι.</span> <span class='ocrx_word' id='word_1_642' title='bbox 1602 4424 1668 4489; x_wconf 80' lang='grc'><strong>5,</strong></span> <span class='ocrx_word' id='word_1_643' title='bbox 1701 4431 1758 4477; x_wconf 80' lang='lat' dir='ltr'><strong>et</strong></span> <span class='ocrx_word' id='word_1_644' title='bbox 1860 4430 2073 4489; x_wconf 80' lang='lat' dir='ltr'><strong>pereat,</strong></span> <span class='ocrx_word' id='word_1_645' title='bbox 2104 4419 2306 4491; x_wconf 85' lang='lat' dir='ltr'><strong>quippe</strong></span> <span class='ocrx_word' id='word_1_646' title='bbox 2333 4422 2425 4492; x_wconf 90' lang='lat' dir='ltr'><strong>qui</strong></span> <span class='ocrx_word' id='word_1_647' title='bbox 2456 4422 2655 4493; x_wconf 90' lang='lat' dir='ltr'><strong>injuste</strong></span> <span class='ocrx_word' id='word_1_648' title='bbox 2684 4424 2902 4492; x_wconf 88' lang='lat' dir='ltr'><strong>spoliati</strong></span> <span class='ocrx_word' id='word_1_649' title='bbox 2954 4424 3190 4484; x_wconf 78' lang='lat' dir='ltr'><strong>fuissent</strong></span> <span class='ocrx_word' id='word_1_650' title='bbox 3213 4445 3226 4483; x_wconf 92' lang='lat'>:</span> <span class='ocrx_word' id='word_1_651' title='bbox 3249 4430 3393 4502; x_wconf 89' lang='lat' dir='ltr'><strong>quod</strong></span> <span class='ocrx_word' id='word_1_652' title='bbox 3422 4433 3467 4488; x_wconf 88' lang='lat' dir='ltr'><strong>si</strong></span> 
     </span>
    </p>
   </div>
   <div class='ocr_carea' id='block_1_86' title="bbox 164 4513 3465 4593">
    <p class='ocr_par' dir='ltr' id='par_1_86' title="bbox 164 4513 3465 4593">
     <span class='ocr_line' id='line_1_86' title="bbox 164 4513 3465 4593; baseline 0.009 -42"><span class='ocrx_word' id='word_1_653' title='bbox 164 4518 303 4587; x_wconf 47' lang='lat' dir='ltr'><strong>epist.</strong></span> <span class='ocrx_word' id='word_1_654' title='bbox 332 4522 363 4577; x_wconf 69' lang='lat'>5</span> <span class='ocrx_word' id='word_1_655' title='bbox 392 4534 447 4578; x_wconf 61' lang='grc' dir='ltr'>ει</span> <span class='ocrx_word' id='word_1_656' title='bbox 477 4522 511 4577; x_wconf 72' lang='lat'><strong>7</strong></span> <span class='ocrx_word' id='word_1_657' title='bbox 533 4520 723 4577; x_wconf 64' lang='lat' dir='ltr'><strong>videre</strong></span> <span class='ocrx_word' id='word_1_658' title='bbox 752 4531 859 4587; x_wconf 48' lang='lat' dir='ltr'><strong>est,</strong></span> <span class='ocrx_word' id='word_1_659' title='bbox 892 4529 1212 4577; x_wconf 63' lang='grc' dir='ltr'><strong>εοηειηηιει-</strong></span> <span class='ocrx_word' id='word_1_660' title='bbox 1246 4525 1561 4575; x_wconf 55' lang='lat' dir='ltr'><strong>censuerat,</strong></span> <span class='ocrx_word' id='word_1_661' title='bbox 1596 4516 1753 4575; x_wconf 79' lang='lat' dir='ltr'><strong>Unde</strong></span> <span class='ocrx_word' id='word_1_662' title='bbox 1783 4585 1821 4593; x_wconf 34' lang='grc' dir='ltr'><strong>Α</strong></span> <span class='ocrx_word' id='word_1_663' title='bbox 1857 4513 1982 4584; x_wconf 88' lang='lat' dir='ltr'><strong>quis</strong></span> <span class='ocrx_word' id='word_1_664' title='bbox 2003 4529 2099 4569; x_wconf 90' lang='lat' dir='ltr'><strong>eos</strong></span> <span class='ocrx_word' id='word_1_665' title='bbox 2129 4528 2393 4571; x_wconf 83' lang='lat' dir='ltr'><strong>accusare</strong></span> <span class='ocrx_word' id='word_1_666' title='bbox 2419 4513 2668 4588; x_wconf 76' lang='lat' dir='ltr'><strong>(exinde)</strong></span> <span class='ocrx_word' id='word_1_667' title='bbox 2694 4518 2882 4585; x_wconf 89' lang='lat' dir='ltr'><strong>vellet,</strong></span> <span class='ocrx_word' id='word_1_668' title='bbox 2907 4520 3010 4575; x_wconf 92' lang='lat' dir='ltr'><strong>sub</strong></span> <span class='ocrx_word' id='word_1_669' title='bbox 3036 4523 3182 4593; x_wconf 89' lang='lat' dir='ltr'><strong>paris</strong></span> <span class='ocrx_word' id='word_1_670' title='bbox 3202 4525 3465 4583; x_wconf 78' lang='lat' dir='ltr'><strong>condem-</strong></span> 
     </span>
    </p>
   </div>
   <div class='ocr_carea' id='block_1_87' title="bbox 164 4585 3467 4691">
    <p class='ocr_par' dir='ltr' id='par_1_87' title="bbox 164 4585 3467 4691">
     <span class='ocr_line' id='line_1_87' title="bbox 164 4585 3467 4691; baseline 0.003 -24"><span class='ocrx_word' id='word_1_671' title='bbox 164 4585 241 4666; x_wconf 75' lang='lat' dir='ltr'><strong>aut</strong></span> <span class='ocrx_word' id='word_1_672' title='bbox 263 4629 377 4671; x_wconf 87' lang='lat' dir='ltr'><strong>cum</strong></span> <span class='ocrx_word' id='word_1_673' title='bbox 410 4613 698 4688; x_wconf 50' lang='lat' dir='ltr'><strong>praefuisse</strong></span> <span class='ocrx_word' id='word_1_674' title='bbox 743 4585 872 4671; x_wconf 85' lang='lat' dir='ltr'><strong>huic</strong></span> <span class='ocrx_word' id='word_1_675' title='bbox 901 4613 1135 4687; x_wconf 76' lang='lat' dir='ltr'><strong>synodo,</strong></span> <span class='ocrx_word' id='word_1_676' title='bbox 1169 4623 1263 4669; x_wconf 91' lang='lat' dir='ltr'><strong>aut</strong></span> <span class='ocrx_word' id='word_1_677' title='bbox 1297 4613 1434 4669; x_wconf 89' lang='lat' dir='ltr'><strong>nihil</strong></span> <span class='ocrx_word' id='word_1_678' title='bbox 1464 4614 1517 4670; x_wconf 87' lang='lat' dir='ltr'><strong>in</strong></span> <span class='ocrx_word' id='word_1_679' title='bbox 1546 4628 1609 4669; x_wconf 87' lang='lat' dir='ltr'><strong>ea</strong></span> <span class='ocrx_word' id='word_1_680' title='bbox 1637 4611 1745 4668; x_wconf 81' lang='lat' dir='ltr'><strong>nisi</strong></span> <span class='ocrx_word' id='word_1_681' title='bbox 1779 4585 1831 4647; x_wconf 80' lang='lat' dir='ltr'><strong><em>D</em></strong></span> <span class='ocrx_word' id='word_1_682' title='bbox 1860 4609 2097 4664; x_wconf 86' lang='lat' dir='ltr'><strong>nationis</strong></span> <span class='ocrx_word' id='word_1_683' title='bbox 2141 4608 2388 4679; x_wconf 89' lang='lat' dir='ltr'><strong>periculo</strong></span> <span class='ocrx_word' id='word_1_684' title='bbox 2419 4585 2471 4665; x_wconf 85' lang='lat' dir='ltr'><strong>id</strong></span> <span class='ocrx_word' id='word_1_685' title='bbox 2518 4585 2725 4681; x_wconf 80' lang='lat' dir='ltr'><strong>ageret.</strong></span> <span class='ocrx_word' id='word_1_686' title='bbox 2768 4629 2789 4665; x_wconf 70' lang='grc' dir='ltr'><strong>ι</strong></span> <span class='ocrx_word' id='word_1_687' title='bbox 2824 4610 2930 4669; x_wconf 85' lang='lat' dir='ltr'><strong>Ubi</strong></span> <span class='ocrx_word' id='word_1_688' title='bbox 2960 4585 3235 4687; x_wconf 80' lang='lat' dir='ltr'><strong>episcopis</strong></span> <span class='ocrx_word' id='word_1_689' title='bbox 3265 4618 3467 4691; x_wconf 85' lang='lat' dir='ltr'><strong>injuste</strong></span> 
     </span>
    </p>
   </div>
   <div class='ocr_carea' id='block_1_88' title="bbox 163 4700 3458 4781">
    <p class='ocr_par' dir='ltr' id='par_1_88' title="bbox 163 4700 3458 4781">
     <span class='ocr_line' id='line_1_88' title="bbox 163 4700 3458 4781; baseline 0.003 -22"><span class='ocrx_word' id='word_1_690' title='bbox 163 4717 217 4760; x_wconf 80' lang='lat' dir='ltr'><strong>es</strong></span> <span class='ocrx_word' id='word_1_691' title='bbox 242 4708 349 4779; x_wconf 75' lang='lat' dir='ltr'><strong>ejus</strong></span> <span class='ocrx_word' id='word_1_692' title='bbox 367 4711 644 4767; x_wconf 81' lang='lat' dir='ltr'><strong>sententia</strong></span> <span class='ocrx_word' id='word_1_693' title='bbox 668 4721 851 4765; x_wconf 82' lang='lat' dir='ltr'><strong>actum</strong></span> <span class='ocrx_word' id='word_1_694' title='bbox 884 4725 1007 4765; x_wconf 65' lang='lat' dir='ltr'><strong>esse</strong></span> <span class='ocrx_word' id='word_1_695' title='bbox 1035 4707 1342 4765; x_wconf 82' lang='lat' dir='ltr'><strong>coniicitur.</strong></span> <span class='ocrx_word' id='word_1_696' title='bbox 1852 4701 2106 4771; x_wconf 69' lang='lat' dir='ltr'><strong>Spoliatis</strong></span> <span class='ocrx_word' id='word_1_697' title='bbox 2134 4712 2187 4757; x_wconf 81' lang='lat' dir='ltr'><strong>et</strong></span> <span class='ocrx_word' id='word_1_698' title='bbox 2215 4700 2405 4773; x_wconf 66' lang='lat' dir='ltr'><strong>ejectis</strong></span> <span class='ocrx_word' id='word_1_699' title='bbox 2446 4703 2608 4757; x_wconf 72' lang='lat' dir='ltr'><strong>sedes</strong></span> <span class='ocrx_word' id='word_1_700' title='bbox 2656 4718 2770 4759; x_wconf 72' lang='lat' dir='ltr'><strong>suae</strong></span> <span class='ocrx_word' id='word_1_701' title='bbox 2810 4706 3171 4764; x_wconf 90' lang='lat' dir='ltr'><strong>restituuntur</strong></span> <span class='ocrx_word' id='word_1_702' title='bbox 3201 4712 3458 4781; x_wconf 88' lang='lat' dir='ltr'><strong>primum,</strong></span> 
     </span>
    </p>
   </div>
   <div class='ocr_carea' id='block_1_89' title="bbox 223 4796 1761 4871">
    <p class='ocr_par' dir='ltr' id='par_1_89' title="bbox 223 4799 1749 4871">
     <span class='ocr_line' id='line_1_89' title="bbox 223 4799 1749 4871; baseline 0.003 -15"><span class='ocrx_word' id='word_1_703' title='bbox 223 4799 357 4860; x_wconf 84' lang='lat' dir='ltr'><strong>Circa</strong></span> <span class='ocrx_word' id='word_1_704' title='bbox 394 4807 595 4863; x_wconf 65' lang='lat' dir='ltr'><strong>exitum</strong></span> <span class='ocrx_word' id='word_1_705' title='bbox 639 4806 765 4860; x_wconf 88' lang='lat' dir='ltr'><strong>anni</strong></span> <span class='ocrx_word' id='word_1_706' title='bbox 792 4802 932 4871; x_wconf 65' lang='grc'><strong>405,</strong></span> <span class='ocrx_word' id='word_1_707' title='bbox 968 4803 1236 4858; x_wconf 77' lang='lat' dir='ltr'><strong>Honorius</strong></span> <span class='ocrx_word' id='word_1_708' title='bbox 1267 4800 1576 4860; x_wconf 67' lang='lat' dir='ltr'><strong>Innocentio</strong></span> <span class='ocrx_word' id='word_1_709' title='bbox 1613 4804 1749 4860; x_wconf 83' lang='lat' dir='ltr'><strong>scri-</strong></span> 
     </span>
    </p>
   </div>
   <div class='ocr_carea' id='block_1_90' title="bbox 1870 4796 3458 4871">
    <p class='ocr_par' dir='ltr' id='par_1_90' title="bbox 1870 4796 3458 4871">
     <span class='ocr_line' id='line_1_90' title="bbox 1870 4796 3458 4871; baseline 0.011 -24"><span class='ocrx_word' id='word_1_710' title='bbox 1870 4804 2053 4851; x_wconf 73' lang='lat' dir='ltr'><strong>ictum</strong></span> <span class='ocrx_word' id='word_1_711' title='bbox 2085 4796 2306 4852; x_wconf 83' lang='lat' dir='ltr'><strong>demunt</strong></span> <span class='ocrx_word' id='word_1_712' title='bbox 2339 4810 2435 4852; x_wconf 88' lang='lat' dir='ltr'><strong>eos</strong></span> <span class='ocrx_word' id='word_1_713' title='bbox 2465 4797 2756 4853; x_wconf 76' lang='lat' dir='ltr'><strong>accusandi</strong></span> <span class='ocrx_word' id='word_1_714' title='bbox 2796 4798 2946 4856; x_wconf 89' lang='lat' dir='ltr'><strong>locus</strong></span> <span class='ocrx_word' id='word_1_715' title='bbox 2988 4802 3345 4871; x_wconf 87' lang='lat' dir='ltr'><strong>permittitur.</strong></span> <span class='ocrx_word' id='word_1_716' title='bbox 3376 4808 3458 4863; x_wconf 83' lang='lat' dir='ltr'><strong>Ad</strong></span> 
     </span>
    </p>
   </div>
   <div class='ocr_carea' id='block_1_91' title="bbox 165 4886 3461 4973">
    <p class='ocr_par' dir='ltr' id='par_1_91' title="bbox 165 4886 3461 4973">
     <span class='ocr_line' id='line_1_91' title="bbox 165 4886 3461 4973; baseline 0.009 -45"><span class='ocrx_word' id='word_1_717' title='bbox 165 4894 241 4953; x_wconf 49' lang='grc' dir='ltr'><strong>εει.</strong></span> <span class='ocrx_word' id='word_1_718' title='bbox 265 4930 331 4943; x_wconf 89' lang='lat'><strong>__</strong></span> <span class='ocrx_word' id='word_1_719' title='bbox 355 4901 633 4957; x_wconf 59' lang='lat' dir='ltr'><strong>prmium</strong></span> <span class='ocrx_word' id='word_1_720' title='bbox 663 4898 860 4973; x_wconf 51' lang='lat' dir='ltr'><strong>Simul,</strong></span> <span class='ocrx_word' id='word_1_721' title='bbox 898 4899 1125 4955; x_wconf 64' lang='lat' dir='ltr'><strong>dcerem</strong></span> <span class='ocrx_word' id='word_1_722' title='bbox 1158 4912 1367 4953; x_wconf 63' lang='lat' dir='ltr'><strong>morem</strong></span> <span class='ocrx_word' id='word_1_723' title='bbox 1406 4914 1604 4969; x_wconf 59' lang='lat' dir='ltr'><strong>gerens</strong></span> <span class='ocrx_word' id='word_1_724' title='bbox 1637 4896 1738 4954; x_wconf 76' lang='grc' dir='ltr'><strong>ηο.</strong></span> <span class='ocrx_word' id='word_1_725' title='bbox 1850 4886 2163 4959; x_wconf 83' lang='lat' dir='ltr'><strong>ltujusmodi</strong></span> <span class='ocrx_word' id='word_1_726' title='bbox 2205 4890 2551 4947; x_wconf 78' lang='lat' dir='ltr'><strong>decretorum</strong></span> <span class='ocrx_word' id='word_1_727' title='bbox 2595 4890 2953 4949; x_wconf 82' lang='lat' dir='ltr'><strong>imitationem</strong></span> <span class='ocrx_word' id='word_1_728' title='bbox 2982 4895 3223 4954; x_wconf 87' lang='lat' dir='ltr'><strong>lsidorus</strong></span> <span class='ocrx_word' id='word_1_729' title='bbox 3251 4899 3461 4958; x_wconf 79' lang='lat' dir='ltr'><strong>Merca-</strong></span> 
     </span>
    </p>
   </div>
   <div class='ocr_carea' id='block_1_92' title="bbox 167 4984 3457 5066">
    <p class='ocr_par' dir='ltr' id='par_1_92' title="bbox 167 4984 3457 5066">
     <span class='ocr_line' id='line_1_92' title="bbox 167 4984 3457 5066; baseline 0.004 -17"><span class='ocrx_word' id='word_1_730' title='bbox 167 4995 357 5061; x_wconf 76' lang='lat' dir='ltr'><strong>Inritts,</strong></span> <span class='ocrx_word' id='word_1_731' title='bbox 395 4994 569 5051; x_wconf 81' lang='lat' dir='ltr'><strong>semel</strong></span> <span class='ocrx_word' id='word_1_732' title='bbox 600 5003 655 5050; x_wconf 86' lang='lat' dir='ltr'><strong>ct</strong></span> <span class='ocrx_word' id='word_1_733' title='bbox 685 4996 768 5049; x_wconf 84' lang='lat' dir='ltr'><strong>bis</strong></span> <span class='ocrx_word' id='word_1_734' title='bbox 799 4992 867 5049; x_wconf 86' lang='lat' dir='ltr'><strong>ad</strong></span> <span class='ocrx_word' id='word_1_735' title='bbox 901 4993 1197 5050; x_wconf 84' lang='lat' dir='ltr'><strong>Arcadium</strong></span> <span class='ocrx_word' id='word_1_736' title='bbox 1229 4991 1420 5047; x_wconf 88' lang='lat' dir='ltr'><strong>scribit</strong></span> <span class='ocrx_word' id='word_1_737' title='bbox 1445 5008 1459 5047; x_wconf 87' lang='lat'><strong>:</strong></span> <span class='ocrx_word' id='word_1_738' title='bbox 1484 4991 1579 5046; x_wconf 78' lang='lat' dir='ltr'><strong>SCtl</strong></span> <span class='ocrx_word' id='word_1_739' title='bbox 1618 5007 1741 5046; x_wconf 88' lang='lat' dir='ltr'><strong>cuttt</strong></span> <span class='ocrx_word' id='word_1_740' title='bbox 1850 4992 1937 5039; x_wconf 74' lang='lat' dir='ltr'><strong>l0|”</strong></span> <span class='ocrx_word' id='word_1_741' title='bbox 1983 4999 2106 5039; x_wconf 73' lang='lat' dir='ltr'><strong>cum</strong></span> <span class='ocrx_word' id='word_1_742' title='bbox 2158 4984 2473 5055; x_wconf 67' lang='grc' dir='ltr'>δὶήιιηειεῑιί</span> <span class='ocrx_word' id='word_1_743' title='bbox 2522 5001 2674 5055; x_wconf 68' lang='grc' dir='ltr'>νίψω</span> <span class='ocrx_word' id='word_1_744' title='bbox 2721 4987 2775 5041; x_wconf 67' lang='lat' dir='ltr'><strong>in</strong></span> <span class='ocrx_word' id='word_1_745' title='bbox 2824 4988 3009 5046; x_wconf 62' lang='lat' dir='ltr'><strong>“milia</strong></span> <span class='ocrx_word' id='word_1_746' title='bbox 3043 5006 3074 5046; x_wconf 73' lang='grc' dir='ltr'><strong>ν</strong></span> <span class='ocrx_word' id='word_1_747' title='bbox 3102 4994 3312 5066; x_wconf 81' lang='lat' dir='ltr'><strong>synodo</strong></span> <span class='ocrx_word' id='word_1_748' title='bbox 3342 4995 3457 5053; x_wconf 73' lang='lat' dir='ltr'><strong>RO-</strong></span> 
     </span>
    </p>
   </div>
   <div class='ocr_carea' id='block_1_93' title="bbox 168 5077 3453 5160">
    <p class='ocr_par' dir='ltr' id='par_1_93' title="bbox 168 5077 3453 5160">
     <span class='ocr_line' id='line_1_93' title="bbox 168 5077 3453 5160; baseline 0.003 -24"><span class='ocrx_word' id='word_1_749' title='bbox 168 5082 279 5141; x_wconf 77' lang='lat' dir='ltr'><strong>niltil</strong></span> <span class='ocrx_word' id='word_1_750' title='bbox 314 5089 640 5160; x_wconf 60' lang='lat' dir='ltr'><strong>proﬁceret,</strong></span> <span class='ocrx_word' id='word_1_751' title='bbox 686 5103 750 5144; x_wconf 87' lang='lat' dir='ltr'><strong>ac</strong></span> <span class='ocrx_word' id='word_1_752' title='bbox 785 5085 856 5143; x_wconf 83' lang='lat' dir='ltr'><strong>tle</strong></span> <span class='ocrx_word' id='word_1_753' title='bbox 894 5087 1055 5141; x_wconf 76' lang='lat' dir='ltr'><strong>tertia</strong></span> <span class='ocrx_word' id='word_1_754' title='bbox 1095 5084 1328 5154; x_wconf 88' lang='lat' dir='ltr'><strong>epistola</strong></span> <span class='ocrx_word' id='word_1_755' title='bbox 1380 5084 1445 5138; x_wconf 86' lang='lat' dir='ltr'><strong>ad</strong></span> <span class='ocrx_word' id='word_1_756' title='bbox 1488 5083 1739 5140; x_wconf 74' lang='lat' dir='ltr'><strong>eumdem</strong></span> <span class='ocrx_word' id='word_1_757' title='bbox 1853 5093 2009 5132; x_wconf 80' lang='lat' dir='ltr'><strong>mana</strong></span> <span class='ocrx_word' id='word_1_758' title='bbox 2036 5079 2138 5131; x_wconf 81' lang='lat' dir='ltr'><strong>sub</strong></span> <span class='ocrx_word' id='word_1_759' title='bbox 2169 5077 2362 5133; x_wconf 84' lang='lat' dir='ltr'><strong>eodem</strong></span> <span class='ocrx_word' id='word_1_760' title='bbox 2394 5094 2554 5149; x_wconf 83' lang='lat' dir='ltr'><strong>papa,</strong></span> <span class='ocrx_word' id='word_1_761' title='bbox 2586 5088 2696 5133; x_wconf 83' lang='lat' dir='ltr'><strong>tum</strong></span> <span class='ocrx_word' id='word_1_762' title='bbox 2732 5082 3091 5138; x_wconf 78' lang='lat' dir='ltr'><strong>Vetustioruut</strong></span> <span class='ocrx_word' id='word_1_763' title='bbox 3138 5088 3453 5156; x_wconf 90' lang='lat' dir='ltr'><strong>pontilicutn</strong></span> 
     </span>
    </p>
   </div>
   <div class='ocr_carea' id='block_1_94' title="bbox 170 5173 3456 5253">
    <p class='ocr_par' dir='ltr' id='par_1_94' title="bbox 170 5173 3456 5253">
     <span class='ocr_line' id='line_1_94' title="bbox 170 5173 3456 5253; baseline 0.004 -29"><span class='ocrx_word' id='word_1_764' title='bbox 170 5177 400 5239; x_wconf 62' lang='grc' dir='ltr'><strong>υῑιιθηάει</strong></span> <span class='ocrx_word' id='word_1_765' title='bbox 446 5181 755 5253; x_wconf 71' lang='lat' dir='ltr'><strong>cogitaret,</strong></span> <span class='ocrx_word' id='word_1_766' title='bbox 787 5179 977 5236; x_wconf 73' lang='lat' dir='ltr'><strong>scribit</strong></span> <span class='ocrx_word' id='word_1_767' title='bbox 1017 5189 1071 5235; x_wconf 88' lang='lat' dir='ltr'><strong>et</strong></span> <span class='ocrx_word' id='word_1_768' title='bbox 1116 5177 1182 5232; x_wconf 85' lang='lat' dir='ltr'><strong>ad</strong></span> <span class='ocrx_word' id='word_1_769' title='bbox 1230 5175 1643 5239; x_wconf 87' lang='lat' dir='ltr'><strong>Innocentium,</strong></span> <span class='ocrx_word' id='word_1_770' title='bbox 1688 5184 1747 5230; x_wconf 91' lang='lat' dir='ltr'><strong>ut</strong></span> <span class='ocrx_word' id='word_1_771' title='bbox 1850 5176 2109 5240; x_wconf 86' lang='lat' dir='ltr'><strong>nomine,</strong></span> <span class='ocrx_word' id='word_1_772' title='bbox 2148 5176 2318 5227; x_wconf 88' lang='lat' dir='ltr'><strong>tnulta</strong></span> <span class='ocrx_word' id='word_1_773' title='bbox 2350 5173 2547 5228; x_wconf 84' lang='lat' dir='ltr'><strong>similia</strong></span> <span class='ocrx_word' id='word_1_774' title='bbox 2577 5176 2865 5242; x_wconf 78' lang='lat' dir='ltr'><strong>conﬁnxit,</strong></span> <span class='ocrx_word' id='word_1_775' title='bbox 2894 5177 3221 5248; x_wconf 62' lang='lat' dir='ltr'><strong>quita-ipsum</strong></span> <span class='ocrx_word' id='word_1_776' title='bbox 3258 5180 3456 5239; x_wconf 89' lang='lat' dir='ltr'><strong>identi-</strong></span> 
     </span>
    </p>
   </div>
   <div class='ocr_carea' id='block_1_95' title="bbox 173 5248 2623 5349">
    <p class='ocr_par' dir='ltr' id='par_1_95' title="bbox 173 5248 2623 5349">
     <span class='ocr_line' id='line_1_95' title="bbox 173 5248 2623 5349; baseline -0.003 -20"><span class='ocrx_word' id='word_1_777' title='bbox 173 5273 373 5333; x_wconf 76' lang='lat' dir='ltr'><strong>tntittat</strong></span> <span class='ocrx_word' id='word_1_778' title='bbox 415 5248 662 5349; x_wconf 73' lang='lat' dir='ltr'><strong>quinque</strong></span> <span class='ocrx_word' id='word_1_779' title='bbox 706 5274 1035 5345; x_wconf 85' lang='lat' dir='ltr'><strong>episc0pos,</strong></span> <span class='ocrx_word' id='word_1_780' title='bbox 1065 5287 1128 5327; x_wconf 91' lang='lat' dir='ltr'><strong>ac</strong></span> <span class='ocrx_word' id='word_1_781' title='bbox 1175 5270 1435 5326; x_wconf 78' lang='lat' dir='ltr'><strong>Romanu:</strong></span> <span class='ocrx_word' id='word_1_782' title='bbox 1485 5269 1743 5325; x_wconf 75' lang='lat' dir='ltr'><strong>Ecclesia:</strong></span> <span class='ocrx_word' id='word_1_783' title='bbox 1849 5267 1972 5323; x_wconf 89' lang='lat' dir='ltr'><strong>dem</strong></span> <span class='ocrx_word' id='word_1_784' title='bbox 2009 5278 2261 5337; x_wconf 72' lang='lat' dir='ltr'><strong>repetere</strong></span> <span class='ocrx_word' id='word_1_785' title='bbox 2293 5284 2399 5323; x_wconf 88' lang='lat' dir='ltr'><strong>non</strong></span> <span class='ocrx_word' id='word_1_786' title='bbox 2434 5268 2623 5339; x_wconf 89' lang='lat' dir='ltr'><strong>piguit.</strong></span> 
     </span>
    </p>
   </div>
   <div class='ocr_carea' id='block_1_96' title="bbox 171 5356 3457 5444">
    <p class='ocr_par' dir='ltr' id='par_1_96' title="bbox 171 5356 3457 5444">
     <span class='ocr_line' id='line_1_96' title="bbox 171 5356 3457 5444; baseline 0 -17"><span class='ocrx_word' id='word_1_787' title='bbox 171 5370 484 5444; x_wconf 71' lang='lat' dir='ltr'><strong>Presbytcrns</strong></span> <span class='ocrx_word' id='word_1_788' title='bbox 514 5368 658 5426; x_wconf 85' lang='lat' dir='ltr'><strong>duos</strong></span> <span class='ocrx_word' id='word_1_789' title='bbox 699 5356 825 5425; x_wconf 84' lang='lat' dir='ltr'><strong>cum</strong></span> <span class='ocrx_word' id='word_1_790' title='bbox 854 5382 967 5423; x_wconf 89' lang='lat' dir='ltr'><strong>uno</strong></span> <span class='ocrx_word' id='word_1_791' title='bbox 990 5366 1264 5433; x_wconf 81' lang='lat' dir='ltr'><strong>diacono,</strong></span> <span class='ocrx_word' id='word_1_792' title='bbox 1290 5366 1382 5437; x_wconf 86' lang='lat' dir='ltr'><strong>qui</strong></span> <span class='ocrx_word' id='word_1_793' title='bbox 1414 5380 1535 5420; x_wconf 88' lang='lat' dir='ltr'><strong>eam</strong></span> <span class='ocrx_word' id='word_1_794' title='bbox 1566 5364 1744 5420; x_wconf 84' lang='lat' dir='ltr'><strong>lerant</strong></span> <span class='ocrx_word' id='word_1_795' title='bbox 1924 5361 2178 5418; x_wconf 72' lang='lat' dir='ltr'><strong>21.Amto</strong></span> <span class='ocrx_word' id='word_1_796' title='bbox 2201 5361 2329 5429; x_wconf 73' lang='grc'><strong>407,</strong></span> <span class='ocrx_word' id='word_1_797' title='bbox 2355 5379 2528 5419; x_wconf 83' lang='lat' dir='ltr'><strong>mense</strong></span> <span class='ocrx_word' id='word_1_798' title='bbox 2551 5361 2734 5427; x_wconf 85' lang='lat' dir='ltr'><strong>Junio,</strong></span> <span class='ocrx_word' id='word_1_799' title='bbox 2761 5365 2878 5436; x_wconf 79' lang='lat' dir='ltr'><strong>Afri</strong></span> <span class='ocrx_word' id='word_1_800' title='bbox 2899 5363 3261 5425; x_wconf 82' lang='lat' dir='ltr'><strong>Innocentium</strong></span> <span class='ocrx_word' id='word_1_801' title='bbox 3288 5369 3457 5428; x_wconf 75' lang='lat' dir='ltr'><strong>Theo-</strong></span> 
     </span>
    </p>
   </div>
   <div class='ocr_carea' id='block_1_97' title="bbox 172 5456 3459 5540">
    <p class='ocr_par' dir='ltr' id='par_1_97' title="bbox 172 5456 3459 5540">
     <span class='ocr_line' id='line_1_97' title="bbox 172 5456 3459 5540; baseline 0.003 -25"><span class='ocrx_word' id='word_1_802' title='bbox 172 5456 376 5532; x_wconf 75' lang='lat' dir='ltr'><strong>(Psllad.</strong></span> <span class='ocrx_word' id='word_1_803' title='bbox 403 5482 529 5540; x_wconf 74' lang='lat' dir='ltr'><strong>pag.</strong></span> <span class='ocrx_word' id='word_1_804' title='bbox 708 5480 729 5515; x_wconf 83' lang='lat' dir='ltr'><strong>s</strong></span> <span class='ocrx_word' id='word_1_805' title='bbox 761 5461 892 5534; x_wconf 82' lang='lat' dir='ltr'><strong>Ejus</strong></span> <span class='ocrx_word' id='word_1_806' title='bbox 915 5460 1165 5533; x_wconf 84' lang='lat' dir='ltr'><strong>petitioni</strong></span> <span class='ocrx_word' id='word_1_807' title='bbox 1191 5458 1468 5532; x_wconf 84' lang='lat' dir='ltr'><strong>quomodo</strong></span> <span class='ocrx_word' id='word_1_808' title='bbox 1500 5458 1744 5530; x_wconf 86' lang='lat' dir='ltr'><strong>paruerit</strong></span> <span class='ocrx_word' id='word_1_809' title='bbox 1848 5456 1994 5527; x_wconf 77' lang='lat' dir='ltr'><strong>philo</strong></span> <span class='ocrx_word' id='word_1_810' title='bbox 2039 5457 2378 5512; x_wconf 78' lang='lat' dir='ltr'><strong>reconciliare</strong></span> <span class='ocrx_word' id='word_1_811' title='bbox 2414 5467 2631 5513; x_wconf 83' lang='lat' dir='ltr'><strong>tentant.</strong></span> <span class='ocrx_word' id='word_1_812' title='bbox 2674 5488 2747 5500; x_wconf 83' lang='lat'><strong>--</strong></span> <span class='ocrx_word' id='word_1_813' title='bbox 2779 5459 3231 5534; x_wconf 78' lang='lat' dir='ltr'><strong>Carthaginiense</strong></span> <span class='ocrx_word' id='word_1_814' title='bbox 3273 5468 3459 5525; x_wconf 85' lang='lat' dir='ltr'><strong>conci-</strong></span> 
     </span>
    </p>
   </div>
   <div class='ocr_carea' id='block_1_98' title="bbox 170 5548 3458 5647">
    <p class='ocr_par' dir='ltr' id='par_1_98' title="bbox 170 5548 3458 5647">
     <span class='ocr_line' id='line_1_98' title="bbox 170 5548 3458 5647; baseline 0.005 -42"><span class='ocrx_word' id='word_1_815' title='bbox 170 5549 507 5629; x_wconf 64' lang='lat' dir='ltr'><strong>imeuﬁns,</strong></span> <span class='ocrx_word' id='word_1_816' title='bbox 533 5559 710 5633; x_wconf 74' lang='lat' dir='ltr'><strong>prima</strong></span> <span class='ocrx_word' id='word_1_817' title='bbox 735 5558 790 5617; x_wconf 85' lang='lat' dir='ltr'><strong>in</strong></span> <span class='ocrx_word' id='word_1_818' title='bbox 814 5557 986 5631; x_wconf 71' lang='lat' dir='ltr'><strong>ipsius</strong></span> <span class='ocrx_word' id='word_1_819' title='bbox 1006 5555 1299 5629; x_wconf 77' lang='lat' dir='ltr'><strong>epistolam</strong></span> <span class='ocrx_word' id='word_1_820' title='bbox 1327 5554 1363 5611; x_wconf 88' lang='lat'><strong>9</strong></span> <span class='ocrx_word' id='word_1_821' title='bbox 1393 5553 1746 5609; x_wconf 84' lang='lat' dir='ltr'><strong>annotationc</strong></span> <span class='ocrx_word' id='word_1_822' title='bbox 1849 5550 2006 5647; x_wconf 80' lang='lat' dir='ltr'><strong>lium,</strong></span> <span class='ocrx_word' id='word_1_823' title='bbox 2038 5565 2184 5647; x_wconf 84' lang='lat' dir='ltr'><strong>anno</strong></span> <span class='ocrx_word' id='word_1_824' title='bbox 2212 5550 2341 5615; x_wconf 65' lang='grc'><strong>407,</strong></span> <span class='ocrx_word' id='word_1_825' title='bbox 2368 5548 2514 5606; x_wconf 86' lang='lat' dir='ltr'><strong>Junii</strong></span> <span class='ocrx_word' id='word_1_826' title='bbox 2548 5552 2617 5647; x_wconf 51' lang='lat' dir='ltr'><strong>id</strong></span> <span class='ocrx_word' id='word_1_827' title='bbox 2643 5549 2733 5607; x_wconf 91' lang='lat' dir='ltr'><strong>die</strong></span> <span class='ocrx_word' id='word_1_828' title='bbox 2763 5551 3029 5622; x_wconf 88' lang='lat' dir='ltr'><strong>habitum,</strong></span> <span class='ocrx_word' id='word_1_829' title='bbox 3065 5557 3131 5614; x_wconf 86' lang='lat' dir='ltr'><strong>de</strong></span> <span class='ocrx_word' id='word_1_830' title='bbox 3163 5558 3361 5647; x_wconf 84' lang='lat' dir='ltr'><strong>litteris</strong></span> <span class='ocrx_word' id='word_1_831' title='bbox 3388 5561 3458 5620; x_wconf 89' lang='lat' dir='ltr'><strong>ad</strong></span> 
     </span>
    </p>
   </div>
   <div class='ocr_carea' id='block_1_99' title="bbox 172 5641 3462 5729">
    <p class='ocr_par' dir='ltr' id='par_1_99' title="bbox 172 5641 3462 5729">
     <span class='ocr_line' id='line_1_99' title="bbox 172 5641 3462 5729; baseline 0.012 -55"><span class='ocrx_word' id='word_1_832' title='bbox 172 5658 533 5729; x_wconf 11' lang='lat' dir='ltr'><strong>amamus.»</strong></span> <span class='ocrx_word' id='word_1_833' title='bbox 1849 5641 2227 5699; x_wconf 85' lang='lat' dir='ltr'><strong>innocentium</strong></span> <span class='ocrx_word' id='word_1_834' title='bbox 2260 5658 2451 5715; x_wconf 85' lang='lat' dir='ltr'><strong>papam</strong></span> <span class='ocrx_word' id='word_1_835' title='bbox 2490 5646 2797 5701; x_wconf 82' lang='lat' dir='ltr'><strong>scribendis</strong></span> <span class='ocrx_word' id='word_1_836' title='bbox 2835 5647 2941 5703; x_wconf 87' lang='lat' dir='ltr'><strong>hoc</strong></span> <span class='ocrx_word' id='word_1_837' title='bbox 2975 5648 3257 5709; x_wconf 88' lang='lat' dir='ltr'><strong>decretum</strong></span> <span class='ocrx_word' id='word_1_838' title='bbox 3287 5641 3462 5713; x_wconf 80' lang='lat' dir='ltr'><strong>edidit</strong></span> 
     </span>
    </p>
   </div>
   <div class='ocr_carea' id='block_1_100' title="bbox 218 5716 1761 5839">
    <p class='ocr_par' dir='ltr' id='par_1_100' title="bbox 218 5716 1745 5821">
     <span class='ocr_line' id='line_1_100' title="bbox 218 5716 1745 5821; baseline -0.009 -11"><span class='ocrx_word' id='word_1_839' title='bbox 218 5716 480 5821; x_wconf 71' lang='lat' dir='ltr'><strong>Anno</strong></span> <span class='ocrx_word' id='word_1_840' title='bbox 502 5750 645 5818; x_wconf 67' lang='grc'><strong>406,</strong></span> <span class='ocrx_word' id='word_1_841' title='bbox 672 5746 1017 5805; x_wconf 79' lang='lat' dir='ltr'><strong>Innocentius</strong></span> <span class='ocrx_word' id='word_1_842' title='bbox 1058 5746 1291 5802; x_wconf 82' lang='lat' dir='ltr'><strong>Arcadio</strong></span> <span class='ocrx_word' id='word_1_843' title='bbox 1325 5745 1527 5801; x_wconf 79' lang='lat' dir='ltr'><strong>scribit.</strong></span> <span class='ocrx_word' id='word_1_844' title='bbox 1557 5775 1631 5786; x_wconf 88' lang='lat'><strong><em>—</em></strong></span> <span class='ocrx_word' id='word_1_845' title='bbox 1655 5742 1745 5798; x_wconf 85' lang='lat' dir='ltr'><strong>Iu-</strong></span> 
     </span>
    </p>
   </div>
   <div class='ocr_carea' id='block_1_101' title="bbox 1870 5716 3462 5839">
    <p class='ocr_par' dir='ltr' id='par_1_101' title="bbox 1870 5736 3462 5812">
     <span class='ocr_line' id='line_1_101' title="bbox 1870 5736 3462 5812; baseline 0.009 -21"><span class='ocrx_word' id='word_1_846' title='bbox 1870 5736 2021 5808; x_wconf 35' lang='lat' dir='ltr'><strong>LCod.</strong></span> <span class='ocrx_word' id='word_1_847' title='bbox 2043 5754 2158 5791; x_wconf 83' lang='lat' dir='ltr'><strong>can.</strong></span> <span class='ocrx_word' id='word_1_848' title='bbox 2193 5740 2314 5793; x_wconf 70' lang='grc' dir='ltr'><strong>θεοί.</strong></span> <span class='ocrx_word' id='word_1_849' title='bbox 2342 5737 2486 5807; x_wconf 61' lang='lat' dir='ltr'><strong>Afra,</strong></span> <span class='ocrx_word' id='word_1_850' title='bbox 2512 5755 2559 5792; x_wconf 90' lang='lat' dir='ltr'><strong>c.</strong></span> <span class='ocrx_word' id='word_1_851' title='bbox 2588 5740 2713 5809; x_wconf 82' lang='grc'><strong>101)</strong></span> <span class='ocrx_word' id='word_1_852' title='bbox 2743 5756 2757 5796; x_wconf 89' lang='grc'>;</span> <span class='ocrx_word' id='word_1_853' title='bbox 2795 5755 2815 5791; x_wconf 84' lang='lat' dir='ltr'><strong>t</strong></span> <span class='ocrx_word' id='word_1_854' title='bbox 2852 5740 3066 5799; x_wconf 77' lang='lat' dir='ltr'><strong>Placuit</strong></span> <span class='ocrx_word' id='word_1_855' title='bbox 3095 5748 3283 5812; x_wconf 85' lang='lat' dir='ltr'><strong>etiam,</strong></span> <span class='ocrx_word' id='word_1_856' title='bbox 3312 5760 3367 5803; x_wconf 83' lang='grc' dir='ltr'><strong>ιιι</strong></span> <span class='ocrx_word' id='word_1_857' title='bbox 3392 5750 3462 5806; x_wconf 86' lang='lat' dir='ltr'><strong>de</strong></span> 
     </span>
    </p>
   </div>
   <div class='ocr_carea' id='block_1_102' title="bbox 172 5812 3452 5919">
    <p class='ocr_par' dir='ltr' id='par_1_102' title="bbox 172 5812 3452 5919">
     <span class='ocr_line' id='line_1_102' title="bbox 172 5812 3452 5919; baseline -0.004 -9"><span class='ocrx_word' id='word_1_858' title='bbox 172 5812 571 5909; x_wconf 39' lang='lat' dir='ltr'><strong>“aliusnon</strong></span> <span class='ocrx_word' id='word_1_859' title='bbox 600 5812 780 5901; x_wconf 71' lang='lat' dir='ltr'><strong>solum</strong></span> <span class='ocrx_word' id='word_1_860' title='bbox 800 5843 1053 5897; x_wconf 84' lang='lat' dir='ltr'><strong>Honorio</strong></span> <span class='ocrx_word' id='word_1_861' title='bbox 1081 5842 1328 5913; x_wconf 86' lang='lat' dir='ltr'><strong>legatos,</strong></span> <span class='ocrx_word' id='word_1_862' title='bbox 1358 5853 1497 5911; x_wconf 89' lang='lat' dir='ltr'><strong>quos</strong></span> <span class='ocrx_word' id='word_1_863' title='bbox 1526 5846 1751 5909; x_wconf 45' lang='lat' dir='ltr'><strong>expete-</strong></span> <span class='ocrx_word' id='word_1_864' title='bbox 1852 5830 2195 5888; x_wconf 83' lang='lat' dir='ltr'><strong>dissensione</strong></span> <span class='ocrx_word' id='word_1_865' title='bbox 2239 5830 2500 5885; x_wconf 77' lang='lat' dir='ltr'><strong>Romanac</strong></span> <span class='ocrx_word' id='word_1_866' title='bbox 2549 5841 2711 5902; x_wconf 87' lang='lat' dir='ltr'><strong>atque</strong></span> <span class='ocrx_word' id='word_1_867' title='bbox 2760 5833 3146 5896; x_wconf 68' lang='lat' dir='ltr'><strong>t‘.iexandrina</strong></span> <span class='ocrx_word' id='word_1_868' title='bbox 3192 5840 3452 5919; x_wconf 65' lang='lat' dir='ltr'><strong>Ecclesia</strong></span> 
     </span>
    </p>
   </div>
   <div class='ocr_carea' id='block_1_103' title="bbox 250 5935 1761 6017">
    <p class='ocr_par' dir='ltr' id='par_1_103' title="bbox 250 5935 1050 6017">
     <span class='ocr_line' id='line_1_103' title="bbox 250 5935 1050 6017; baseline -0.001 -26"><span class='ocrx_word' id='word_1_869' title='bbox 250 5982 273 5991; x_wconf 45' lang='grc'><strong><em>4</em></strong></span> <span class='ocrx_word' id='word_1_870' title='bbox 326 5940 357 6003; x_wconf 55' lang='grc' dir='ltr'><em>ᾖ</em></span> <span class='ocrx_word' id='word_1_871' title='bbox 412 5948 451 5987; x_wconf 78' lang='grc'><strong>’-</strong></span> <span class='ocrx_word' id='word_1_872' title='bbox 572 5942 854 6017; x_wconf 53' lang='lat' dir='ltr'><strong>Puncta</strong></span> <span class='ocrx_word' id='word_1_873' title='bbox 902 5935 1050 5997; x_wconf 81' lang='lat' dir='ltr'><strong>XX.</strong></span> 
     </span>
    </p>
   </div>
   <div class='ocr_carea' id='block_1_104' title="bbox 1870 5935 3028 6017">
    <p class='ocr_par' dir='ltr' id='par_1_104' title="bbox 2957 5939 3028 5995">
     <span class='ocr_line' id='line_1_104' title="bbox 2957 5939 3028 5995; baseline 0.056 -4"><span class='ocrx_word' id='word_1_874' title='bbox 2957 5939 3028 5995; x_wconf 68' lang='lat'><strong>20</strong></span> 
     </span>
    </p>
   </div>
   <div class='ocr_carea' id='block_1_105' title="bbox 210 6032 467 6055">
    <p class='ocr_par' dir='ltr' id='par_1_105' title="bbox 210 6032 467 6055">
     <span class='ocr_line' id='line_1_105' title="bbox 210 6032 281 6051; baseline 0 0"><span class='ocrx_word' id='word_1_875' title='bbox 210 6032 281 6051; x_wconf 60' lang='lat' dir='ltr'><strong>Ok‘</strong></span> 
     </span>
     <span class='ocr_line' id='line_1_106' title="bbox 252 6048 467 6055; baseline 0 0"><span class='ocrx_word' id='word_1_876' title='bbox 252 6048 265 6055; x_wconf 69' lang='grc' dir='ltr'><strong>Α.</strong></span> <span class='ocrx_word' id='word_1_877' title='bbox 464 6052 467 6055; x_wconf 54' lang='grc' dir='ltr'><em>ν</em></span> 
     </span>
    </p>
   </div>
  </div>
