  <div class='ocr_page' id='page_1' title='image "/cluster/home/n/w/nwhite01/storage/ocr_20150623/20-21/uva.x000826555/351.png"; bbox 0 0 3896 6222; ppageno 0'>
   <div class='ocr_carea' id='block_1_1' title="bbox 417 346 560 407">
    <p class='ocr_par' dir='ltr' id='par_1_1' title="bbox 417 346 560 407">
     <span class='ocr_line' id='line_1_1' title="bbox 417 346 560 407; baseline 0 -1"><span class='ocrx_word' id='word_1_1' title='bbox 417 372 420 376; x_wconf 71' lang='lat'>&#39;</span> <span class='ocrx_word' id='word_1_2' title='bbox 449 346 560 407; x_wconf 74' lang='lat'><strong><em>687</em></strong></span> 
     </span>
    </p>
   </div>
   <div class='ocr_carea' id='block_1_2' title="bbox 1407 323 2852 410">
    <p class='ocr_par' dir='ltr' id='par_1_2' title="bbox 1407 323 2852 410">
     <span class='ocr_line' id='line_1_2' title="bbox 1407 323 2852 410; baseline 0.003 -8"><span class='ocrx_word' id='word_1_3' title='bbox 1407 343 1756 406; x_wconf 78' lang='lat' dir='ltr'><strong><em>APPENDIX</em></strong></span> <span class='ocrx_word' id='word_1_4' title='bbox 1795 345 1888 404; x_wconf 81' lang='lat' dir='ltr'><strong><em>AD</em></strong></span> <span class='ocrx_word' id='word_1_5' title='bbox 1927 343 2160 404; x_wconf 68' lang='lat' dir='ltr'><strong><em>orsus</em></strong></span> <span class='ocrx_word' id='word_1_6' title='bbox 2199 346 2259 406; x_wconf 90' lang='lat' dir='ltr'><strong><em>s.</em></strong></span> <span class='ocrx_word' id='word_1_7' title='bbox 2299 343 2532 410; x_wconf 80' lang='lat' dir='ltr'><strong><em>zosnu</em></strong></span> <span class='ocrx_word' id='word_1_8' title='bbox 2570 345 2796 410; x_wconf 66' lang='lat' dir='ltr'><strong><em>ptest.</em></strong></span> <span class='ocrx_word' id='word_1_9' title='bbox 2848 323 2852 326; x_wconf 80' lang='grc'><strong>’</strong></span> 
     </span>
    </p>
   </div>
   <div class='ocr_carea' id='block_1_3' title="bbox 3669 343 3790 405">
    <p class='ocr_par' dir='ltr' id='par_1_3' title="bbox 3669 343 3790 405">
     <span class='ocr_line' id='line_1_3' title="bbox 3669 343 3790 405; baseline -0.017 0"><span class='ocrx_word' id='word_1_10' title='bbox 3669 343 3790 405; x_wconf 75' lang='lat'><strong><em>688</em></strong></span> 
     </span>
    </p>
   </div>
   <div class='ocr_carea' id='block_1_4' title="bbox 443 456 3786 536">
    <p class='ocr_par' dir='ltr' id='par_1_4' title="bbox 443 456 3786 536">
     <span class='ocr_line' id='line_1_4' title="bbox 443 456 3786 536; baseline -0.001 -22"><span class='ocrx_word' id='word_1_11' title='bbox 443 461 645 536; x_wconf 79' lang='lat' dir='ltr'><strong><em>seripla</em></strong></span> <span class='ocrx_word' id='word_1_12' title='bbox 671 459 913 518; x_wconf 87' lang='lat' dir='ltr'><strong><em>Zosimus</em></strong></span> <span class='ocrx_word' id='word_1_13' title='bbox 937 457 1244 528; x_wconf 74' lang='lat' dir='ltr'><strong><em>accepisset,</em></strong></span> <span class='ocrx_word' id='word_1_14' title='bbox 1268 466 1548 513; x_wconf 78' lang='lat' dir='ltr'><strong><em>convocato</em></strong></span> <span class='ocrx_word' id='word_1_15' title='bbox 1578 457 1720 513; x_wconf 86' lang='lat' dir='ltr'><strong><em>clero</em></strong></span> <span class='ocrx_word' id='word_1_16' title='bbox 1738 500 1755 526; x_wconf 94' lang='lat'><strong><em>,</em></strong></span> <span class='ocrx_word' id='word_1_17' title='bbox 1794 457 2064 526; x_wconf 84' lang='lat' dir='ltr'><strong><em>accitoque</em></strong></span> <span class='ocrx_word' id='word_1_18' title='bbox 2093 459 2144 523; x_wconf 86' lang='grc' dir='ltr'><strong>Λ</strong></span> <span class='ocrx_word' id='word_1_19' title='bbox 2169 459 2379 527; x_wconf 77' lang='lat' dir='ltr'><strong><em>sineiis,</em></strong></span> <span class='ocrx_word' id='word_1_20' title='bbox 2406 460 2615 518; x_wconf 87' lang='lat' dir='ltr'><strong><em>ineunte</em></strong></span> <span class='ocrx_word' id='word_1_21' title='bbox 2644 476 2822 516; x_wconf 85' lang='lat' dir='ltr'><strong><em>mense</em></strong></span> <span class='ocrx_word' id='word_1_22' title='bbox 2833 457 3122 517; x_wconf 73' lang='lat' dir='ltr'><strong><em>Nouembri</em></strong></span> <span class='ocrx_word' id='word_1_23' title='bbox 3145 457 3277 515; x_wconf 87' lang='lat' dir='ltr'><strong><em>anni</em></strong></span> <span class='ocrx_word' id='word_1_24' title='bbox 3292 456 3403 516; x_wconf 74' lang='grc'><strong><em>117</em></strong></span> <span class='ocrx_word' id='word_1_25' title='bbox 3415 457 3786 515; x_wconf 68' lang='lat' dir='ltr'><strong><em>convenerint.</em></strong></span> 
     </span>
    </p>
   </div>
   <div class='ocr_carea' id='block_1_5' title="bbox 446 550 2062 626">
    <p class='ocr_par' dir='ltr' id='par_1_5' title="bbox 446 550 2062 626">
     <span class='ocr_line' id='line_1_5' title="bbox 446 550 2062 626; baseline -0.003 -15"><span class='ocrx_word' id='word_1_26' title='bbox 446 552 715 622; x_wconf 72' lang='lat' dir='ltr'><strong><em>Caelestio,</em></strong></span> <span class='ocrx_word' id='word_1_27' title='bbox 743 553 909 626; x_wconf 88' lang='lat' dir='ltr'><strong><em>ipsius</em></strong></span> <span class='ocrx_word' id='word_1_28' title='bbox 933 569 994 607; x_wconf 89' lang='lat' dir='ltr'><strong><em>ac</em></strong></span> <span class='ocrx_word' id='word_1_29' title='bbox 1022 550 1228 623; x_wconf 80' lang='lat' dir='ltr'><strong><em>Pelagii</em></strong></span> <span class='ocrx_word' id='word_1_30' title='bbox 1254 567 1468 606; x_wconf 84' lang='lat' dir='ltr'><strong><em>causam</em></strong></span> <span class='ocrx_word' id='word_1_31' title='bbox 1495 550 1792 606; x_wconf 64' lang='lat' dir='ltr'><strong><em>examinari</em></strong></span> <span class='ocrx_word' id='word_1_32' title='bbox 1817 560 1975 623; x_wconf 87' lang='lat' dir='ltr'><strong><em>atque</em></strong></span> <span class='ocrx_word' id='word_1_33' title='bbox 1997 563 2062 606; x_wconf 87' lang='lat' dir='ltr'><strong><em>eo</em></strong></span> 
     </span>
    </p>
   </div>
   <div class='ocr_carea' id='block_1_6' title="bbox 449 642 2064 721">
    <p class='ocr_par' dir='ltr' id='par_1_6' title="bbox 449 642 2064 721">
     <span class='ocr_line' id='line_1_6' title="bbox 449 642 2064 721; baseline -0.004 -15"><span class='ocrx_word' id='word_1_34' title='bbox 449 649 517 706; x_wconf 88' lang='lat' dir='ltr'><strong><em>de</em></strong></span> <span class='ocrx_word' id='word_1_35' title='bbox 543 665 602 705; x_wconf 86' lang='lat' dir='ltr'><strong><em>re</em></strong></span> <span class='ocrx_word' id='word_1_36' title='bbox 621 659 737 707; x_wconf 82' lang='lat' dir='ltr'><strong><em>acta</em></strong></span> <span class='ocrx_word' id='word_1_37' title='bbox 766 648 954 721; x_wconf 72' lang='lat' dir='ltr'><strong><em>conﬁci</em></strong></span> <span class='ocrx_word' id='word_1_38' title='bbox 973 646 1244 721; x_wconf 66' lang='lat' dir='ltr'><strong><em>praecepit.</em></strong></span> <span class='ocrx_word' id='word_1_39' title='bbox 1274 644 1437 702; x_wconf 81' lang='lat' dir='ltr'><strong><em>Gesta</em></strong></span> <span class='ocrx_word' id='word_1_40' title='bbox 1462 644 1562 700; x_wconf 89' lang='lat' dir='ltr'><strong><em>illa</em></strong></span> <span class='ocrx_word' id='word_1_41' title='bbox 1590 644 1782 700; x_wconf 69' lang='lat' dir='ltr'><strong><em>exinde</em></strong></span> <span class='ocrx_word' id='word_1_42' title='bbox 1796 642 2064 700; x_wconf 70' lang='lat' dir='ltr'><strong><em>Basilisco</em></strong></span> 
     </span>
    </p>
   </div>
   <div class='ocr_carea' id='block_1_7' title="bbox 446 735 2062 812">
    <p class='ocr_par' dir='ltr' id='par_1_7' title="bbox 446 735 2062 812">
     <span class='ocr_line' id='line_1_7' title="bbox 446 735 2062 812; baseline -0.006 -11"><span class='ocrx_word' id='word_1_43' title='bbox 446 742 645 801; x_wconf 86' lang='lat' dir='ltr'><strong><em>tradita</em></strong></span> <span class='ocrx_word' id='word_1_44' title='bbox 666 785 681 812; x_wconf 90' lang='lat'><strong><em>,</em></strong></span> <span class='ocrx_word' id='word_1_45' title='bbox 704 751 766 798; x_wconf 86' lang='lat' dir='ltr'><strong><em>ut</em></strong></span> <span class='ocrx_word' id='word_1_46' title='bbox 791 759 854 797; x_wconf 80' lang='lat' dir='ltr'><strong><em>ea</em></strong></span> <span class='ocrx_word' id='word_1_47' title='bbox 888 741 1114 810; x_wconf 74' lang='lat' dir='ltr'><strong><em>deferret</em></strong></span> <span class='ocrx_word' id='word_1_48' title='bbox 1140 741 1196 795; x_wconf 88' lang='lat' dir='ltr'><strong><em>in</em></strong></span> <span class='ocrx_word' id='word_1_49' title='bbox 1218 738 1478 812; x_wconf 76' lang='lat' dir='ltr'><strong><em>Africam,</em></strong></span> <span class='ocrx_word' id='word_1_50' title='bbox 1507 753 1610 810; x_wconf 86' lang='lat' dir='ltr'><strong><em>quo</em></strong></span> <span class='ocrx_word' id='word_1_51' title='bbox 1631 735 1771 793; x_wconf 76' lang='lat' dir='ltr'><strong><em>hunc</em></strong></span> <span class='ocrx_word' id='word_1_52' title='bbox 1782 736 2062 793; x_wconf 84' lang='lat' dir='ltr'><strong><em>subdiaco-</em></strong></span> 
     </span>
    </p>
   </div>
   <div class='ocr_carea' id='block_1_8' title="bbox 449 830 2063 904">
    <p class='ocr_par' dir='ltr' id='par_1_8' title="bbox 449 830 2063 904">
     <span class='ocr_line' id='line_1_8' title="bbox 449 830 2063 904; baseline -0.002 -13"><span class='ocrx_word' id='word_1_53' title='bbox 449 853 577 892; x_wconf 83' lang='lat' dir='ltr'><strong><em>num</em></strong></span> <span class='ocrx_word' id='word_1_54' title='bbox 603 851 745 891; x_wconf 85' lang='lat' dir='ltr'><strong><em>anno</em></strong></span> <span class='ocrx_word' id='word_1_55' title='bbox 785 834 918 902; x_wconf 74' lang='lat' dir='ltr'><strong><em>M7,</em></strong></span> <span class='ocrx_word' id='word_1_56' title='bbox 945 843 1066 890; x_wconf 82' lang='lat' dir='ltr'><strong><em>ante</em></strong></span> <span class='ocrx_word' id='word_1_57' title='bbox 1091 833 1130 889; x_wconf 73' lang='lat'><strong>2</strong></span> <span class='ocrx_word' id='word_1_58' title='bbox 1160 830 1475 889; x_wconf 72' lang='lat' dir='ltr'><strong><em>Novembris</em></strong></span> <span class='ocrx_word' id='word_1_59' title='bbox 1502 831 1641 887; x_wconf 87' lang='lat' dir='ltr'><strong><em>diem</em></strong></span> <span class='ocrx_word' id='word_1_60' title='bbox 1676 831 1977 904; x_wconf 68' lang='lat' dir='ltr'><strong><em>perrenise</em></strong></span> <span class='ocrx_word' id='word_1_61' title='bbox 1994 846 2063 887; x_wconf 70' lang='lat' dir='ltr'><strong><em>eu</em></strong></span> 
     </span>
    </p>
   </div>
   <div class='ocr_carea' id='block_1_9' title="bbox 353 920 2061 997">
    <p class='ocr_par' dir='ltr' id='par_1_9' title="bbox 353 920 2061 997">
     <span class='ocr_line' id='line_1_9' title="bbox 353 920 2061 997; baseline -0.004 -12"><span class='ocrx_word' id='word_1_62' title='bbox 353 969 360 976; x_wconf 64' lang='grc' dir='ltr'><em>ι</em></span> <span class='ocrx_word' id='word_1_63' title='bbox 447 925 669 997; x_wconf 82' lang='lat' dir='ltr'><strong><em>epistola</em></strong></span> <span class='ocrx_word' id='word_1_64' title='bbox 690 925 747 995; x_wconf 86' lang='lat'><strong><em>8,</em></strong></span> <span class='ocrx_word' id='word_1_65' title='bbox 773 943 828 982; x_wconf 88' lang='lat' dir='ltr'><strong><em>n.</em></strong></span> <span class='ocrx_word' id='word_1_66' title='bbox 857 926 916 991; x_wconf 79' lang='grc'><strong>4.</strong></span> <span class='ocrx_word' id='word_1_67' title='bbox 941 935 1142 980; x_wconf 83' lang='lat' dir='ltr'><strong><em>certum</em></strong></span> <span class='ocrx_word' id='word_1_68' title='bbox 1170 932 1266 980; x_wconf 89' lang='lat' dir='ltr'><strong><em>est.</em></strong></span> <span class='ocrx_word' id='word_1_69' title='bbox 1299 921 1376 978; x_wconf 87' lang='lat' dir='ltr'><strong><em>De</em></strong></span> <span class='ocrx_word' id='word_1_70' title='bbox 1400 921 1485 979; x_wconf 79' lang='lat' dir='ltr'><strong><em>Itis</em></strong></span> <span class='ocrx_word' id='word_1_71' title='bbox 1510 921 1667 996; x_wconf 78' lang='lat' dir='ltr'><strong><em>gestis</em></strong></span> <span class='ocrx_word' id='word_1_72' title='bbox 1688 920 1896 978; x_wconf 78' lang='lat' dir='ltr'><strong><em>Marius</em></strong></span> <span class='ocrx_word' id='word_1_73' title='bbox 1916 920 2061 978; x_wconf 73' lang='lat' dir='ltr'><strong><em>Her-</em></strong></span> 
     </span>
    </p>
   </div>
   <div class='ocr_carea' id='block_1_10' title="bbox 405 1015 2061 1096">
    <p class='ocr_par' dir='ltr' id='par_1_10' title="bbox 405 1015 2061 1096">
     <span class='ocr_line' id='line_1_10' title="bbox 405 1015 2061 1096; baseline -0.004 -20"><span class='ocrx_word' id='word_1_74' title='bbox 405 1070 424 1076; x_wconf 89' lang='lat'><strong><em>-</em></strong></span> <span class='ocrx_word' id='word_1_75' title='bbox 448 1031 594 1078; x_wconf 85' lang='lat' dir='ltr'><strong><em>calor</em></strong></span> <span class='ocrx_word' id='word_1_76' title='bbox 614 1020 910 1096; x_wconf 82' lang='lat' dir='ltr'><strong><em>(Common.</em></strong></span> <span class='ocrx_word' id='word_1_77' title='bbox 942 1035 992 1074; x_wconf 91' lang='lat' dir='ltr'><strong><em>c.</em></strong></span> <span class='ocrx_word' id='word_1_78' title='bbox 1025 1018 1105 1090; x_wconf 85' lang='grc'><strong><em>1),</em></strong></span> <span class='ocrx_word' id='word_1_79' title='bbox 1135 1020 1226 1090; x_wconf 87' lang='lat' dir='ltr'><strong><em>qui</em></strong></span> <span class='ocrx_word' id='word_1_80' title='bbox 1248 1032 1430 1074; x_wconf 88' lang='lat' dir='ltr'><strong><em>eorum</em></strong></span> <span class='ocrx_word' id='word_1_81' title='bbox 1471 1015 1793 1086; x_wconf 67' lang='lat' dir='ltr'><strong><em>exemplaria</em></strong></span> <span class='ocrx_word' id='word_1_82' title='bbox 1821 1031 1978 1088; x_wconf 80' lang='lat' dir='ltr'><strong><em>penes</em></strong></span> <span class='ocrx_word' id='word_1_83' title='bbox 2007 1031 2061 1070; x_wconf 92' lang='lat' dir='ltr'><strong><em>se</em></strong></span> 
     </span>
    </p>
   </div>
   <div class='ocr_carea' id='block_1_11' title="bbox 446 1111 2059 1186">
    <p class='ocr_par' dir='ltr' id='par_1_11' title="bbox 446 1111 2059 1186">
     <span class='ocr_line' id='line_1_11' title="bbox 446 1111 2059 1186; baseline -0.002 -15"><span class='ocrx_word' id='word_1_84' title='bbox 446 1117 610 1186; x_wconf 82' lang='lat' dir='ltr'><strong><em>fuisse</em></strong></span> <span class='ocrx_word' id='word_1_85' title='bbox 637 1125 888 1181; x_wconf 84' lang='lat' dir='ltr'><strong><em>testatur,</em></strong></span> <span class='ocrx_word' id='word_1_86' title='bbox 913 1115 1057 1170; x_wconf 83' lang='lat' dir='ltr'><strong><em>istud</em></strong></span> <span class='ocrx_word' id='word_1_87' title='bbox 1093 1113 1296 1170; x_wconf 84' lang='lat' dir='ltr'><strong><em>tradit:</em></strong></span> <span class='ocrx_word' id='word_1_88' title='bbox 1326 1112 1620 1170; x_wconf 69' lang='lat' dir='ltr'><strong><em>Calestius</em></strong></span> <span class='ocrx_word' id='word_1_89' title='bbox 1665 1111 2059 1184; x_wconf 69' lang='lat' dir='ltr'><strong><em>interrogatus,</em></strong></span> 
     </span>
    </p>
   </div>
   <div class='ocr_carea' id='block_1_12' title="bbox 443 1195 2060 1282">
    <p class='ocr_par' dir='ltr' id='par_1_12' title="bbox 443 1195 2060 1282">
     <span class='ocr_line' id='line_1_12' title="bbox 443 1195 2060 1282; baseline -0.004 -14"><span class='ocrx_word' id='word_1_90' title='bbox 443 1225 574 1268; x_wconf 79' lang='lat' dir='ltr'><strong><em>cum</em></strong></span> <span class='ocrx_word' id='word_1_91' title='bbox 602 1195 688 1268; x_wconf 72' lang='lat' dir='ltr'><strong><em>ab</em></strong></span> <span class='ocrx_word' id='word_1_92' title='bbox 732 1210 830 1266; x_wconf 87' lang='lat' dir='ltr'><strong><em>illo</em></strong></span> <span class='ocrx_word' id='word_1_93' title='bbox 851 1209 1144 1281; x_wconf 74' lang='lat' dir='ltr'><strong><em>cognitore</em></strong></span> <span class='ocrx_word' id='word_1_94' title='bbox 1192 1204 1453 1282; x_wconf 85' lang='lat' dir='ltr'><strong><em>(Zosimo)</em></strong></span> <span class='ocrx_word' id='word_1_95' title='bbox 1492 1205 1836 1276; x_wconf 74' lang='lat' dir='ltr'><strong><em>aliquatenus</em></strong></span> <span class='ocrx_word' id='word_1_96' title='bbox 1881 1218 2060 1262; x_wconf 80' lang='lat' dir='ltr'><strong><em>terre-</em></strong></span> 
     </span>
    </p>
   </div>
   <div class='ocr_carea' id='block_1_13' title="bbox 444 1300 2061 1374">
    <p class='ocr_par' dir='ltr' id='par_1_13' title="bbox 444 1300 2061 1374">
     <span class='ocr_line' id='line_1_13' title="bbox 444 1300 2061 1374; baseline -0.002 -14"><span class='ocrx_word' id='word_1_97' title='bbox 444 1311 642 1369; x_wconf 80' lang='lat' dir='ltr'><strong><em>retur,</em></strong></span> <span class='ocrx_word' id='word_1_98' title='bbox 686 1303 902 1361; x_wconf 76' lang='lat' dir='ltr'><strong><em>crebris</em></strong></span> <span class='ocrx_word' id='word_1_99' title='bbox 946 1301 1408 1374; x_wconf 79' lang='lat' dir='ltr'><strong><em>responsionibus</em></strong></span> <span class='ocrx_word' id='word_1_100' title='bbox 1455 1306 1516 1356; x_wconf 89' lang='lat' dir='ltr'><strong><em>et</em></strong></span> <span class='ocrx_word' id='word_1_101' title='bbox 1565 1300 2061 1371; x_wconf 65' lang='lat' dir='ltr'><strong><em>prosecutionibus</em></strong></span> 
     </span>
    </p>
   </div>
   <div class='ocr_carea' id='block_1_14' title="bbox 443 1394 2060 1468">
    <p class='ocr_par' dir='ltr' id='par_1_14' title="bbox 443 1394 2060 1468">
     <span class='ocr_line' id='line_1_14' title="bbox 443 1394 2060 1468; baseline -0.002 -14"><span class='ocrx_word' id='word_1_102' title='bbox 443 1399 560 1456; x_wconf 84' lang='lat' dir='ltr'><strong><em>suis</em></strong></span> <span class='ocrx_word' id='word_1_103' title='bbox 587 1412 743 1468; x_wconf 81' lang='lat' dir='ltr'><strong><em>spem</em></strong></span> <span class='ocrx_word' id='word_1_104' title='bbox 790 1394 1204 1468; x_wconf 66' lang='lat' dir='ltr'><strong><em>praeseminavit</em></strong></span> <span class='ocrx_word' id='word_1_105' title='bbox 1251 1394 1625 1452; x_wconf 82' lang='lat' dir='ltr'><strong><em>condemnare</em></strong></span> <span class='ocrx_word' id='word_1_106' title='bbox 1663 1410 1725 1452; x_wconf 88' lang='lat' dir='ltr'><strong><em>se</em></strong></span> <span class='ocrx_word' id='word_1_107' title='bbox 1773 1395 2013 1466; x_wconf 81' lang='lat' dir='ltr'><strong><em>capitula</em></strong></span> <span class='ocrx_word' id='word_1_108' title='bbox 2040 1436 2060 1464; x_wconf 95' lang='lat'><strong><em>,</em></strong></span> 
     </span>
    </p>
   </div>
   <div class='ocr_carea' id='block_1_15' title="bbox 445 1489 2064 1566">
    <p class='ocr_par' dir='ltr' id='par_1_15' title="bbox 445 1489 2064 1566">
     <span class='ocr_line' id='line_1_15' title="bbox 445 1489 2064 1566; baseline -0.002 -16"><span class='ocrx_word' id='word_1_109' title='bbox 445 1492 519 1550; x_wconf 83' lang='lat' dir='ltr'><strong><em>tle</em></strong></span> <span class='ocrx_word' id='word_1_110' title='bbox 539 1493 740 1566; x_wconf 82' lang='lat' dir='ltr'><strong><em>quibus</em></strong></span> <span class='ocrx_word' id='word_1_111' title='bbox 768 1491 909 1565; x_wconf 81' lang='lat' dir='ltr'><strong><em>apud</em></strong></span> <span class='ocrx_word' id='word_1_112' title='bbox 941 1489 1335 1564; x_wconf 71' lang='lat' dir='ltr'><strong><em>Carthaginem</em></strong></span> <span class='ocrx_word' id='word_1_113' title='bbox 1368 1491 1425 1566; x_wconf 91' lang='lat' dir='ltr'><strong><em>(a</em></strong></span> <span class='ocrx_word' id='word_1_114' title='bbox 1461 1490 1722 1565; x_wconf 81' lang='lat' dir='ltr'><strong><em>Paulino)</em></strong></span> <span class='ocrx_word' id='word_1_115' title='bbox 1763 1492 1946 1548; x_wconf 82' lang='lat' dir='ltr'><strong><em>fuerat</em></strong></span> <span class='ocrx_word' id='word_1_116' title='bbox 1973 1507 2064 1547; x_wconf 82' lang='lat' dir='ltr'><strong><em>ac-</em></strong></span> 
     </span>
    </p>
   </div>
   <div class='ocr_carea' id='block_1_16' title="bbox 443 1586 2058 1659">
    <p class='ocr_par' dir='ltr' id='par_1_16' title="bbox 443 1586 2058 1659">
     <span class='ocr_line' id='line_1_16' title="bbox 443 1586 2058 1659; baseline -0.001 -16"><span class='ocrx_word' id='word_1_117' title='bbox 443 1595 687 1655; x_wconf 84' lang='lat' dir='ltr'><strong><em>cusatus,</em></strong></span> <span class='ocrx_word' id='word_1_118' title='bbox 719 1588 1074 1659; x_wconf 74' lang='lat' dir='ltr'><strong><em>promittens.</em></strong></span> <span class='ocrx_word' id='word_1_119' title='bbox 1098 1587 1156 1643; x_wconf 85' lang='lat' dir='ltr'><strong><em>ld</em></strong></span> <span class='ocrx_word' id='word_1_120' title='bbox 1180 1587 1330 1643; x_wconf 82' lang='lat' dir='ltr'><strong><em>enim</em></strong></span> <span class='ocrx_word' id='word_1_121' title='bbox 1352 1595 1410 1642; x_wconf 85' lang='lat' dir='ltr'><strong><em>et</em></strong></span> <span class='ocrx_word' id='word_1_122' title='bbox 1432 1586 2058 1659; x_wconf 81' lang='lat' dir='ltr'><strong><em>instantiusjubebatur,</em></strong></span> 
     </span>
    </p>
   </div>
   <div class='ocr_carea' id='block_1_17' title="bbox 442 1679 2063 1754">
    <p class='ocr_par' dir='ltr' id='par_1_17' title="bbox 442 1679 2063 1754">
     <span class='ocr_line' id='line_1_17' title="bbox 442 1679 2063 1754; baseline -0.001 -17"><span class='ocrx_word' id='word_1_123' title='bbox 442 1681 515 1737; x_wconf 86' lang='lat' dir='ltr'><strong><em>ab</em></strong></span> <span class='ocrx_word' id='word_1_124' title='bbox 563 1697 744 1754; x_wconf 85' lang='lat' dir='ltr'><strong><em>eoque</em></strong></span> <span class='ocrx_word' id='word_1_125' title='bbox 772 1679 1159 1738; x_wconf 80' lang='lat' dir='ltr'><strong><em>vehementius</em></strong></span> <span class='ocrx_word' id='word_1_126' title='bbox 1185 1681 1636 1751; x_wconf 69' lang='lat' dir='ltr'><strong><em>exspectabatur.</em></strong></span> <span class='ocrx_word' id='word_1_127' title='bbox 1671 1679 1928 1738; x_wconf 82' lang='lat' dir='ltr'><strong><em>Eamdem</em></strong></span> <span class='ocrx_word' id='word_1_128' title='bbox 1950 1698 2063 1736; x_wconf 86' lang='lat' dir='ltr'><strong><em>rem</em></strong></span> 
     </span>
    </p>
   </div>
   <div class='ocr_carea' id='block_1_18' title="bbox 443 1772 2058 1851">
    <p class='ocr_par' dir='ltr' id='par_1_18' title="bbox 443 1772 2058 1851">
     <span class='ocr_line' id='line_1_18' title="bbox 443 1772 2058 1851; baseline 0 -20"><span class='ocrx_word' id='word_1_129' title='bbox 443 1775 682 1846; x_wconf 78' lang='lat' dir='ltr'><strong><em>pluribus</em></strong></span> <span class='ocrx_word' id='word_1_130' title='bbox 697 1773 1022 1844; x_wconf 77' lang='lat' dir='ltr'><strong><em>prosequitur</em></strong></span> <span class='ocrx_word' id='word_1_131' title='bbox 1043 1773 1467 1849; x_wconf 80' lang='lat' dir='ltr'><strong><em>Augustinuslib.</em></strong></span> <span class='ocrx_word' id='word_1_132' title='bbox 1487 1775 1554 1830; x_wconf 89' lang='lat' dir='ltr'><strong><em>de</em></strong></span> <span class='ocrx_word' id='word_1_133' title='bbox 1574 1772 1732 1831; x_wconf 87' lang='lat' dir='ltr'><strong><em>Pecc.</em></strong></span> <span class='ocrx_word' id='word_1_134' title='bbox 1755 1776 1916 1851; x_wconf 83' lang='lat' dir='ltr'><strong><em>orlg.,</em></strong></span> <span class='ocrx_word' id='word_1_135' title='bbox 1931 1791 1980 1829; x_wconf 88' lang='lat' dir='ltr'><strong><em>c.</em></strong></span> <span class='ocrx_word' id='word_1_136' title='bbox 1999 1775 2058 1831; x_wconf 91' lang='lat'><strong><em>7.</em></strong></span> 
     </span>
    </p>
   </div>
   <div class='ocr_carea' id='block_1_19' title="bbox 2175 550 3788 629">
    <p class='ocr_par' dir='ltr' id='par_1_19' title="bbox 2175 550 3788 629">
     <span class='ocr_line' id='line_1_19' title="bbox 2175 550 3788 629; baseline -0.002 -21"><span class='ocrx_word' id='word_1_137' title='bbox 2175 551 2364 609; x_wconf 82' lang='lat' dir='ltr'><strong><em>Verum</em></strong></span> <span class='ocrx_word' id='word_1_138' title='bbox 2412 554 2588 610; x_wconf 81' lang='lat' dir='ltr'><strong><em>varios</em></strong></span> <span class='ocrx_word' id='word_1_139' title='bbox 2640 553 2925 629; x_wconf 75' lang='lat' dir='ltr'><strong><em>Augustini</em></strong></span> <span class='ocrx_word' id='word_1_140' title='bbox 2978 552 3308 627; x_wconf 85' lang='lat' dir='ltr'><strong><em>aliorumque</em></strong></span> <span class='ocrx_word' id='word_1_141' title='bbox 3335 550 3561 609; x_wconf 79' lang='lat' dir='ltr'><strong><em>Patrum</em></strong></span> <span class='ocrx_word' id='word_1_142' title='bbox 3609 551 3788 616; x_wconf 79' lang='lat' dir='ltr'><strong><em>locos,</em></strong></span> 
     </span>
    </p>
   </div>
   <div class='ocr_carea' id='block_1_20' title="bbox 2161 642 3791 718">
    <p class='ocr_par' dir='ltr' id='par_1_20' title="bbox 2161 642 3791 718">
     <span class='ocr_line' id='line_1_20' title="bbox 2161 642 3791 718; baseline 0 -20"><span class='ocrx_word' id='word_1_143' title='bbox 2161 645 2358 713; x_wconf 83' lang='lat' dir='ltr'><strong><em>quibus</em></strong></span> <span class='ocrx_word' id='word_1_144' title='bbox 2376 647 2682 702; x_wconf 84' lang='lat' dir='ltr'><strong><em>sententiam</em></strong></span> <span class='ocrx_word' id='word_1_145' title='bbox 2702 660 2854 700; x_wconf 84' lang='lat' dir='ltr'><strong><em>suam</em></strong></span> <span class='ocrx_word' id='word_1_146' title='bbox 2883 645 3074 718; x_wconf 76' lang='lat' dir='ltr'><strong><em>[ultam</em></strong></span> <span class='ocrx_word' id='word_1_147' title='bbox 3105 653 3311 714; x_wconf 88' lang='lat' dir='ltr'><strong><em>putant,</em></strong></span> <span class='ocrx_word' id='word_1_148' title='bbox 3338 644 3388 702; x_wconf 90' lang='lat' dir='ltr'><strong><em>si</em></strong></span> <span class='ocrx_word' id='word_1_149' title='bbox 3407 645 3527 711; x_wconf 83' lang='lat' dir='ltr'><strong><em>quis</em></strong></span> <span class='ocrx_word' id='word_1_150' title='bbox 3553 642 3791 718; x_wconf 56' lang='lat' dir='ltr'><strong><em>diligas.</em></strong></span> 
     </span>
    </p>
   </div>
   <div class='ocr_carea' id='block_1_21' title="bbox 2162 732 3794 810">
    <p class='ocr_par' dir='ltr' id='par_1_21' title="bbox 2162 732 3794 810">
     <span class='ocr_line' id='line_1_21' title="bbox 2162 732 3794 810; baseline -0.001 -17"><span class='ocrx_word' id='word_1_151' title='bbox 2162 747 2243 794; x_wconf 89' lang='lat' dir='ltr'><strong><em>ter</em></strong></span> <span class='ocrx_word' id='word_1_152' title='bbox 2270 739 2574 806; x_wconf 69' lang='lat' dir='ltr'><strong><em>excusserit,</em></strong></span> <span class='ocrx_word' id='word_1_153' title='bbox 2597 738 2824 801; x_wconf 79' lang='lat' dir='ltr'><strong><em>nullum,</em></strong></span> <span class='ocrx_word' id='word_1_154' title='bbox 2858 737 2948 809; x_wconf 87' lang='lat' dir='ltr'><strong><em>qui</em></strong></span> <span class='ocrx_word' id='word_1_155' title='bbox 2969 741 3018 794; x_wconf 82' lang='lat' dir='ltr'><strong><em>et</em></strong></span> <span class='ocrx_word' id='word_1_156' title='bbox 3055 737 3230 810; x_wconf 86' lang='lat' dir='ltr'><strong><em>reipsa</em></strong></span> <span class='ocrx_word' id='word_1_157' title='bbox 3257 736 3461 809; x_wconf 75' lang='lat' dir='ltr'><strong><em>faveat,</em></strong></span> <span class='ocrx_word' id='word_1_158' title='bbox 3487 732 3794 805; x_wconf 67' lang='lat' dir='ltr'><strong><em>deprehen-</em></strong></span> 
     </span>
    </p>
   </div>
   <div class='ocr_carea' id='block_1_22' title="bbox 2163 826 3797 906">
    <p class='ocr_par' dir='ltr' id='par_1_22' title="bbox 2163 826 3797 906">
     <span class='ocr_line' id='line_1_22' title="bbox 2163 826 3797 906; baseline -0.002 -18"><span class='ocrx_word' id='word_1_159' title='bbox 2163 833 2270 889; x_wconf 84' lang='lat' dir='ltr'><strong><em>del.</em></strong></span> <span class='ocrx_word' id='word_1_160' title='bbox 2319 833 2387 888; x_wconf 82' lang='lat' dir='ltr'><strong><em>Et</em></strong></span> <span class='ocrx_word' id='word_1_161' title='bbox 2432 849 2502 889; x_wconf 71' lang='lat' dir='ltr'><strong><em>ea:</em></strong></span> <span class='ocrx_word' id='word_1_162' title='bbox 2541 834 2609 889; x_wconf 89' lang='lat' dir='ltr'><strong><em>iis</em></strong></span> <span class='ocrx_word' id='word_1_163' title='bbox 2643 832 2876 905; x_wconf 83' lang='lat' dir='ltr'><strong><em>quidem,</em></strong></span> <span class='ocrx_word' id='word_1_164' title='bbox 2902 848 3036 906; x_wconf 88' lang='lat' dir='ltr'><strong><em>quos</em></strong></span> <span class='ocrx_word' id='word_1_165' title='bbox 3067 831 3140 887; x_wconf 88' lang='lat' dir='ltr'><strong><em>ad</em></strong></span> <span class='ocrx_word' id='word_1_166' title='bbox 3173 830 3460 888; x_wconf 81' lang='lat' dir='ltr'><strong><em>concilium</em></strong></span> <span class='ocrx_word' id='word_1_167' title='bbox 3493 845 3638 886; x_wconf 88' lang='lat' dir='ltr'><strong><em>anno</em></strong></span> <span class='ocrx_word' id='word_1_168' title='bbox 3669 826 3797 886; x_wconf 71' lang='lat' dir='ltr'><strong><em>M7</em></strong></span> 
     </span>
    </p>
   </div>
   <div class='ocr_carea' id='block_1_23' title="bbox 2162 923 3793 999">
    <p class='ocr_par' dir='ltr' id='par_1_23' title="bbox 2162 923 3793 999">
     <span class='ocr_line' id='line_1_23' title="bbox 2162 923 3793 999; baseline -0.001 -18"><span class='ocrx_word' id='word_1_169' title='bbox 2162 925 2396 983; x_wconf 79' lang='lat' dir='ltr'><strong><em>habitum</em></strong></span> <span class='ocrx_word' id='word_1_170' title='bbox 2424 927 2836 993; x_wconf 78' lang='lat' dir='ltr'><strong><em>accommodant,</em></strong></span> <span class='ocrx_word' id='word_1_171' title='bbox 2871 926 3050 983; x_wconf 85' lang='lat' dir='ltr'><strong><em>nullus</em></strong></span> <span class='ocrx_word' id='word_1_172' title='bbox 3072 933 3173 994; x_wconf 87' lang='lat' dir='ltr'><strong><em>est,</em></strong></span> <span class='ocrx_word' id='word_1_173' title='bbox 3212 925 3310 999; x_wconf 87' lang='lat' dir='ltr'><strong><em>qui</em></strong></span> <span class='ocrx_word' id='word_1_174' title='bbox 3344 941 3452 982; x_wconf 83' lang='lat' dir='ltr'><strong><em>non</em></strong></span> <span class='ocrx_word' id='word_1_175' title='bbox 3493 925 3567 980; x_wconf 89' lang='lat' dir='ltr'><strong><em>ad</em></strong></span> <span class='ocrx_word' id='word_1_176' title='bbox 3597 923 3793 980; x_wconf 81' lang='lat' dir='ltr'><strong><em>conci-</em></strong></span> 
     </span>
    </p>
   </div>
   <div class='ocr_carea' id='block_1_24' title="bbox 2163 1017 3801 1093">
    <p class='ocr_par' dir='ltr' id='par_1_24' title="bbox 2163 1017 3801 1093">
     <span class='ocr_line' id='line_1_24' title="bbox 2163 1017 3801 1093; baseline -0.002 -17"><span class='ocrx_word' id='word_1_177' title='bbox 2163 1021 2294 1076; x_wconf 86' lang='lat' dir='ltr'><strong><em>lium</em></strong></span> <span class='ocrx_word' id='word_1_178' title='bbox 2319 1037 2459 1075; x_wconf 86' lang='lat' dir='ltr'><strong><em>anno</em></strong></span> <span class='ocrx_word' id='word_1_179' title='bbox 2485 1021 2721 1093; x_wconf 82' lang='lat' dir='ltr'><strong><em>sequenti</em></strong></span> <span class='ocrx_word' id='word_1_180' title='bbox 2740 1018 2982 1076; x_wconf 73' lang='lat' dir='ltr'><strong><em>kalendis</em></strong></span> <span class='ocrx_word' id='word_1_181' title='bbox 3021 1017 3182 1076; x_wconf 69' lang='lat' dir='ltr'><strong><em>Maiis</em></strong></span> <span class='ocrx_word' id='word_1_182' title='bbox 3209 1017 3522 1075; x_wconf 84' lang='lat' dir='ltr'><strong><em>celebratum</em></strong></span> <span class='ocrx_word' id='word_1_183' title='bbox 3546 1031 3801 1074; x_wconf 71' lang='lat' dir='ltr'><strong><em>commo-</em></strong></span> 
     </span>
    </p>
   </div>
   <div class='ocr_carea' id='block_1_25' title="bbox 2163 1111 3792 1198">
    <p class='ocr_par' dir='ltr' id='par_1_25' title="bbox 2163 1111 3792 1198">
     <span class='ocr_line' id='line_1_25' title="bbox 2163 1111 3792 1198; baseline -0.004 -23"><span class='ocrx_word' id='word_1_184' title='bbox 2163 1118 2281 1175; x_wconf 89' lang='lat' dir='ltr'><strong><em>dius</em></strong></span> <span class='ocrx_word' id='word_1_185' title='bbox 2303 1119 2563 1193; x_wconf 68' lang='lat' dir='ltr'><strong><em>referatur</em></strong></span> <span class='ocrx_word' id='word_1_186' title='bbox 2589 1116 2792 1188; x_wconf 83' lang='lat' dir='ltr'><strong><em>(Epist.</em></strong></span> <span class='ocrx_word' id='word_1_187' title='bbox 2819 1115 2901 1198; x_wconf 83' lang='lat' dir='ltr'><strong><em>al.</em></strong></span> <span class='ocrx_word' id='word_1_188' title='bbox 2932 1114 3027 1183; x_wconf 71' lang='grc'><strong><em>47,</em></strong></span> <span class='ocrx_word' id='word_1_189' title='bbox 3059 1131 3200 1172; x_wconf 88' lang='lat' dir='ltr'><strong><em>nunc</em></strong></span> <span class='ocrx_word' id='word_1_190' title='bbox 3217 1113 3350 1184; x_wconf 72' lang='grc'><strong><em>215,</em></strong></span> <span class='ocrx_word' id='word_1_191' title='bbox 3377 1131 3435 1172; x_wconf 84' lang='lat' dir='ltr'><strong><em>n.</em></strong></span> <span class='ocrx_word' id='word_1_192' title='bbox 3463 1115 3549 1188; x_wconf 74' lang='lat'><strong><em>2).</em></strong></span> <span class='ocrx_word' id='word_1_193' title='bbox 3581 1111 3792 1172; x_wconf 80' lang='lat' dir='ltr'><strong><em>Nomi-</em></strong></span> 
     </span>
    </p>
   </div>
   <div class='ocr_carea' id='block_1_26' title="bbox 2163 1203 3794 1288">
    <p class='ocr_par' dir='ltr' id='par_1_26' title="bbox 2163 1203 3794 1288">
     <span class='ocr_line' id='line_1_26' title="bbox 2163 1203 3794 1288; baseline -0.001 -18"><span class='ocrx_word' id='word_1_194' title='bbox 2163 1215 2331 1271; x_wconf 88' lang='lat' dir='ltr'><strong><em>natim</em></strong></span> <span class='ocrx_word' id='word_1_195' title='bbox 2352 1231 2472 1272; x_wconf 78' lang='lat' dir='ltr'><strong><em>vero</em></strong></span> <span class='ocrx_word' id='word_1_196' title='bbox 2520 1213 2656 1270; x_wconf 89' lang='lat' dir='ltr'><strong><em>illud</em></strong></span> <span class='ocrx_word' id='word_1_197' title='bbox 2701 1203 3005 1270; x_wconf 27' lang='lat' dir='ltr'><strong><em>memorant.</em></strong></span> <span class='ocrx_word' id='word_1_198' title='bbox 3034 1210 3370 1285; x_wconf 76' lang='lat' dir='ltr'><strong><em>Augustini:</em></strong></span> <span class='ocrx_word' id='word_1_199' title='bbox 3414 1209 3578 1288; x_wconf 83' lang='lat' dir='ltr'><strong><em>Quod</em></strong></span> <span class='ocrx_word' id='word_1_200' title='bbox 3620 1224 3794 1282; x_wconf 70' lang='lat' dir='ltr'><strong><em>papa:</em></strong></span> 
     </span>
    </p>
   </div>
   <div class='ocr_carea' id='block_1_27' title="bbox 2163 1303 3796 1376">
    <p class='ocr_par' dir='ltr' id='par_1_27' title="bbox 2163 1303 3796 1376">
     <span class='ocr_line' id='line_1_27' title="bbox 2163 1303 3796 1376; baseline 0 -14"><span class='ocrx_word' id='word_1_201' title='bbox 2163 1304 2393 1362; x_wconf 82' lang='lat' dir='ltr'><strong><em>Zosimo</em></strong></span> <span class='ocrx_word' id='word_1_202' title='bbox 2419 1306 2493 1363; x_wconf 88' lang='lat' dir='ltr'><strong><em>de</em></strong></span> <span class='ocrx_word' id='word_1_203' title='bbox 2517 1306 2782 1364; x_wconf 76' lang='lat' dir='ltr'><strong><em>At‘ricano</em></strong></span> <span class='ocrx_word' id='word_1_204' title='bbox 2818 1306 3056 1364; x_wconf 88' lang='lat' dir='ltr'><strong><em>concilio</em></strong></span> <span class='ocrx_word' id='word_1_205' title='bbox 3083 1307 3357 1376; x_wconf 85' lang='lat' dir='ltr'><strong><em>scriptum</em></strong></span> <span class='ocrx_word' id='word_1_206' title='bbox 3385 1313 3473 1362; x_wconf 84' lang='lat' dir='ltr'><strong><em>est</em></strong></span> <span class='ocrx_word' id='word_1_207' title='bbox 3496 1349 3514 1375; x_wconf 94' lang='lat'><strong><em>,</em></strong></span> <span class='ocrx_word' id='word_1_208' title='bbox 3542 1303 3796 1376; x_wconf 74' lang='lat' dir='ltr'><strong><em>ejusque</em></strong></span> 
     </span>
    </p>
   </div>
   <div class='ocr_carea' id='block_1_28' title="bbox 2152 1398 3796 1473">
    <p class='ocr_par' dir='ltr' id='par_1_28' title="bbox 2152 1398 3796 1473">
     <span class='ocr_line' id='line_1_28' title="bbox 2152 1398 3796 1473; baseline -0.003 -14"><span class='ocrx_word' id='word_1_209' title='bbox 2152 1401 2496 1473; x_wconf 84' lang='lat' dir='ltr'><strong><em>rescriptum</em></strong></span> <span class='ocrx_word' id='word_1_210' title='bbox 2539 1401 2606 1455; x_wconf 83' lang='lat' dir='ltr'><strong><em>ad</em></strong></span> <span class='ocrx_word' id='word_1_211' title='bbox 2638 1401 2930 1459; x_wconf 81' lang='lat' dir='ltr'><strong><em>universos</em></strong></span> <span class='ocrx_word' id='word_1_212' title='bbox 2969 1400 3143 1456; x_wconf 82' lang='lat' dir='ltr'><strong><em>totius</em></strong></span> <span class='ocrx_word' id='word_1_213' title='bbox 3169 1398 3326 1457; x_wconf 86' lang='lat' dir='ltr'><strong><em>orbis</em></strong></span> <span class='ocrx_word' id='word_1_214' title='bbox 3350 1399 3684 1471; x_wconf 86' lang='lat' dir='ltr'><strong><em>episcopos,</em></strong></span> <span class='ocrx_word' id='word_1_215' title='bbox 3728 1404 3796 1454; x_wconf 87' lang='lat' dir='ltr'><strong><em>et</em></strong></span> 
     </span>
    </p>
   </div>
   <div class='ocr_carea' id='block_1_29' title="bbox 2163 1490 3796 1568">
    <p class='ocr_par' dir='ltr' id='par_1_29' title="bbox 2163 1490 3796 1568">
     <span class='ocr_line' id='line_1_29' title="bbox 2163 1490 3796 1568; baseline 0 -20"><span class='ocrx_word' id='word_1_216' title='bbox 2163 1496 2311 1567; x_wconf 84' lang='lat' dir='ltr'><strong><em>quod</em></strong></span> <span class='ocrx_word' id='word_1_217' title='bbox 2340 1494 2639 1568; x_wconf 84' lang='lat' dir='ltr'><strong><em>posteriori</em></strong></span> <span class='ocrx_word' id='word_1_218' title='bbox 2666 1494 2907 1552; x_wconf 87' lang='lat' dir='ltr'><strong><em>concilio</em></strong></span> <span class='ocrx_word' id='word_1_219' title='bbox 2942 1493 3190 1566; x_wconf 78' lang='lat' dir='ltr'><strong><em>plenario</em></strong></span> <span class='ocrx_word' id='word_1_220' title='bbox 3217 1493 3391 1550; x_wconf 85' lang='lat' dir='ltr'><strong><em>totius</em></strong></span> <span class='ocrx_word' id='word_1_221' title='bbox 3416 1490 3622 1551; x_wconf 60' lang='lat' dir='ltr'><strong><em>Africa</em></strong></span> <span class='ocrx_word' id='word_1_222' title='bbox 3649 1506 3796 1548; x_wconf 89' lang='lat' dir='ltr'><strong><em>con-</em></strong></span> 
     </span>
    </p>
   </div>
   <div class='ocr_carea' id='block_1_30' title="bbox 2165 1583 3786 1660">
    <p class='ocr_par' dir='ltr' id='par_1_30' title="bbox 2165 1583 3786 1660">
     <span class='ocr_line' id='line_1_30' title="bbox 2165 1583 3786 1660; baseline -0.004 -15"><span class='ocrx_word' id='word_1_223' title='bbox 2165 1596 2252 1645; x_wconf 83' lang='lat' dir='ltr'><strong><em>tra</em></strong></span> <span class='ocrx_word' id='word_1_224' title='bbox 2281 1590 2464 1660; x_wconf 83' lang='lat' dir='ltr'><strong><em>ipsum</em></strong></span> <span class='ocrx_word' id='word_1_225' title='bbox 2496 1603 2745 1647; x_wconf 82' lang='lat' dir='ltr'><strong><em>errorem</em></strong></span> <span class='ocrx_word' id='word_1_226' title='bbox 2788 1587 3032 1645; x_wconf 79' lang='lat' dir='ltr'><strong><em>breviter</em></strong></span> <span class='ocrx_word' id='word_1_227' title='bbox 3059 1585 3475 1656; x_wconf 80' lang='lat' dir='ltr'><strong><em>constituimus,</em></strong></span> <span class='ocrx_word' id='word_1_228' title='bbox 3519 1583 3786 1660; x_wconf 65' lang='lat' dir='ltr'><strong><em>legimus.</em></strong></span> 
     </span>
    </p>
   </div>
   <div class='ocr_carea' id='block_1_31' title="bbox 2168 1678 3792 1756">
    <p class='ocr_par' dir='ltr' id='par_1_31' title="bbox 2168 1678 3792 1756">
     <span class='ocr_line' id='line_1_31' title="bbox 2168 1678 3792 1756; baseline -0.002 -18"><span class='ocrx_word' id='word_1_229' title='bbox 2168 1681 2272 1738; x_wconf 85' lang='lat' dir='ltr'><strong><em>Ubi</em></strong></span> <span class='ocrx_word' id='word_1_230' title='bbox 2311 1683 2610 1756; x_wconf 83' lang='lat' dir='ltr'><strong><em>negandum</em></strong></span> <span class='ocrx_word' id='word_1_231' title='bbox 2651 1699 2758 1739; x_wconf 88' lang='lat' dir='ltr'><strong><em>non</em></strong></span> <span class='ocrx_word' id='word_1_232' title='bbox 2793 1692 2870 1739; x_wconf 84' lang='lat' dir='ltr'><strong><em>est</em></strong></span> <span class='ocrx_word' id='word_1_233' title='bbox 2931 1681 3038 1737; x_wconf 90' lang='lat' dir='ltr'><strong><em>duo</em></strong></span> <span class='ocrx_word' id='word_1_234' title='bbox 3078 1680 3145 1737; x_wconf 88' lang='lat' dir='ltr'><strong><em>ab</em></strong></span> <span class='ocrx_word' id='word_1_235' title='bbox 3188 1681 3485 1754; x_wconf 63' lang='lat' dir='ltr'><strong><em>Augustino</em></strong></span> <span class='ocrx_word' id='word_1_236' title='bbox 3523 1678 3792 1754; x_wconf 68' lang='lat' dir='ltr'><strong><em>distingui</em></strong></span> 
     </span>
    </p>
   </div>
   <div class='ocr_carea' id='block_1_32' title="bbox 2166 1773 3792 1852">
    <p class='ocr_par' dir='ltr' id='par_1_32' title="bbox 2166 1773 3792 1852">
     <span class='ocr_line' id='line_1_32' title="bbox 2166 1773 3792 1852; baseline -0.001 -21"><span class='ocrx_word' id='word_1_237' title='bbox 2166 1777 2428 1844; x_wconf 88' lang='lat' dir='ltr'><strong><em>concilia,</em></strong></span> <span class='ocrx_word' id='word_1_238' title='bbox 2471 1795 2690 1852; x_wconf 78' lang='lat' dir='ltr'><strong><em>quorum</em></strong></span> <span class='ocrx_word' id='word_1_239' title='bbox 2731 1794 2894 1835; x_wconf 82' lang='lat' dir='ltr'><strong><em>unum</em></strong></span> <span class='ocrx_word' id='word_1_240' title='bbox 2922 1776 3285 1844; x_wconf 79' lang='lat' dir='ltr'><strong><em>Africanum,</em></strong></span> <span class='ocrx_word' id='word_1_241' title='bbox 3313 1776 3540 1832; x_wconf 81' lang='lat' dir='ltr'><strong><em>alterum</em></strong></span> <span class='ocrx_word' id='word_1_242' title='bbox 3582 1773 3792 1847; x_wconf 68' lang='lat' dir='ltr'><strong><em>plena-</em></strong></span> 
     </span>
    </p>
   </div>
   <div class='ocr_carea' id='block_1_33' title="bbox 443 1869 3790 1944">
    <p class='ocr_par' dir='ltr' id='par_1_33' title="bbox 443 1869 3790 1944">
     <span class='ocr_line' id='line_1_33' title="bbox 443 1869 3790 1944; baseline -0.001 -16"><span class='ocrx_word' id='word_1_243' title='bbox 443 1870 553 1928; x_wconf 91' lang='lat' dir='ltr'><strong><em>Sed</em></strong></span> <span class='ocrx_word' id='word_1_244' title='bbox 576 1869 690 1942; x_wconf 87' lang='lat' dir='ltr'><strong><em>ipsa</em></strong></span> <span class='ocrx_word' id='word_1_245' title='bbox 710 1880 969 1943; x_wconf 75' lang='lat' dir='ltr'><strong><em>gestamus</em></strong></span> <span class='ocrx_word' id='word_1_246' title='bbox 1000 1869 1157 1925; x_wconf 73' lang='lat' dir='ltr'><strong><em>verba</em></strong></span> <span class='ocrx_word' id='word_1_247' title='bbox 1184 1911 1203 1938; x_wconf 91' lang='lat'><strong><em>,</em></strong></span> <span class='ocrx_word' id='word_1_248' title='bbox 1244 1871 1316 1926; x_wconf 88' lang='lat' dir='ltr'><strong><em>ad</em></strong></span> <span class='ocrx_word' id='word_1_249' title='bbox 1337 1885 1455 1942; x_wconf 87' lang='lat' dir='ltr'><strong><em>qute</em></strong></span> <span class='ocrx_word' id='word_1_250' title='bbox 1480 1877 1696 1944; x_wconf 86' lang='lat' dir='ltr'><strong><em>uterque</em></strong></span> <span class='ocrx_word' id='word_1_251' title='bbox 1732 1870 1980 1941; x_wconf 84' lang='lat' dir='ltr'><strong><em>respicit,</em></strong></span> <span class='ocrx_word' id='word_1_252' title='bbox 2025 1883 2060 1923; x_wconf 89' lang='lat' dir='ltr'><strong><em>a</em></strong></span> <span class='ocrx_word' id='word_1_253' title='bbox 2088 1877 2136 1940; x_wconf 73' lang='grc' dir='ltr'><strong>Β</strong></span> <span class='ocrx_word' id='word_1_254' title='bbox 2163 1870 2306 1929; x_wconf 84' lang='lat' dir='ltr'><strong><em>rium</em></strong></span> <span class='ocrx_word' id='word_1_255' title='bbox 2359 1881 2529 1929; x_wconf 72' lang='lat' dir='ltr'><strong><em>vocet.</em></strong></span> <span class='ocrx_word' id='word_1_256' title='bbox 2581 1869 2694 1927; x_wconf 85' lang='lat' dir='ltr'><strong><em>Sed</em></strong></span> <span class='ocrx_word' id='word_1_257' title='bbox 2739 1887 2807 1928; x_wconf 79' lang='lat' dir='ltr'><strong><em>es:</em></strong></span> <span class='ocrx_word' id='word_1_258' title='bbox 2856 1870 2938 1927; x_wconf 82' lang='lat' dir='ltr'><strong><em>Itis</em></strong></span> <span class='ocrx_word' id='word_1_259' title='bbox 2980 1887 3044 1926; x_wconf 85' lang='lat' dir='ltr'><strong><em>ne</em></strong></span> <span class='ocrx_word' id='word_1_260' title='bbox 3071 1885 3236 1926; x_wconf 83' lang='lat' dir='ltr'><strong><em>unum</em></strong></span> <span class='ocrx_word' id='word_1_261' title='bbox 3286 1869 3494 1941; x_wconf 78' lang='lat' dir='ltr'><strong><em>quidem</em></strong></span> <span class='ocrx_word' id='word_1_262' title='bbox 3515 1909 3533 1938; x_wconf 91' lang='lat'><strong><em>,</em></strong></span> <span class='ocrx_word' id='word_1_263' title='bbox 3581 1870 3790 1926; x_wconf 77' lang='lat' dir='ltr'><strong><em>nedum</em></strong></span> 
     </span>
    </p>
   </div>
   <div class='ocr_carea' id='block_1_34' title="bbox 441 1947 2134 2035">
    <p class='ocr_par' dir='ltr' id='par_1_34' title="bbox 441 1947 2134 2035">
     <span class='ocr_line' id='line_1_34' title="bbox 441 1947 2134 2035; baseline 0 -17"><span class='ocrx_word' id='word_1_264' title='bbox 441 1960 676 2020; x_wconf 89' lang='lat' dir='ltr'><strong><em>Paulino</em></strong></span> <span class='ocrx_word' id='word_1_265' title='bbox 699 1963 920 2020; x_wconf 85' lang='lat' dir='ltr'><strong><em>diacono</em></strong></span> <span class='ocrx_word' id='word_1_266' title='bbox 936 1964 990 2018; x_wconf 88' lang='lat' dir='ltr'><strong><em>in</em></strong></span> <span class='ocrx_word' id='word_1_267' title='bbox 1018 1964 1278 2035; x_wconf 85' lang='lat' dir='ltr'><strong><em>superiori</em></strong></span> <span class='ocrx_word' id='word_1_268' title='bbox 1307 1947 1534 2034; x_wconf 85' lang='lat' dir='ltr'><strong><em>epistola</em></strong></span> <span class='ocrx_word' id='word_1_269' title='bbox 1553 1963 1614 2027; x_wconf 88' lang='lat'><strong><em>8,</em></strong></span> <span class='ocrx_word' id='word_1_270' title='bbox 1640 1981 1696 2018; x_wconf 89' lang='lat' dir='ltr'><strong><em>u.</em></strong></span> <span class='ocrx_word' id='word_1_271' title='bbox 1728 1963 1788 2028; x_wconf 74' lang='lat'><strong><em>2,</em></strong></span> <span class='ocrx_word' id='word_1_272' title='bbox 1819 1966 2057 2034; x_wconf 77' lang='lat' dir='ltr'><strong><em>referun-</em></strong></span> <span class='ocrx_word' id='word_1_273' title='bbox 2110 2021 2134 2032; x_wconf 29' lang='grc' dir='ltr'><em>θ</em></span> 
     </span>
    </p>
   </div>
   <div class='ocr_carea' id='block_1_35' title="bbox 441 2059 2059 2133">
    <p class='ocr_par' dir='ltr' id='par_1_35' title="bbox 441 2059 2059 2133">
     <span class='ocr_line' id='line_1_35' title="bbox 441 2059 2059 2133; baseline 0 -17"><span class='ocrx_word' id='word_1_274' title='bbox 441 2070 546 2127; x_wconf 86' lang='lat' dir='ltr'><strong><em>tur,</em></strong></span> <span class='ocrx_word' id='word_1_275' title='bbox 593 2059 683 2116; x_wconf 88' lang='lat' dir='ltr'><strong><em>ubi</em></strong></span> <span class='ocrx_word' id='word_1_276' title='bbox 706 2077 826 2116; x_wconf 91' lang='lat' dir='ltr'><strong><em>cum</em></strong></span> <span class='ocrx_word' id='word_1_277' title='bbox 848 2059 1138 2133; x_wconf 80' lang='lat' dir='ltr'><strong><em>unicuique</em></strong></span> <span class='ocrx_word' id='word_1_278' title='bbox 1162 2059 1262 2116; x_wconf 90' lang='lat' dir='ltr'><strong><em>illo</em></strong></span> <span class='ocrx_word' id='word_1_279' title='bbox 1289 2061 1561 2118; x_wconf 78' lang='lat' dir='ltr'><strong><em>consulere</em></strong></span> <span class='ocrx_word' id='word_1_280' title='bbox 1586 2060 1744 2132; x_wconf 79' lang='lat' dir='ltr'><strong><em>facile</em></strong></span> <span class='ocrx_word' id='word_1_281' title='bbox 1768 2063 1858 2128; x_wconf 83' lang='lat' dir='ltr'><strong><em>sit,</em></strong></span> <span class='ocrx_word' id='word_1_282' title='bbox 1884 2076 1946 2117; x_wconf 86' lang='lat' dir='ltr'><strong><em>ea</em></strong></span> <span class='ocrx_word' id='word_1_283' title='bbox 1972 2061 2059 2116; x_wconf 82' lang='lat' dir='ltr'><strong><em>hic</em></strong></span> 
     </span>
    </p>
   </div>
   <div class='ocr_carea' id='block_1_36' title="bbox 439 2153 1107 2228">
    <p class='ocr_par' dir='ltr' id='par_1_36' title="bbox 439 2153 1107 2228">
     <span class='ocr_line' id='line_1_36' title="bbox 439 2153 1107 2228; baseline 0.006 -19"><span class='ocrx_word' id='word_1_284' title='bbox 439 2162 669 2228; x_wconf 86' lang='lat' dir='ltr'><strong><em>repetere</em></strong></span> <span class='ocrx_word' id='word_1_285' title='bbox 687 2153 1107 2226; x_wconf 74' lang='lat' dir='ltr'><strong><em>supersedemtts.</em></strong></span> 
     </span>
    </p>
   </div>
   <div class='ocr_carea' id='block_1_37' title="bbox 1208 2246 1299 2304">
    <p class='ocr_par' dir='ltr' id='par_1_37' title="bbox 1208 2246 1299 2304">
     <span class='ocr_line' id='line_1_37' title="bbox 1208 2246 1299 2304; baseline -0.022 0"><span class='ocrx_word' id='word_1_286' title='bbox 1208 2246 1299 2304; x_wconf 77' lang='grc' dir='ltr'><strong><em>Ν.</em></strong></span> 
     </span>
    </p>
   </div>
   <div class='ocr_carea' id='block_1_38' title="bbox 512 2337 2060 2414">
    <p class='ocr_par' dir='ltr' id='par_1_38' title="bbox 512 2337 2060 2414">
     <span class='ocr_line' id='line_1_38' title="bbox 512 2337 2060 2414; baseline 0.001 -18"><span class='ocrx_word' id='word_1_287' title='bbox 512 2337 571 2396; x_wconf 76' lang='lat'><strong><em>5.</em></strong></span> <span class='ocrx_word' id='word_1_288' title='bbox 615 2339 856 2396; x_wconf 78' lang='lat' dir='ltr'><strong><em>Hilarius</em></strong></span> <span class='ocrx_word' id='word_1_289' title='bbox 910 2339 1273 2397; x_wconf 78' lang='lat' dir='ltr'><strong><em>Narbonensis</em></strong></span> <span class='ocrx_word' id='word_1_290' title='bbox 1328 2343 1609 2414; x_wconf 84' lang='lat' dir='ltr'><strong><em>episcopus</em></strong></span> <span class='ocrx_word' id='word_1_291' title='bbox 1656 2339 1840 2412; x_wconf 88' lang='lat' dir='ltr'><strong><em>iniquo</em></strong></span> <span class='ocrx_word' id='word_1_292' title='bbox 1878 2342 2060 2398; x_wconf 85' lang='lat' dir='ltr'><strong><em>animo</em></strong></span> 
     </span>
    </p>
   </div>
   <div class='ocr_carea' id='block_1_39' title="bbox 443 2434 2058 2510">
    <p class='ocr_par' dir='ltr' id='par_1_39' title="bbox 443 2434 2058 2510">
     <span class='ocr_line' id='line_1_39' title="bbox 443 2434 2058 2510; baseline 0.001 -17"><span class='ocrx_word' id='word_1_293' title='bbox 443 2438 619 2506; x_wconf 68' lang='lat' dir='ltr'><strong><em>feram</em></strong></span> <span class='ocrx_word' id='word_1_294' title='bbox 647 2437 789 2510; x_wconf 86' lang='lat' dir='ltr'><strong><em>quod</em></strong></span> <span class='ocrx_word' id='word_1_295' title='bbox 816 2435 861 2492; x_wconf 88' lang='grc' dir='ltr'><strong><em>Ζ</em></strong></span> <span class='ocrx_word' id='word_1_296' title='bbox 867 2435 1064 2492; x_wconf 85' lang='lat' dir='ltr'><strong><em>osimus</em></strong></span> <span class='ocrx_word' id='word_1_297' title='bbox 1087 2434 1342 2508; x_wconf 87' lang='lat' dir='ltr'><strong><em>Patroclo</em></strong></span> <span class='ocrx_word' id='word_1_298' title='bbox 1381 2437 1679 2494; x_wconf 79' lang='lat' dir='ltr'><strong><em>Arelatensi</em></strong></span> <span class='ocrx_word' id='word_1_299' title='bbox 1701 2437 1928 2494; x_wconf 85' lang='lat' dir='ltr'><strong><em>antistiti</em></strong></span> <span class='ocrx_word' id='word_1_300' title='bbox 1951 2455 2058 2495; x_wconf 87' lang='lat' dir='ltr'><strong><em>non</em></strong></span> 
     </span>
    </p>
   </div>
   <div class='ocr_carea' id='block_1_40' title="bbox 439 2527 2060 2602">
    <p class='ocr_par' dir='ltr' id='par_1_40' title="bbox 439 2527 2060 2602">
     <span class='ocr_line' id='line_1_40' title="bbox 439 2527 2060 2602; baseline 0.003 -17"><span class='ocrx_word' id='word_1_301' title='bbox 439 2530 497 2588; x_wconf 80' lang='lat' dir='ltr'><strong><em>in</em></strong></span> <span class='ocrx_word' id='word_1_302' title='bbox 531 2527 818 2588; x_wconf 74' lang='lat' dir='ltr'><strong><em>Viennensi</em></strong></span> <span class='ocrx_word' id='word_1_303' title='bbox 841 2539 1044 2588; x_wconf 87' lang='lat' dir='ltr'><strong><em>tantum</em></strong></span> <span class='ocrx_word' id='word_1_304' title='bbox 1076 2531 1369 2602; x_wconf 76' lang='lat' dir='ltr'><strong><em>prouincia,</em></strong></span> <span class='ocrx_word' id='word_1_305' title='bbox 1400 2531 1494 2588; x_wconf 89' lang='lat' dir='ltr'><strong><em>sed</em></strong></span> <span class='ocrx_word' id='word_1_306' title='bbox 1516 2542 1567 2590; x_wconf 87' lang='lat' dir='ltr'><strong><em>et</em></strong></span> <span class='ocrx_word' id='word_1_307' title='bbox 1597 2533 1881 2592; x_wconf 87' lang='lat' dir='ltr'><strong><em>in-duabns</em></strong></span> <span class='ocrx_word' id='word_1_308' title='bbox 1911 2533 2060 2590; x_wconf 86' lang='lat' dir='ltr'><strong><em>Nar-</em></strong></span> 
     </span>
    </p>
   </div>
   <div class='ocr_carea' id='block_1_41' title="bbox 439 2624 2074 2698">
    <p class='ocr_par' dir='ltr' id='par_1_41' title="bbox 439 2624 2074 2698">
     <span class='ocr_line' id='line_1_41' title="bbox 439 2624 2074 2698; baseline 0.003 -19"><span class='ocrx_word' id='word_1_309' title='bbox 439 2624 750 2682; x_wconf 75' lang='lat' dir='ltr'><strong><em>bonensibus</em></strong></span> <span class='ocrx_word' id='word_1_310' title='bbox 766 2625 1034 2698; x_wconf 75' lang='lat' dir='ltr'><strong><em>episcopos</em></strong></span> <span class='ocrx_word' id='word_1_311' title='bbox 1061 2625 1347 2680; x_wconf 81' lang='lat' dir='ltr'><strong><em>ordinandi</em></strong></span> <span class='ocrx_word' id='word_1_312' title='bbox 1374 2632 1682 2698; x_wconf 85' lang='lat' dir='ltr'><strong><em>potestatem</em></strong></span> <span class='ocrx_word' id='word_1_313' title='bbox 1707 2627 2074 2697; x_wconf 36' lang='lat' dir='ltr'><strong><em>attribuisset”</em></strong></span> 
     </span>
    </p>
   </div>
   <div class='ocr_carea' id='block_1_42' title="bbox 441 2713 2057 2790">
    <p class='ocr_par' dir='ltr' id='par_1_42' title="bbox 441 2713 2057 2790">
     <span class='ocr_line' id='line_1_42' title="bbox 441 2713 2057 2790; baseline 0.003 -20"><span class='ocrx_word' id='word_1_314' title='bbox 441 2715 752 2774; x_wconf 74' lang='lat' dir='ltr'><strong><em>relationem</em></strong></span> <span class='ocrx_word' id='word_1_315' title='bbox 783 2716 856 2771; x_wconf 87' lang='lat' dir='ltr'><strong><em>ad</em></strong></span> <span class='ocrx_word' id='word_1_316' title='bbox 883 2731 1003 2773; x_wconf 84' lang='lat' dir='ltr'><strong><em>eum</em></strong></span> <span class='ocrx_word' id='word_1_317' title='bbox 1031 2717 1175 2771; x_wconf 83' lang='lat' dir='ltr'><strong><em>misit</em></strong></span> <span class='ocrx_word' id='word_1_318' title='bbox 1207 2713 1593 2790; x_wconf 49' lang='grc' dir='ltr'><strong><em>(Ερὶει.,6,’π.</em></strong></span> <span class='ocrx_word' id='word_1_319' title='bbox 1641 2719 1718 2786; x_wconf 86' lang='grc'><strong><em>1),</em></strong></span> <span class='ocrx_word' id='word_1_320' title='bbox 1759 2735 1864 2790; x_wconf 87' lang='lat' dir='ltr'><strong><em>qua</em></strong></span> <span class='ocrx_word' id='word_1_321' title='bbox 1901 2736 2057 2775; x_wconf 83' lang='lat' dir='ltr'><strong><em>suum</em></strong></span> 
     </span>
    </p>
   </div>
   <div class='ocr_carea' id='block_1_43' title="bbox 441 2807 2059 2882">
    <p class='ocr_par' dir='ltr' id='par_1_43' title="bbox 441 2807 2059 2882">
     <span class='ocr_line' id='line_1_43' title="bbox 441 2807 2059 2882; baseline 0.002 -17"><span class='ocrx_word' id='word_1_322' title='bbox 441 2823 552 2867; x_wconf 79' lang='lat' dir='ltr'><strong><em>esse</em></strong></span> <span class='ocrx_word' id='word_1_323' title='bbox 576 2808 912 2874; x_wconf 68' lang='lat' dir='ltr'><strong><em>obtendebat,</em></strong></span> <span class='ocrx_word' id='word_1_324' title='bbox 946 2810 1003 2863; x_wconf 87' lang='lat' dir='ltr'><strong><em>in</em></strong></span> <span class='ocrx_word' id='word_1_325' title='bbox 1031 2807 1375 2865; x_wconf 80' lang='lat' dir='ltr'><strong><em>Narbonensi</em></strong></span> <span class='ocrx_word' id='word_1_326' title='bbox 1413 2807 1444 2862; x_wconf 88' lang='grc'><strong><em>1</em></strong></span> <span class='ocrx_word' id='word_1_327' title='bbox 1467 2811 1740 2882; x_wconf 81' lang='lat' dir='ltr'><strong><em>prouincia</em></strong></span> <span class='ocrx_word' id='word_1_328' title='bbox 1763 2814 2059 2869; x_wconf 80' lang='lat' dir='ltr'><strong><em>sacerdotes</em></strong></span> 
     </span>
    </p>
   </div>
   <div class='ocr_carea' id='block_1_44' title="bbox 441 2906 2052 2983">
    <p class='ocr_par' dir='ltr' id='par_1_44' title="bbox 441 2906 2052 2983">
     <span class='ocr_line' id='line_1_44' title="bbox 441 2906 2052 2983; baseline -0.002 -17"><span class='ocrx_word' id='word_1_329' title='bbox 441 2907 716 2967; x_wconf 70' lang='lat' dir='ltr'><strong><em>ordinate.</em></strong></span> <span class='ocrx_word' id='word_1_330' title='bbox 749 2906 942 2980; x_wconf 82' lang='lat' dir='ltr'><strong><em>Neque</em></strong></span> <span class='ocrx_word' id='word_1_331' title='bbox 963 2915 1138 2963; x_wconf 86' lang='lat' dir='ltr'><strong><em>tamen</em></strong></span> <span class='ocrx_word' id='word_1_332' title='bbox 1169 2906 1268 2962; x_wconf 82' lang='lat' dir='ltr'><strong><em>hoc</em></strong></span> <span class='ocrx_word' id='word_1_333' title='bbox 1283 2909 1376 2981; x_wconf 85' lang='lat' dir='ltr'><strong><em>jus</em></strong></span> <span class='ocrx_word' id='word_1_334' title='bbox 1406 2908 1564 2963; x_wconf 80' lang='lat' dir='ltr'><strong><em>veteri</em></strong></span> <span class='ocrx_word' id='word_1_335' title='bbox 1589 2952 1605 2976; x_wconf 87' lang='lat'><strong><em>,</em></strong></span> <span class='ocrx_word' id='word_1_336' title='bbox 1629 2916 1689 2962; x_wconf 90' lang='lat' dir='ltr'><strong><em>ut</em></strong></span> <span class='ocrx_word' id='word_1_337' title='bbox 1716 2906 2016 2983; x_wconf 69' lang='lat' dir='ltr'><strong><em>exigebatur</em></strong></span> <span class='ocrx_word' id='word_1_338' title='bbox 2036 2951 2052 2976; x_wconf 90' lang='lat'><strong><em>,</em></strong></span> 
     </span>
    </p>
   </div>
   <div class='ocr_carea' id='block_1_45' title="bbox 441 2993 2057 3070">
    <p class='ocr_par' dir='ltr' id='par_1_45' title="bbox 441 2993 2057 3070">
     <span class='ocr_line' id='line_1_45' title="bbox 441 2993 2057 3070; baseline 0.001 -14"><span class='ocrx_word' id='word_1_339' title='bbox 441 3001 820 3059; x_wconf 68' lang='lat' dir='ltr'><strong><em>consuetudine</em></strong></span> <span class='ocrx_word' id='word_1_340' title='bbox 859 3001 958 3057; x_wconf 86' lang='lat' dir='ltr'><strong><em>sibi</em></strong></span> <span class='ocrx_word' id='word_1_341' title='bbox 1001 2999 1293 3056; x_wconf 72' lang='lat' dir='ltr'><strong><em>vindicabat</em></strong></span> <span class='ocrx_word' id='word_1_342' title='bbox 1317 3046 1331 3070; x_wconf 94' lang='lat'><strong><em>,</em></strong></span> <span class='ocrx_word' id='word_1_343' title='bbox 1363 3000 1454 3056; x_wconf 83' lang='lat' dir='ltr'><strong><em>sed</em></strong></span> <span class='ocrx_word' id='word_1_344' title='bbox 1494 2993 1723 3070; x_wconf 84' lang='lat' dir='ltr'><strong><em>quadam</em></strong></span> <span class='ocrx_word' id='word_1_345' title='bbox 1761 3000 1963 3058; x_wconf 86' lang='lat' dir='ltr'><strong><em>decoris</em></strong></span> <span class='ocrx_word' id='word_1_346' title='bbox 2007 3011 2057 3058; x_wconf 89' lang='lat' dir='ltr'><strong><em>et</em></strong></span> 
     </span>
    </p>
   </div>
   <div class='ocr_carea' id='block_1_46' title="bbox 442 3087 2058 3167">
    <p class='ocr_par' dir='ltr' id='par_1_46' title="bbox 442 3087 2058 3167">
     <span class='ocr_line' id='line_1_46' title="bbox 442 3087 2058 3167; baseline -0.001 -15"><span class='ocrx_word' id='word_1_347' title='bbox 442 3093 754 3155; x_wconf 77' lang='lat' dir='ltr'><strong><em>honestatis</em></strong></span> <span class='ocrx_word' id='word_1_348' title='bbox 799 3087 1020 3166; x_wconf 76' lang='lat' dir='ltr'><strong><em>specie,</em></strong></span> <span class='ocrx_word' id='word_1_349' title='bbox 1062 3107 1324 3151; x_wconf 81' lang='lat' dir='ltr'><strong><em>asserens</em></strong></span> <span class='ocrx_word' id='word_1_350' title='bbox 1355 3099 1408 3149; x_wconf 80' lang='lat' dir='ltr'><strong><em>in</em></strong></span> <span class='ocrx_word' id='word_1_351' title='bbox 1448 3095 1629 3152; x_wconf 75' lang='lat' dir='ltr'><strong><em>aliena</em></strong></span> <span class='ocrx_word' id='word_1_352' title='bbox 1664 3095 1941 3167; x_wconf 76' lang='lat' dir='ltr'><strong><em>provincia</em></strong></span> <span class='ocrx_word' id='word_1_353' title='bbox 1987 3096 2058 3152; x_wconf 83' lang='lat' dir='ltr'><strong><em>ab</em></strong></span> 
     </span>
    </p>
   </div>
   <div class='ocr_carea' id='block_1_47' title="bbox 441 3186 2058 3246">
    <p class='ocr_par' dir='ltr' id='par_1_47' title="bbox 441 3186 2058 3246">
     <span class='ocr_line' id='line_1_47' title="bbox 441 3186 2058 3246; baseline 0.001 -3"><span class='ocrx_word' id='word_1_354' title='bbox 441 3189 556 3246; x_wconf 71' lang='lat' dir='ltr'><strong><em>alio</em></strong></span> <span class='ocrx_word' id='word_1_355' title='bbox 592 3204 707 3245; x_wconf 89' lang='lat' dir='ltr'><strong><em>non</em></strong></span> <span class='ocrx_word' id='word_1_356' title='bbox 755 3188 977 3246; x_wconf 85' lang='lat' dir='ltr'><strong><em>debere.</em></strong></span> <span class='ocrx_word' id='word_1_357' title='bbox 1007 3187 1125 3244; x_wconf 76' lang='lat' dir='ltr'><strong><em>ﬁeri</em></strong></span> <span class='ocrx_word' id='word_1_358' title='bbox 1166 3188 1506 3245; x_wconf 71' lang='lat' dir='ltr'><strong><em>sacerdotes.</em></strong></span> <span class='ocrx_word' id='word_1_359' title='bbox 1547 3187 1704 3244; x_wconf 83' lang='lat' dir='ltr'><strong><em>Hanc</em></strong></span> <span class='ocrx_word' id='word_1_360' title='bbox 1746 3186 2058 3246; x_wconf 85' lang='lat' dir='ltr'><strong><em>relationem</em></strong></span> 
     </span>
    </p>
   </div>
   <div class='ocr_carea' id='block_1_48' title="bbox 2158 1962 3787 2038">
    <p class='ocr_par' dir='ltr' id='par_1_48' title="bbox 2158 1962 3787 2038">
     <span class='ocr_line' id='line_1_48' title="bbox 2158 1962 3787 2038; baseline -0.002 -17"><span class='ocrx_word' id='word_1_361' title='bbox 2158 1966 2332 2038; x_wconf 77' lang='lat' dir='ltr'><strong><em>ambo,</em></strong></span> <span class='ocrx_word' id='word_1_362' title='bbox 2386 1967 2458 2021; x_wconf 87' lang='lat' dir='ltr'><strong><em>ad</em></strong></span> <span class='ocrx_word' id='word_1_363' title='bbox 2504 1983 2704 2022; x_wconf 86' lang='lat' dir='ltr'><strong><em>annum</em></strong></span> <span class='ocrx_word' id='word_1_364' title='bbox 2731 1968 2838 2024; x_wconf 74' lang='lat' dir='ltr'><strong><em>H7</em></strong></span> <span class='ocrx_word' id='word_1_365' title='bbox 2877 1966 3059 2036; x_wconf 79' lang='lat' dir='ltr'><strong><em>referri</em></strong></span> <span class='ocrx_word' id='word_1_366' title='bbox 3105 1975 3278 2038; x_wconf 82' lang='lat' dir='ltr'><strong><em>queat.</em></strong></span> <span class='ocrx_word' id='word_1_367' title='bbox 3317 1962 3389 2020; x_wconf 79' lang='lat' dir='ltr'><strong><em>Id</em></strong></span> <span class='ocrx_word' id='word_1_368' title='bbox 3416 1973 3592 2032; x_wconf 87' lang='lat' dir='ltr'><strong><em>certe,</em></strong></span> <span class='ocrx_word' id='word_1_369' title='bbox 3631 1963 3787 2036; x_wconf 85' lang='lat' dir='ltr'><strong><em>quod</em></strong></span> 
     </span>
    </p>
   </div>
   <div class='ocr_carea' id='block_1_49' title="bbox 2155 2057 3789 2134">
    <p class='ocr_par' dir='ltr' id='par_1_49' title="bbox 2155 2057 3789 2134">
     <span class='ocr_line' id='line_1_49' title="bbox 2155 2057 3789 2134; baseline -0.002 -17"><span class='ocrx_word' id='word_1_370' title='bbox 2155 2061 2451 2134; x_wconf 84' lang='lat' dir='ltr'><strong><em>plenarium</em></strong></span> <span class='ocrx_word' id='word_1_371' title='bbox 2480 2071 2772 2134; x_wconf 81' lang='lat' dir='ltr'><strong><em>nuncupat,</em></strong></span> <span class='ocrx_word' id='word_1_372' title='bbox 2802 2062 2991 2120; x_wconf 86' lang='lat' dir='ltr'><strong><em>celebri</em></strong></span> <span class='ocrx_word' id='word_1_373' title='bbox 3017 2060 3112 2118; x_wconf 86' lang='lat' dir='ltr'><strong><em>illo</em></strong></span> <span class='ocrx_word' id='word_1_374' title='bbox 3148 2061 3350 2117; x_wconf 88' lang='lat' dir='ltr'><strong><em>Zosimi</em></strong></span> <span class='ocrx_word' id='word_1_375' title='bbox 3379 2059 3448 2117; x_wconf 82' lang='lat' dir='ltr'><strong><em>ad</em></strong></span> <span class='ocrx_word' id='word_1_376' title='bbox 3481 2059 3653 2115; x_wconf 77' lang='lat' dir='ltr'><strong><em>totius</em></strong></span> <span class='ocrx_word' id='word_1_377' title='bbox 3684 2057 3789 2114; x_wconf 84' lang='lat' dir='ltr'><strong><em>or-</em></strong></span> 
     </span>
    </p>
   </div>
   <div class='ocr_carea' id='block_1_50' title="bbox 2157 2152 3780 2230">
    <p class='ocr_par' dir='ltr' id='par_1_50' title="bbox 2157 2152 3780 2230">
     <span class='ocr_line' id='line_1_50' title="bbox 2157 2152 3780 2230; baseline -0.003 -18"><span class='ocrx_word' id='word_1_378' title='bbox 2157 2155 2244 2213; x_wconf 89' lang='lat' dir='ltr'><strong><em>bis</em></strong></span> <span class='ocrx_word' id='word_1_379' title='bbox 2278 2157 2580 2230; x_wconf 85' lang='lat' dir='ltr'><strong><em>episcopos</em></strong></span> <span class='ocrx_word' id='word_1_380' title='bbox 2604 2157 2858 2230; x_wconf 86' lang='lat' dir='ltr'><strong><em>rescripto</em></strong></span> <span class='ocrx_word' id='word_1_381' title='bbox 2883 2156 3148 2229; x_wconf 73' lang='lat' dir='ltr'><strong><em>posterius</em></strong></span> <span class='ocrx_word' id='word_1_382' title='bbox 3188 2155 3354 2229; x_wconf 72' lang='lat' dir='ltr'><strong><em>fuisse</em></strong></span> <span class='ocrx_word' id='word_1_383' title='bbox 3380 2162 3564 2224; x_wconf 88' lang='lat' dir='ltr'><strong><em>aperte</em></strong></span> <span class='ocrx_word' id='word_1_384' title='bbox 3599 2152 3780 2208; x_wconf 83' lang='lat' dir='ltr'><strong><em>docet.</em></strong></span> 
     </span>
    </p>
   </div>
   <div class='ocr_carea' id='block_1_51' title="bbox 2161 2244 3786 2322">
    <p class='ocr_par' dir='ltr' id='par_1_51' title="bbox 2161 2244 3786 2322">
     <span class='ocr_line' id='line_1_51' title="bbox 2161 2244 3786 2322; baseline -0.002 -19"><span class='ocrx_word' id='word_1_385' title='bbox 2161 2246 2342 2322; x_wconf 83' lang='lat' dir='ltr'><strong><em>Neque</em></strong></span> <span class='ocrx_word' id='word_1_386' title='bbox 2369 2249 2671 2321; x_wconf 82' lang='lat' dir='ltr'><strong><em>ambiguum</em></strong></span> <span class='ocrx_word' id='word_1_387' title='bbox 2706 2258 2819 2317; x_wconf 89' lang='lat' dir='ltr'><strong><em>est,</em></strong></span> <span class='ocrx_word' id='word_1_388' title='bbox 2848 2249 2974 2322; x_wconf 89' lang='lat' dir='ltr'><strong><em>quin</em></strong></span> <span class='ocrx_word' id='word_1_389' title='bbox 3016 2247 3263 2305; x_wconf 75' lang='lat' dir='ltr'><strong><em>Africani</em></strong></span> <span class='ocrx_word' id='word_1_390' title='bbox 3292 2244 3518 2305; x_wconf 81' lang='lat' dir='ltr'><strong><em>concilii</em></strong></span> <span class='ocrx_word' id='word_1_391' title='bbox 3562 2246 3786 2302; x_wconf 83' lang='lat' dir='ltr'><strong><em>nomine</em></strong></span> 
     </span>
    </p>
   </div>
   <div class='ocr_carea' id='block_1_52' title="bbox 2157 2340 3783 2418">
    <p class='ocr_par' dir='ltr' id='par_1_52' title="bbox 2157 2340 3783 2418">
     <span class='ocr_line' id='line_1_52' title="bbox 2157 2340 3783 2418; baseline -0.002 -19"><span class='ocrx_word' id='word_1_392' title='bbox 2157 2344 2416 2418; x_wconf 77' lang='lat' dir='ltr'><strong><em>synodum</em></strong></span> <span class='ocrx_word' id='word_1_393' title='bbox 2445 2359 2587 2399; x_wconf 76' lang='lat' dir='ltr'><strong><em>anno</em></strong></span> <span class='ocrx_word' id='word_1_394' title='bbox 2605 2342 2714 2399; x_wconf 72' lang='lat'><strong><em>“8</em></strong></span> <span class='ocrx_word' id='word_1_395' title='bbox 2745 2341 2986 2398; x_wconf 76' lang='lat' dir='ltr'><strong><em>kalendis</em></strong></span> <span class='ocrx_word' id='word_1_396' title='bbox 3025 2341 3186 2398; x_wconf 78' lang='lat' dir='ltr'><strong><em>Maiis</em></strong></span> <span class='ocrx_word' id='word_1_397' title='bbox 3204 2340 3462 2406; x_wconf 83' lang='lat' dir='ltr'><strong><em>habitam,</em></strong></span> <span class='ocrx_word' id='word_1_398' title='bbox 3488 2355 3606 2414; x_wconf 64' lang='lat' dir='ltr'><strong><em>qua</em></strong></span> <span class='ocrx_word' id='word_1_399' title='bbox 3629 2350 3783 2413; x_wconf 67' lang='lat' dir='ltr'><strong><em>prc-</em></strong></span> 
     </span>
    </p>
   </div>
   <div class='ocr_carea' id='block_1_53' title="bbox 2159 2430 3787 2508">
    <p class='ocr_par' dir='ltr' id='par_1_53' title="bbox 2159 2430 3787 2508">
     <span class='ocr_line' id='line_1_53' title="bbox 2159 2430 3787 2508; baseline -0.002 -16"><span class='ocrx_word' id='word_1_400' title='bbox 2159 2438 2358 2493; x_wconf 81' lang='lat' dir='ltr'><strong><em>dietunt</em></strong></span> <span class='ocrx_word' id='word_1_401' title='bbox 2397 2434 2441 2493; x_wconf 89' lang='grc' dir='ltr'><strong><em>Ζ</em></strong></span> <span class='ocrx_word' id='word_1_402' title='bbox 2458 2437 2601 2492; x_wconf 75' lang='lat' dir='ltr'><strong><em>nimi</em></strong></span> <span class='ocrx_word' id='word_1_403' title='bbox 2644 2437 2956 2508; x_wconf 84' lang='lat' dir='ltr'><strong><em>rescriptum</em></strong></span> <span class='ocrx_word' id='word_1_404' title='bbox 3009 2437 3326 2504; x_wconf 85' lang='lat' dir='ltr'><strong><em>antecessit,</em></strong></span> <span class='ocrx_word' id='word_1_405' title='bbox 3380 2433 3518 2490; x_wconf 88' lang='lat' dir='ltr'><strong><em>idem</em></strong></span> <span class='ocrx_word' id='word_1_406' title='bbox 3581 2430 3787 2490; x_wconf 79' lang='lat' dir='ltr'><strong><em>Doctor</em></strong></span> 
     </span>
    </p>
   </div>
   <div class='ocr_carea' id='block_1_54' title="bbox 2155 2526 3787 2605">
    <p class='ocr_par' dir='ltr' id='par_1_54' title="bbox 2155 2526 3787 2605">
     <span class='ocr_line' id='line_1_54' title="bbox 2155 2526 3787 2605; baseline -0.002 -17"><span class='ocrx_word' id='word_1_407' title='bbox 2155 2530 2442 2605; x_wconf 78' lang='lat' dir='ltr'><strong><em>intelligat.</em></strong></span> <span class='ocrx_word' id='word_1_408' title='bbox 2495 2531 2652 2597; x_wconf 80' lang='lat' dir='ltr'><strong><em>Quod</em></strong></span> <span class='ocrx_word' id='word_1_409' title='bbox 2698 2532 3012 2601; x_wconf 84' lang='lat' dir='ltr'><strong><em>conﬁrmare</em></strong></span> <span class='ocrx_word' id='word_1_410' title='bbox 3037 2531 3157 2587; x_wconf 81' lang='lat' dir='ltr'><strong><em>licet</em></strong></span> <span class='ocrx_word' id='word_1_411' title='bbox 3183 2546 3304 2586; x_wconf 86' lang='lat' dir='ltr'><strong><em>cum</em></strong></span> <span class='ocrx_word' id='word_1_412' title='bbox 3344 2545 3410 2586; x_wconf 77' lang='lat' dir='ltr'><strong><em>ea:</em></strong></span> <span class='ocrx_word' id='word_1_413' title='bbox 3449 2529 3532 2586; x_wconf 72' lang='lat' dir='ltr'><strong><em>his</em></strong></span> <span class='ocrx_word' id='word_1_414' title='bbox 3567 2526 3664 2583; x_wconf 87' lang='lat' dir='ltr'><strong><em>lib.</em></strong></span> <span class='ocrx_word' id='word_1_415' title='bbox 3710 2529 3787 2584; x_wconf 82' lang='lat' dir='ltr'><strong><em>de</em></strong></span> 
     </span>
    </p>
   </div>
   <div class='ocr_carea' id='block_1_55' title="bbox 2158 2622 3787 2698">
    <p class='ocr_par' dir='ltr' id='par_1_55' title="bbox 2158 2622 3787 2698">
     <span class='ocr_line' id='line_1_55' title="bbox 2158 2622 3787 2698; baseline -0.002 -16"><span class='ocrx_word' id='word_1_416' title='bbox 2158 2624 2315 2683; x_wconf 86' lang='lat' dir='ltr'><strong><em>Pecc.</em></strong></span> <span class='ocrx_word' id='word_1_417' title='bbox 2351 2625 2559 2698; x_wconf 61' lang='lat' dir='ltr'><strong><em>O&#39;igin.</em></strong></span> <span class='ocrx_word' id='word_1_418' title='bbox 2611 2641 2735 2697; x_wconf 87' lang='lat' dir='ltr'><strong><em>cap.</em></strong></span> <span class='ocrx_word' id='word_1_419' title='bbox 2775 2627 2809 2682; x_wconf 85' lang='lat'><strong>7</strong></span> <span class='ocrx_word' id='word_1_420' title='bbox 2855 2643 2872 2681; x_wconf 88' lang='lat'><strong>:</strong></span> <span class='ocrx_word' id='word_1_421' title='bbox 2931 2626 3128 2682; x_wconf 79' lang='lat' dir='ltr'><strong><em>Postea</em></strong></span> <span class='ocrx_word' id='word_1_422' title='bbox 3158 2639 3328 2697; x_wconf 82' lang='lat' dir='ltr'><strong><em>quam</em></strong></span> <span class='ocrx_word' id='word_1_423' title='bbox 3375 2638 3447 2682; x_wconf 76' lang='lat' dir='ltr'><strong><em>ex</em></strong></span> <span class='ocrx_word' id='word_1_424' title='bbox 3489 2622 3787 2681; x_wconf 60' lang='lat' dir='ltr'><strong><em>Aruleno</em></strong></span> 
     </span>
    </p>
   </div>
   <div class='ocr_carea' id='block_1_56' title="bbox 2157 2714 3784 2790">
    <p class='ocr_par' dir='ltr' id='par_1_56' title="bbox 2157 2714 3784 2790">
     <span class='ocr_line' id='line_1_56' title="bbox 2157 2714 3784 2790; baseline -0.001 -15"><span class='ocrx_word' id='word_1_425' title='bbox 2157 2718 2548 2790; x_wconf 83' lang='lat' dir='ltr'><strong><em>episcoporum</em></strong></span> <span class='ocrx_word' id='word_1_426' title='bbox 2580 2716 2821 2774; x_wconf 84' lang='lat' dir='ltr'><strong><em>concilio</em></strong></span> <span class='ocrx_word' id='word_1_427' title='bbox 2853 2715 3127 2788; x_wconf 85' lang='lat' dir='ltr'><strong><em>rescripta</em></strong></span> <span class='ocrx_word' id='word_1_428' title='bbox 3173 2716 3382 2775; x_wconf 80' lang='lat' dir='ltr'><strong><em>directa</em></strong></span> <span class='ocrx_word' id='word_1_429' title='bbox 3413 2725 3592 2784; x_wconf 86' lang='lat' dir='ltr'><strong><em>sunt,</em></strong></span> <span class='ocrx_word' id='word_1_430' title='bbox 3637 2714 3784 2787; x_wconf 83' lang='lat' dir='ltr'><strong><em>quid</em></strong></span> 
     </span>
    </p>
   </div>
   <div class='ocr_carea' id='block_1_57' title="bbox 2159 2809 3784 2882">
    <p class='ocr_par' dir='ltr' id='par_1_57' title="bbox 2159 2809 3784 2882">
     <span class='ocr_line' id='line_1_57' title="bbox 2159 2809 3784 2882; baseline -0.001 -15"><span class='ocrx_word' id='word_1_431' title='bbox 2159 2811 2324 2870; x_wconf 78' lang='lat' dir='ltr'><strong><em>fuerit</em></strong></span> <span class='ocrx_word' id='word_1_432' title='bbox 2378 2818 2741 2869; x_wconf 87' lang='lat' dir='ltr'><strong><em>consecutum</em></strong></span> <span class='ocrx_word' id='word_1_433' title='bbox 2791 2820 2853 2868; x_wconf 90' lang='lat' dir='ltr'><strong><em>ut</em></strong></span> <span class='ocrx_word' id='word_1_434' title='bbox 2890 2812 3198 2882; x_wconf 72' lang='lat' dir='ltr'><strong><em>iustissime</em></strong></span> <span class='ocrx_word' id='word_1_435' title='bbox 3239 2812 3294 2868; x_wconf 90' lang='lat' dir='ltr'><strong><em>in</em></strong></span> <span class='ocrx_word' id='word_1_436' title='bbox 3334 2826 3461 2867; x_wconf 88' lang='lat' dir='ltr'><strong><em>eum</em></strong></span> <span class='ocrx_word' id='word_1_437' title='bbox 3496 2809 3784 2869; x_wconf 81' lang='lat' dir='ltr'><strong><em>sententia</em></strong></span> 
     </span>
    </p>
   </div>
   <div class='ocr_carea' id='block_1_58' title="bbox 2160 2897 3784 2978">
    <p class='ocr_par' dir='ltr' id='par_1_58' title="bbox 2160 2897 3784 2978">
     <span class='ocr_line' id='line_1_58' title="bbox 2160 2897 3784 2978; baseline -0.002 -17"><span class='ocrx_word' id='word_1_438' title='bbox 2160 2905 2532 2974; x_wconf 57' lang='lat' dir='ltr'><strong><em>prc~‘erretur,</em></strong></span> <span class='ocrx_word' id='word_1_439' title='bbox 2573 2913 2770 2962; x_wconf 86' lang='lat' dir='ltr'><strong><em>cuncta</em></strong></span> <span class='ocrx_word' id='word_1_440' title='bbox 2844 2904 3036 2976; x_wconf 75' lang='lat' dir='ltr'><strong><em>legite,</em></strong></span> <span class='ocrx_word' id='word_1_441' title='bbox 3081 2913 3192 2960; x_wconf 83' lang='lat' dir='ltr'><strong><em>tum</em></strong></span> <span class='ocrx_word' id='word_1_442' title='bbox 3253 2920 3320 2961; x_wconf 74' lang='lat' dir='ltr'><strong><em>ea:</em></strong></span> <span class='ocrx_word' id='word_1_443' title='bbox 3365 2903 3482 2959; x_wconf 88' lang='lat' dir='ltr'><strong><em>istis</em></strong></span> <span class='ocrx_word' id='word_1_444' title='bbox 3535 2897 3784 2978; x_wconf 72' lang='lat' dir='ltr'><strong><em>ejusdem</em></strong></span> 
     </span>
    </p>
   </div>
   <div class='ocr_carea' id='block_1_59' title="bbox 2159 2995 3782 3070">
    <p class='ocr_par' dir='ltr' id='par_1_59' title="bbox 2159 2995 3782 3070">
     <span class='ocr_line' id='line_1_59' title="bbox 2159 2995 3782 3070; baseline -0.001 -18"><span class='ocrx_word' id='word_1_445' title='bbox 2159 2995 2279 3052; x_wconf 88' lang='lat' dir='ltr'><strong><em>libri</em></strong></span> <span class='ocrx_word' id='word_1_446' title='bbox 2307 3014 2427 3070; x_wconf 86' lang='lat' dir='ltr'><strong><em>cap.</em></strong></span> <span class='ocrx_word' id='word_1_447' title='bbox 2465 2997 2531 3053; x_wconf 78' lang='lat'><strong><em>2|</em></strong></span> <span class='ocrx_word' id='word_1_448' title='bbox 2571 3012 2588 3052; x_wconf 88' lang='lat'><strong>:</strong></span> <span class='ocrx_word' id='word_1_449' title='bbox 2639 2995 2772 3053; x_wconf 84' lang='lat' dir='ltr'><strong><em>Post</em></strong></span> <span class='ocrx_word' id='word_1_450' title='bbox 2814 2997 3085 3069; x_wconf 80' lang='lat' dir='ltr'><strong><em>rescriptu</em></strong></span> <span class='ocrx_word' id='word_1_451' title='bbox 3113 2997 3320 3069; x_wconf 88' lang='lat' dir='ltr'><strong><em>quippe</em></strong></span> <span class='ocrx_word' id='word_1_452' title='bbox 3339 2995 3607 3054; x_wconf 72' lang='lat' dir='ltr'><strong><em>Aratum</em></strong></span> <span class='ocrx_word' id='word_1_453' title='bbox 3631 3008 3782 3052; x_wconf 82' lang='lat' dir='ltr'><strong><em>con-</em></strong></span> 
     </span>
    </p>
   </div>
   <div class='ocr_carea' id='block_1_60' title="bbox 2158 3087 3778 3162">
    <p class='ocr_par' dir='ltr' id='par_1_60' title="bbox 2158 3087 3778 3162">
     <span class='ocr_line' id='line_1_60' title="bbox 2158 3087 3778 3162; baseline -0.002 -15"><span class='ocrx_word' id='word_1_454' title='bbox 2158 3090 2397 3147; x_wconf 86' lang='lat' dir='ltr'><strong><em>cilii.....</em></strong></span> <span class='ocrx_word' id='word_1_455' title='bbox 2429 3105 2562 3146; x_wconf 81' lang='lat' dir='ltr'><strong><em>cura</em></strong></span> <span class='ocrx_word' id='word_1_456' title='bbox 2595 3087 2844 3147; x_wconf 79' lang='lat' dir='ltr'><strong><em>ﬁdelium</em></strong></span> <span class='ocrx_word' id='word_1_457' title='bbox 2872 3097 3172 3162; x_wconf 76' lang='lat' dir='ltr'><strong><em>patuerunt</em></strong></span> <span class='ocrx_word' id='word_1_458' title='bbox 3209 3106 3335 3162; x_wconf 82' lang='lat' dir='ltr'><strong><em>quae</em></strong></span> <span class='ocrx_word' id='word_1_459' title='bbox 3374 3089 3584 3148; x_wconf 86' lang='lat' dir='ltr'><strong><em>litteris</em></strong></span> <span class='ocrx_word' id='word_1_460' title='bbox 3608 3088 3733 3145; x_wconf 82' lang='lat' dir='ltr'><strong><em>suis</em></strong></span> <span class='ocrx_word' id='word_1_461' title='bbox 3757 3129 3778 3158; x_wconf 92' lang='lat'><strong><em>,</em></strong></span> 
     </span>
    </p>
   </div>
   <div class='ocr_carea' id='block_1_61' title="bbox 2158 3181 3784 3257">
    <p class='ocr_par' dir='ltr' id='par_1_61' title="bbox 2158 3181 3784 3257">
     <span class='ocr_line' id='line_1_61' title="bbox 2158 3181 3784 3257; baseline 0 -17"><span class='ocrx_word' id='word_1_462' title='bbox 2158 3199 2299 3256; x_wconf 79' lang='lat' dir='ltr'><strong><em>quas</em></strong></span> <span class='ocrx_word' id='word_1_463' title='bbox 2325 3183 2660 3257; x_wconf 87' lang='lat' dir='ltr'><strong><em>conscripsit</em></strong></span> <span class='ocrx_word' id='word_1_464' title='bbox 2688 3199 2788 3254; x_wconf 87' lang='lat' dir='ltr'><strong><em>per</em></strong></span> <span class='ocrx_word' id='word_1_465' title='bbox 2809 3184 2998 3242; x_wconf 89' lang='lat' dir='ltr'><strong><em>orbem</em></strong></span> <span class='ocrx_word' id='word_1_466' title='bbox 3031 3183 3417 3257; x_wconf 78' lang='lat' dir='ltr'><strong><em>perferendas,</em></strong></span> <span class='ocrx_word' id='word_1_467' title='bbox 3455 3197 3594 3256; x_wconf 75' lang='lat' dir='ltr'><strong><em>pupa</em></strong></span> <span class='ocrx_word' id='word_1_468' title='bbox 3614 3181 3784 3240; x_wconf 65' lang='lat' dir='ltr'><strong><em>Zosio</em></strong></span> 
     </span>
    </p>
   </div>
   <div class='ocr_carea' id='block_1_62' title="bbox 443 3275 3788 3355">
    <p class='ocr_par' dir='ltr' id='par_1_62' title="bbox 443 3275 3788 3355">
     <span class='ocr_line' id='line_1_62' title="bbox 443 3275 3788 3355; baseline -0.001 -17"><span class='ocrx_word' id='word_1_469' title='bbox 443 3281 680 3339; x_wconf 85' lang='lat' dir='ltr'><strong><em>Zosimus</em></strong></span> <span class='ocrx_word' id='word_1_470' title='bbox 695 3281 916 3355; x_wconf 86' lang='lat' dir='ltr'><strong><em>epistola</em></strong></span> <span class='ocrx_word' id='word_1_471' title='bbox 935 3280 994 3349; x_wconf 76' lang='grc' dir='ltr'><strong><em>ϐ,</em></strong></span> <span class='ocrx_word' id='word_1_472' title='bbox 1011 3296 1156 3336; x_wconf 82' lang='lat' dir='ltr'><strong><em>anno</em></strong></span> <span class='ocrx_word' id='word_1_473' title='bbox 1175 3279 1306 3349; x_wconf 74' lang='grc'><strong>417,</strong></span> <span class='ocrx_word' id='word_1_474' title='bbox 1337 3279 1666 3351; x_wconf 78' lang='lat' dir='ltr'><strong><em>Septembris</em></strong></span> <span class='ocrx_word' id='word_1_475' title='bbox 1688 3282 1762 3341; x_wconf 73' lang='lat'><strong><em>29</em></strong></span> <span class='ocrx_word' id='word_1_476' title='bbox 1790 3284 1880 3339; x_wconf 86' lang='lat' dir='ltr'><strong><em>die</em></strong></span> <span class='ocrx_word' id='word_1_477' title='bbox 1897 3284 2048 3351; x_wconf 88' lang='lat' dir='ltr'><strong><em>dato,</em></strong></span> <span class='ocrx_word' id='word_1_478' title='bbox 2075 3276 2125 3344; x_wconf 88' lang='lat' dir='ltr'>C</span> <span class='ocrx_word' id='word_1_479' title='bbox 2156 3293 2278 3334; x_wconf 90' lang='lat' dir='ltr'><strong><em>mus</em></strong></span> <span class='ocrx_word' id='word_1_480' title='bbox 2331 3276 2674 3335; x_wconf 76' lang='lat' dir='ltr'><strong><em>exsecranda</em></strong></span> <span class='ocrx_word' id='word_1_481' title='bbox 2717 3277 2986 3335; x_wconf 82' lang='lat' dir='ltr'><strong><em>adtexuit.</em></strong></span> <span class='ocrx_word' id='word_1_482' title='bbox 3037 3279 3332 3352; x_wconf 75' lang='lat' dir='ltr'><strong><em>Augustino</em></strong></span> <span class='ocrx_word' id='word_1_483' title='bbox 3370 3278 3597 3335; x_wconf 83' lang='lat' dir='ltr'><strong><em>concinit</em></strong></span> <span class='ocrx_word' id='word_1_484' title='bbox 3636 3275 3788 3334; x_wconf 82' lang='lat' dir='ltr'><strong><em>Pro-</em></strong></span> 
     </span>
    </p>
   </div>
   <div class='ocr_carea' id='block_1_63' title="bbox 444 3375 662 3448">
    <p class='ocr_par' dir='ltr' id='par_1_63' title="bbox 444 3375 662 3448">
     <span class='ocr_line' id='line_1_63' title="bbox 444 3375 662 3448; baseline -0.014 -14"><span class='ocrx_word' id='word_1_485' title='bbox 444 3375 662 3448; x_wconf 74' lang='lat' dir='ltr'><strong><em>refutat.</em></strong></span> 
     </span>
    </p>
   </div>
   <div class='ocr_carea' id='block_1_64' title="bbox 1210 3468 1277 3526">
    <p class='ocr_par' dir='ltr' id='par_1_64' title="bbox 1210 3468 1277 3526">
     <span class='ocr_line' id='line_1_64' title="bbox 1210 3468 1277 3526; baseline -0.03 0"><span class='ocrx_word' id='word_1_486' title='bbox 1210 3468 1277 3526; x_wconf 68' lang='grc' dir='ltr'><strong>γ.</strong></span> 
     </span>
    </p>
   </div>
   <div class='ocr_carea' id='block_1_65' title="bbox 517 3561 2056 3636">
    <p class='ocr_par' dir='ltr' id='par_1_65' title="bbox 517 3561 2056 3636">
     <span class='ocr_line' id='line_1_65' title="bbox 517 3561 2056 3636; baseline 0 -16"><span class='ocrx_word' id='word_1_487' title='bbox 517 3564 572 3620; x_wconf 81' lang='lat'><strong><em>6.</em></strong></span> <span class='ocrx_word' id='word_1_488' title='bbox 603 3562 846 3627; x_wconf 78' lang='lat' dir='ltr'><strong><em>Aurelius</em></strong></span> <span class='ocrx_word' id='word_1_489' title='bbox 867 3562 1068 3634; x_wconf 81' lang='lat' dir='ltr'><strong><em>aliique</em></strong></span> <span class='ocrx_word' id='word_1_490' title='bbox 1089 3561 1283 3636; x_wconf 65' lang='lat' dir='ltr'><strong><em>Africa</em></strong></span> <span class='ocrx_word' id='word_1_491' title='bbox 1307 3564 1562 3636; x_wconf 82' lang='lat' dir='ltr'><strong><em>episc0pi,</em></strong></span> <span class='ocrx_word' id='word_1_492' title='bbox 1588 3581 1726 3620; x_wconf 60' lang='lat' dir='ltr'><strong><em>anno</em></strong></span> <span class='ocrx_word' id='word_1_493' title='bbox 1757 3564 2056 3634; x_wconf 43' lang='lat' dir='ltr'><strong><em>Alﬁ-circa</em></strong></span> 
     </span>
    </p>
   </div>
   <div class='ocr_carea' id='block_1_66' title="bbox 447 3656 2056 3734">
    <p class='ocr_par' dir='ltr' id='par_1_66' title="bbox 447 3656 2056 3734">
     <span class='ocr_line' id='line_1_66' title="bbox 447 3656 2056 3734; baseline 0.001 -18"><span class='ocrx_word' id='word_1_494' title='bbox 447 3659 646 3716; x_wconf 80' lang='lat' dir='ltr'><strong><em>mensis</em></strong></span> <span class='ocrx_word' id='word_1_495' title='bbox 685 3657 994 3714; x_wconf 71' lang='lat' dir='ltr'><strong><em>Novembris</em></strong></span> <span class='ocrx_word' id='word_1_496' title='bbox 1046 3657 1204 3713; x_wconf 82' lang='lat' dir='ltr'><strong><em>initia</em></strong></span> <span class='ocrx_word' id='word_1_497' title='bbox 1246 3656 1568 3734; x_wconf 69' lang='lat' dir='ltr'><strong><em>Carthagine</em></strong></span> <span class='ocrx_word' id='word_1_498' title='bbox 1611 3661 1943 3734; x_wconf 73' lang='lat' dir='ltr'><strong><em>congregati,</em></strong></span> <span class='ocrx_word' id='word_1_499' title='bbox 1988 3661 2056 3718; x_wconf 89' lang='lat' dir='ltr'><strong><em>de</em></strong></span> 
     </span>
    </p>
   </div>
   <div class='ocr_carea' id='block_1_67' title="bbox 448 3752 2057 3830">
    <p class='ocr_par' dir='ltr' id='par_1_67' title="bbox 448 3752 2057 3830">
     <span class='ocr_line' id='line_1_67' title="bbox 448 3752 2057 3830; baseline 0.001 -18"><span class='ocrx_word' id='word_1_500' title='bbox 448 3754 688 3812; x_wconf 67' lang='lat' dir='ltr'><strong><em>Caelestio</em></strong></span> <span class='ocrx_word' id='word_1_501' title='bbox 715 3753 786 3809; x_wconf 84' lang='lat' dir='ltr'><strong><em>ad</em></strong></span> <span class='ocrx_word' id='word_1_502' title='bbox 813 3752 1082 3810; x_wconf 82' lang='lat' dir='ltr'><strong><em>Zosimum</em></strong></span> <span class='ocrx_word' id='word_1_503' title='bbox 1101 3769 1296 3827; x_wconf 84' lang='lat' dir='ltr'><strong><em>papam</em></strong></span> <span class='ocrx_word' id='word_1_504' title='bbox 1319 3755 1719 3830; x_wconf 83' lang='lat' dir='ltr'><strong><em>rescripserunt,</em></strong></span> <span class='ocrx_word' id='word_1_505' title='bbox 1745 3773 1860 3810; x_wconf 87' lang='lat' dir='ltr'><strong><em>cum</em></strong></span> <span class='ocrx_word' id='word_1_506' title='bbox 1891 3775 1952 3814; x_wconf 92' lang='lat' dir='ltr'><strong><em>eo</em></strong></span> <span class='ocrx_word' id='word_1_507' title='bbox 1976 3758 2057 3814; x_wconf 86' lang='lat' dir='ltr'><strong><em>sic</em></strong></span> 
     </span>
    </p>
   </div>
   <div class='ocr_carea' id='block_1_68' title="bbox 446 3847 2058 3921">
    <p class='ocr_par' dir='ltr' id='par_1_68' title="bbox 446 3847 2058 3921">
     <span class='ocr_line' id='line_1_68' title="bbox 446 3847 2058 3921; baseline 0.002 -18"><span class='ocrx_word' id='word_1_508' title='bbox 446 3847 860 3921; x_wconf 67' lang='lat' dir='ltr'><strong><em>expostulantes,</em></strong></span> <span class='ocrx_word' id='word_1_509' title='bbox 890 3849 1038 3920; x_wconf 84' lang='lat' dir='ltr'><strong><em>quasi</em></strong></span> <span class='ocrx_word' id='word_1_510' title='bbox 1066 3849 1308 3903; x_wconf 78' lang='lat' dir='ltr'><strong><em>Iurretico</em></strong></span> <span class='ocrx_word' id='word_1_511' title='bbox 1345 3849 1468 3902; x_wconf 81' lang='lat' dir='ltr'><strong><em>huic</em></strong></span> <span class='ocrx_word' id='word_1_512' title='bbox 1493 3851 1550 3904; x_wconf 80' lang='lat' dir='ltr'><strong><em>in</em></strong></span> <span class='ocrx_word' id='word_1_513' title='bbox 1582 3850 1822 3908; x_wconf 83' lang='lat' dir='ltr'><strong><em>omnibus</em></strong></span> <span class='ocrx_word' id='word_1_514' title='bbox 1849 3868 2058 3907; x_wconf 86' lang='lat' dir='ltr'><strong><em>accom-</em></strong></span> 
     </span>
    </p>
   </div>
   <div class='ocr_carea' id='block_1_69' title="bbox 445 3941 2062 4012">
    <p class='ocr_par' dir='ltr' id='par_1_69' title="bbox 445 3941 2062 4012">
     <span class='ocr_line' id='line_1_69' title="bbox 445 3941 2062 4012; baseline 0.003 -16"><span class='ocrx_word' id='word_1_515' title='bbox 445 3941 709 3998; x_wconf 85' lang='lat' dir='ltr'><strong><em>modasset</em></strong></span> <span class='ocrx_word' id='word_1_516' title='bbox 761 3941 950 4011; x_wconf 75' lang='lat' dir='ltr'><strong><em>ﬁdem,</em></strong></span> <span class='ocrx_word' id='word_1_517' title='bbox 979 3951 1133 4012; x_wconf 86' lang='lat' dir='ltr'><strong><em>atque</em></strong></span> <span class='ocrx_word' id='word_1_518' title='bbox 1157 3941 1310 3996; x_wconf 87' lang='lat' dir='ltr'><strong><em>illius</em></strong></span> <span class='ocrx_word' id='word_1_519' title='bbox 1353 3941 1522 3998; x_wconf 76' lang='lat' dir='ltr'><strong><em>verbis</em></strong></span> <span class='ocrx_word' id='word_1_520' title='bbox 1555 3959 1660 3998; x_wconf 86' lang='lat' dir='ltr'><strong><em>non</em></strong></span> <span class='ocrx_word' id='word_1_521' title='bbox 1705 3944 1957 4001; x_wconf 83' lang='lat' dir='ltr'><strong><em>discussis</em></strong></span> <span class='ocrx_word' id='word_1_522' title='bbox 1987 3945 2062 4001; x_wconf 89' lang='lat' dir='ltr'><strong><em>ad</em></strong></span> 
     </span>
    </p>
   </div>
   <div class='ocr_carea' id='block_1_70' title="bbox 447 4028 2058 4107">
    <p class='ocr_par' dir='ltr' id='par_1_70' title="bbox 447 4028 2058 4107">
     <span class='ocr_line' id='line_1_70' title="bbox 447 4028 2058 4107; baseline 0.001 -16"><span class='ocrx_word' id='word_1_523' title='bbox 447 4051 654 4091; x_wconf 85' lang='lat' dir='ltr'><strong><em>onmem</em></strong></span> <span class='ocrx_word' id='word_1_524' title='bbox 679 4034 938 4107; x_wconf 79' lang='lat' dir='ltr'><strong><em>syllabam</em></strong></span> <span class='ocrx_word' id='word_1_525' title='bbox 965 4028 1239 4090; x_wconf 74' lang='lat' dir='ltr'><strong><em>assensum</em></strong></span> <span class='ocrx_word' id='word_1_526' title='bbox 1271 4035 1600 4106; x_wconf 62' lang='lat' dir='ltr'><strong><em>prabnisset.</em></strong></span> <span class='ocrx_word' id='word_1_527' title='bbox 1637 4033 1739 4092; x_wconf 82' lang='lat' dir='ltr'><strong><em>His</em></strong></span> <span class='ocrx_word' id='word_1_528' title='bbox 1765 4036 1822 4091; x_wconf 81' lang='lat' dir='ltr'><strong><em>in</em></strong></span> <span class='ocrx_word' id='word_1_529' title='bbox 1861 4037 2058 4094; x_wconf 86' lang='lat' dir='ltr'><strong><em>litteris</em></strong></span> 
     </span>
    </p>
   </div>
   <div class='ocr_carea' id='block_1_71' title="bbox 448 4123 2056 4201">
    <p class='ocr_par' dir='ltr' id='par_1_71' title="bbox 448 4123 2056 4201">
     <span class='ocr_line' id='line_1_71' title="bbox 448 4123 2056 4201; baseline 0.002 -19"><span class='ocrx_word' id='word_1_530' title='bbox 448 4129 580 4198; x_wconf 82' lang='lat' dir='ltr'><strong><em>sibi,</em></strong></span> <span class='ocrx_word' id='word_1_531' title='bbox 610 4136 790 4200; x_wconf 87' lang='lat' dir='ltr'><strong><em>utpote</em></strong></span> <span class='ocrx_word' id='word_1_532' title='bbox 812 4125 957 4201; x_wconf 82' lang='lat' dir='ltr'><strong><em>apud</em></strong></span> <span class='ocrx_word' id='word_1_533' title='bbox 984 4142 1113 4199; x_wconf 86' lang='lat' dir='ltr'><strong><em>quos</em></strong></span> <span class='ocrx_word' id='word_1_534' title='bbox 1143 4133 1420 4184; x_wconf 85' lang='lat' dir='ltr'><strong><em>accusatus</em></strong></span> <span class='ocrx_word' id='word_1_535' title='bbox 1451 4127 1516 4182; x_wconf 87' lang='lat' dir='ltr'><strong><em>sit</em></strong></span> <span class='ocrx_word' id='word_1_536' title='bbox 1552 4123 1821 4184; x_wconf 69' lang='lat' dir='ltr'><strong><em>Cclestius</em></strong></span> <span class='ocrx_word' id='word_1_537' title='bbox 1844 4169 1859 4195; x_wconf 98' lang='lat'><strong><em>,</em></strong></span> <span class='ocrx_word' id='word_1_538' title='bbox 1903 4139 2056 4186; x_wconf 69' lang='lat' dir='ltr'><strong><em>notas</em></strong></span> 
     </span>
    </p>
   </div>
   <div class='ocr_carea' id='block_1_72' title="bbox 447 4216 2062 4289">
    <p class='ocr_par' dir='ltr' id='par_1_72' title="bbox 447 4216 2062 4289">
     <span class='ocr_line' id='line_1_72' title="bbox 447 4216 2062 4289; baseline 0 -13"><span class='ocrx_word' id='word_1_539' title='bbox 447 4238 560 4278; x_wconf 87' lang='lat' dir='ltr'><strong><em>esse</em></strong></span> <span class='ocrx_word' id='word_1_540' title='bbox 584 4219 940 4277; x_wconf 83' lang='lat' dir='ltr'><strong><em>memorabant</em></strong></span> <span class='ocrx_word' id='word_1_541' title='bbox 982 4218 1130 4275; x_wconf 85' lang='lat' dir='ltr'><strong><em>illius</em></strong></span> <span class='ocrx_word' id='word_1_542' title='bbox 1161 4226 1324 4275; x_wconf 86' lang='lat' dir='ltr'><strong><em>artes.</em></strong></span> <span class='ocrx_word' id='word_1_543' title='bbox 1367 4216 1498 4274; x_wconf 84' lang='lat' dir='ltr'><strong><em>Tum</em></strong></span> <span class='ocrx_word' id='word_1_544' title='bbox 1542 4230 1921 4289; x_wconf 66' lang='lat' dir='ltr'><strong><em>praemonenles</em></strong></span> <span class='ocrx_word' id='word_1_545' title='bbox 1951 4223 2062 4277; x_wconf 86' lang='lat' dir='ltr'><strong><em>sin-</em></strong></span> 
     </span>
    </p>
   </div>
   <div class='ocr_carea' id='block_1_73' title="bbox 446 4307 2057 4380">
    <p class='ocr_par' dir='ltr' id='par_1_73' title="bbox 446 4307 2057 4380">
     <span class='ocr_line' id='line_1_73' title="bbox 446 4307 2057 4380; baseline -0.004 -8"><span class='ocrx_word' id='word_1_546' title='bbox 446 4329 621 4372; x_wconf 80' lang='lat' dir='ltr'><strong><em>ceram</em></strong></span> <span class='ocrx_word' id='word_1_547' title='bbox 657 4327 761 4368; x_wconf 88' lang='lat' dir='ltr'><strong><em>non</em></strong></span> <span class='ocrx_word' id='word_1_548' title='bbox 785 4326 893 4365; x_wconf 76' lang='lat' dir='ltr'><strong><em>esse</em></strong></span> <span class='ocrx_word' id='word_1_549' title='bbox 922 4310 1064 4366; x_wconf 87' lang='lat' dir='ltr'><strong><em>illius</em></strong></span> <span class='ocrx_word' id='word_1_550' title='bbox 1089 4309 1245 4377; x_wconf 78' lang='lat' dir='ltr'><strong><em>ﬁdem</em></strong></span> <span class='ocrx_word' id='word_1_551' title='bbox 1267 4352 1282 4377; x_wconf 88' lang='lat'><strong><em>_.</em></strong></span> <span class='ocrx_word' id='word_1_552' title='bbox 1315 4307 1584 4367; x_wconf 82' lang='lat' dir='ltr'><strong><em>Zosimum</em></strong></span> <span class='ocrx_word' id='word_1_553' title='bbox 1619 4311 2015 4368; x_wconf 83' lang='lat' dir='ltr'><strong><em>obtestabantur</em></strong></span> <span class='ocrx_word' id='word_1_554' title='bbox 2041 4354 2057 4380; x_wconf 90' lang='lat'><strong><em>,</em></strong></span> 
     </span>
    </p>
   </div>
   <div class='ocr_carea' id='block_1_74' title="bbox 450 4386 2061 4480">
    <p class='ocr_par' dir='ltr' id='par_1_74' title="bbox 450 4386 2061 4480">
     <span class='ocr_line' id='line_1_74' title="bbox 450 4386 2061 4480; baseline -0.001 -18"><span class='ocrx_word' id='word_1_555' title='bbox 450 4426 518 4464; x_wconf 87' lang='lat' dir='ltr'><strong><em>ne</em></strong></span> <span class='ocrx_word' id='word_1_556' title='bbox 540 4406 691 4464; x_wconf 84' lang='lat' dir='ltr'><strong><em>illum</em></strong></span> <span class='ocrx_word' id='word_1_557' title='bbox 713 4386 1046 4478; x_wconf 60' lang='lat' dir='ltr'><strong><em>praiproperc</em></strong></span> <span class='ocrx_word' id='word_1_558' title='bbox 1071 4402 1378 4471; x_wconf 72' lang='lat' dir='ltr'><strong><em>absolueret,</em></strong></span> <span class='ocrx_word' id='word_1_559' title='bbox 1404 4404 1497 4459; x_wconf 88' lang='lat' dir='ltr'><strong><em>sed</em></strong></span> <span class='ocrx_word' id='word_1_560' title='bbox 1519 4420 1602 4460; x_wconf 86' lang='lat' dir='ltr'><strong><em>res</em></strong></span> <span class='ocrx_word' id='word_1_561' title='bbox 1629 4405 1684 4461; x_wconf 84' lang='lat' dir='ltr'><strong><em>in</em></strong></span> <span class='ocrx_word' id='word_1_562' title='bbox 1709 4420 1772 4461; x_wconf 84' lang='lat' dir='ltr'><strong><em>eo</em></strong></span> <span class='ocrx_word' id='word_1_563' title='bbox 1797 4406 2061 4480; x_wconf 84' lang='lat' dir='ltr'><strong><em>relinque-</em></strong></span> 
     </span>
    </p>
   </div>
   <div class='ocr_carea' id='block_1_75' title="bbox 406 4493 2057 4572">
    <p class='ocr_par' dir='ltr' id='par_1_75' title="bbox 406 4493 2057 4572">
     <span class='ocr_line' id='line_1_75' title="bbox 406 4493 2057 4572; baseline 0.002 -20"><span class='ocrx_word' id='word_1_564' title='bbox 406 4493 410 4498; x_wconf 70' lang='grc'><em>’</em></span> <span class='ocrx_word' id='word_1_565' title='bbox 453 4509 532 4554; x_wconf 81' lang='lat' dir='ltr'><strong><em>ret</em></strong></span> <span class='ocrx_word' id='word_1_566' title='bbox 568 4509 731 4566; x_wconf 77' lang='lat' dir='ltr'><strong><em>statu,</em></strong></span> <span class='ocrx_word' id='word_1_567' title='bbox 755 4498 810 4551; x_wconf 86' lang='lat' dir='ltr'><strong><em>in</em></strong></span> <span class='ocrx_word' id='word_1_568' title='bbox 828 4513 932 4570; x_wconf 86' lang='lat' dir='ltr'><strong><em>quo</em></strong></span> <span class='ocrx_word' id='word_1_569' title='bbox 951 4504 1072 4551; x_wconf 87' lang='lat' dir='ltr'><strong><em>ante</em></strong></span> <span class='ocrx_word' id='word_1_570' title='bbox 1110 4498 1443 4553; x_wconf 68' lang='lat' dir='ltr'><strong><em>nouissimus</em></strong></span> <span class='ocrx_word' id='word_1_571' title='bbox 1469 4499 1820 4572; x_wconf 71' lang='lat' dir='ltr'><strong><em>cognitionem</em></strong></span> <span class='ocrx_word' id='word_1_572' title='bbox 1865 4512 2057 4566; x_wconf 83' lang='lat' dir='ltr'><strong><em>erant,</em></strong></span> 
     </span>
    </p>
   </div>
   <div class='ocr_carea' id='block_1_76' title="bbox 453 4591 2066 4666">
    <p class='ocr_par' dir='ltr' id='par_1_76' title="bbox 453 4591 2066 4666">
     <span class='ocr_line' id='line_1_76' title="bbox 453 4591 2066 4666; baseline 0.001 -16"><span class='ocrx_word' id='word_1_573' title='bbox 453 4596 554 4651; x_wconf 81' lang='lat' dir='ltr'><strong><em>hoc</em></strong></span> <span class='ocrx_word' id='word_1_574' title='bbox 582 4604 657 4652; x_wconf 85' lang='lat' dir='ltr'><strong><em>est</em></strong></span> <span class='ocrx_word' id='word_1_575' title='bbox 679 4639 694 4663; x_wconf 95' lang='lat'><strong><em>,</em></strong></span> <span class='ocrx_word' id='word_1_576' title='bbox 726 4611 760 4649; x_wconf 91' lang='lat' dir='ltr'><strong><em>a</em></strong></span> <span class='ocrx_word' id='word_1_577' title='bbox 785 4593 1143 4649; x_wconf 82' lang='lat' dir='ltr'><strong><em>communione</em></strong></span> <span class='ocrx_word' id='word_1_578' title='bbox 1162 4634 1178 4659; x_wconf 90' lang='lat'><strong><em>,</em></strong></span> <span class='ocrx_word' id='word_1_579' title='bbox 1218 4607 1324 4666; x_wconf 84' lang='lat' dir='ltr'><strong><em>qua</em></strong></span> <span class='ocrx_word' id='word_1_580' title='bbox 1357 4593 1592 4665; x_wconf 71' lang='lat' dir='ltr'><strong><em>priuatus</em></strong></span> <span class='ocrx_word' id='word_1_581' title='bbox 1637 4593 1703 4648; x_wconf 86' lang='lat' dir='ltr'><strong><em>ab</em></strong></span> <span class='ocrx_word' id='word_1_582' title='bbox 1751 4591 2066 4652; x_wconf 78' lang='lat' dir='ltr'><strong><em>Innocentio</em></strong></span> 
     </span>
    </p>
   </div>
   <div class='ocr_carea' id='block_1_77' title="bbox 2154 3368 3786 3446">
    <p class='ocr_par' dir='ltr' id='par_1_77' title="bbox 2154 3368 3786 3446">
     <span class='ocr_line' id='line_1_77' title="bbox 2154 3368 3786 3446; baseline 0 -20"><span class='ocrx_word' id='word_1_583' title='bbox 2154 3387 2274 3444; x_wconf 86' lang='lat' dir='ltr'><strong><em>sper</em></strong></span> <span class='ocrx_word' id='word_1_584' title='bbox 2303 3369 2394 3426; x_wconf 89' lang='lat' dir='ltr'><strong><em>lib.</em></strong></span> <span class='ocrx_word' id='word_1_585' title='bbox 2421 3379 2602 3426; x_wconf 87' lang='lat' dir='ltr'><strong><em>contra</em></strong></span> <span class='ocrx_word' id='word_1_586' title='bbox 2626 3368 2962 3437; x_wconf 83' lang='lat' dir='ltr'><strong><em>Collatorem,</em></strong></span> <span class='ocrx_word' id='word_1_587' title='bbox 2986 3386 3037 3427; x_wconf 93' lang='lat' dir='ltr'><strong><em>c.</em></strong></span> <span class='ocrx_word' id='word_1_588' title='bbox 3057 3370 3258 3438; x_wconf 63' lang='grc' dir='ltr'><strong><em>Πιερία</em></strong></span> <span class='ocrx_word' id='word_1_589' title='bbox 3280 3370 3339 3438; x_wconf 79' lang='lat'><strong><em>5,</em></strong></span> <span class='ocrx_word' id='word_1_590' title='bbox 3362 3387 3420 3428; x_wconf 86' lang='lat' dir='ltr'><strong><em>n.</em></strong></span> <span class='ocrx_word' id='word_1_591' title='bbox 3446 3368 3538 3428; x_wconf 78' lang='grc'><strong><em>15.</em></strong></span> <span class='ocrx_word' id='word_1_592' title='bbox 3565 3369 3786 3446; x_wconf 72' lang='lat' dir='ltr'><strong><em>Quippe</em></strong></span> 
     </span>
    </p>
   </div>
   <div class='ocr_carea' id='block_1_78' title="bbox 2153 3463 3784 3539">
    <p class='ocr_par' dir='ltr' id='par_1_78' title="bbox 2153 3463 3784 3539">
     <span class='ocr_line' id='line_1_78' title="bbox 2153 3463 3784 3539; baseline 0.002 -19"><span class='ocrx_word' id='word_1_593' title='bbox 2153 3463 2298 3539; x_wconf 83' lang='lat' dir='ltr'><strong><em>quod</em></strong></span> <span class='ocrx_word' id='word_1_594' title='bbox 2324 3465 2397 3520; x_wconf 89' lang='lat' dir='ltr'><strong><em>ibi</em></strong></span> <span class='ocrx_word' id='word_1_595' title='bbox 2423 3465 2562 3522; x_wconf 80' lang='lat' dir='ltr'><strong><em>velut</em></strong></span> <span class='ocrx_word' id='word_1_596' title='bbox 2587 3464 2645 3523; x_wconf 86' lang='lat' dir='ltr'><strong><em>in</em></strong></span> <span class='ocrx_word' id='word_1_597' title='bbox 2687 3464 2941 3538; x_wconf 77' lang='lat' dir='ltr'><strong><em>Africano</em></strong></span> <span class='ocrx_word' id='word_1_598' title='bbox 2970 3467 3196 3523; x_wconf 87' lang='lat' dir='ltr'><strong><em>concilio</em></strong></span> <span class='ocrx_word' id='word_1_599' title='bbox 3224 3467 3569 3524; x_wconf 81' lang='lat' dir='ltr'><strong><em>constitutum</em></strong></span> <span class='ocrx_word' id='word_1_600' title='bbox 3587 3467 3784 3523; x_wconf 82' lang='lat' dir='ltr'><strong><em>laudat</em></strong></span> 
     </span>
    </p>
   </div>
   <div class='ocr_carea' id='block_1_79' title="bbox 2154 3557 3782 3634">
    <p class='ocr_par' dir='ltr' id='par_1_79' title="bbox 2154 3557 3782 3634">
     <span class='ocr_line' id='line_1_79' title="bbox 2154 3557 3782 3634; baseline 0.001 -20"><span class='ocrx_word' id='word_1_601' title='bbox 2154 3557 2211 3614; x_wconf 87' lang='lat' dir='ltr'><strong><em>in</em></strong></span> <span class='ocrx_word' id='word_1_602' title='bbox 2239 3557 2380 3613; x_wconf 75' lang='lat' dir='ltr'><strong><em>hunc</em></strong></span> <span class='ocrx_word' id='word_1_603' title='bbox 2409 3557 2622 3614; x_wconf 82' lang='lat' dir='ltr'><strong><em>modum</em></strong></span> <span class='ocrx_word' id='word_1_604' title='bbox 2650 3574 2668 3612; x_wconf 91' lang='lat'><em>:</em></span> <span class='ocrx_word' id='word_1_605' title='bbox 2707 3557 3057 3617; x_wconf 80' lang='lat' dir='ltr'><strong><em>Erruverunt</em></strong></span> <span class='ocrx_word' id='word_1_606' title='bbox 3090 3558 3350 3617; x_wconf 77' lang='lat' dir='ltr'><strong><em>Africana</em></strong></span> <span class='ocrx_word' id='word_1_607' title='bbox 3382 3562 3782 3634; x_wconf 76' lang='lat' dir='ltr'><strong><em>episcoporum</em></strong></span> 
     </span>
    </p>
   </div>
   <div class='ocr_carea' id='block_1_80' title="bbox 2155 3650 3784 3728">
    <p class='ocr_par' dir='ltr' id='par_1_80' title="bbox 2155 3650 3784 3728">
     <span class='ocr_line' id='line_1_80' title="bbox 2155 3650 3784 3728; baseline 0.001 -19"><span class='ocrx_word' id='word_1_608' title='bbox 2155 3651 2421 3718; x_wconf 78' lang='lat' dir='ltr'><strong><em>concilia,</em></strong></span> <span class='ocrx_word' id='word_1_609' title='bbox 2450 3668 2574 3725; x_wconf 60' lang='lat' dir='ltr'><strong><em>quae</em></strong></span> <span class='ocrx_word' id='word_1_610' title='bbox 2602 3650 2840 3709; x_wconf 87' lang='lat' dir='ltr'><strong><em>decretis</em></strong></span> <span class='ocrx_word' id='word_1_611' title='bbox 2869 3652 2986 3710; x_wconf 87' lang='lat' dir='ltr'><strong><em>suis</em></strong></span> <span class='ocrx_word' id='word_1_612' title='bbox 3017 3654 3436 3712; x_wconf 86' lang='lat' dir='ltr'><strong><em>constituerunt</em></strong></span> <span class='ocrx_word' id='word_1_613' title='bbox 3475 3663 3784 3728; x_wconf 82' lang='lat' dir='ltr'><strong><em>utrumque</em></strong></span> 
     </span>
    </p>
   </div>
   <div class='ocr_carea' id='block_1_81' title="bbox 2156 3745 3785 3822">
    <p class='ocr_par' dir='ltr' id='par_1_81' title="bbox 2156 3745 3785 3822">
     <span class='ocr_line' id='line_1_81' title="bbox 2156 3745 3785 3822; baseline 0.002 -20"><span class='ocrx_word' id='word_1_614' title='bbox 2156 3745 2254 3802; x_wconf 87' lang='lat' dir='ltr'><strong><em>Dei</em></strong></span> <span class='ocrx_word' id='word_1_615' title='bbox 2285 3745 2493 3802; x_wconf 89' lang='lat' dir='ltr'><strong><em>donum</em></strong></span> <span class='ocrx_word' id='word_1_616' title='bbox 2531 3761 2680 3814; x_wconf 84' lang='lat' dir='ltr'><strong><em>esse,</em></strong></span> <span class='ocrx_word' id='word_1_617' title='bbox 2710 3757 2768 3803; x_wconf 91' lang='lat' dir='ltr'><strong><em>et</em></strong></span> <span class='ocrx_word' id='word_1_618' title='bbox 2793 3747 2942 3805; x_wconf 85' lang='lat' dir='ltr'><strong><em>scire</em></strong></span> <span class='ocrx_word' id='word_1_619' title='bbox 2979 3748 3112 3822; x_wconf 88' lang='lat' dir='ltr'><strong><em>quid</em></strong></span> <span class='ocrx_word' id='word_1_620' title='bbox 3139 3747 3325 3806; x_wconf 77' lang='lat' dir='ltr'><strong><em>facere</em></strong></span> <span class='ocrx_word' id='word_1_621' title='bbox 3352 3747 3686 3816; x_wconf 74' lang='lat' dir='ltr'><strong><em>debeamus,</em></strong></span> <span class='ocrx_word' id='word_1_622' title='bbox 3721 3755 3785 3806; x_wconf 88' lang='lat' dir='ltr'><strong><em>et</em></strong></span> 
     </span>
    </p>
   </div>
   <div class='ocr_carea' id='block_1_82' title="bbox 2158 3839 3785 3918">
    <p class='ocr_par' dir='ltr' id='par_1_82' title="bbox 2158 3839 3785 3918">
     <span class='ocr_line' id='line_1_82' title="bbox 2158 3839 3785 3918; baseline 0.001 -21"><span class='ocrx_word' id='word_1_623' title='bbox 2158 3840 2388 3913; x_wconf 73' lang='lat' dir='ltr'><strong><em>diligere</em></strong></span> <span class='ocrx_word' id='word_1_624' title='bbox 2417 3851 2476 3897; x_wconf 88' lang='lat' dir='ltr'><strong><em>ut</em></strong></span> <span class='ocrx_word' id='word_1_625' title='bbox 2512 3839 2806 3909; x_wconf 79' lang='lat' dir='ltr'><strong><em>faciamus,</em></strong></span> <span class='ocrx_word' id='word_1_626' title='bbox 2859 3843 3075 3898; x_wconf 81' lang='lat' dir='ltr'><strong><em>totidem</em></strong></span> <span class='ocrx_word' id='word_1_627' title='bbox 3105 3842 3274 3899; x_wconf 78' lang='lat' dir='ltr'><strong><em>verbis</em></strong></span> <span class='ocrx_word' id='word_1_628' title='bbox 3297 3841 3579 3916; x_wconf 75' lang='lat' dir='ltr'><strong><em>deﬁnitum</em></strong></span> <span class='ocrx_word' id='word_1_629' title='bbox 3605 3843 3785 3918; x_wconf 68' lang='lat' dir='ltr'><strong><em>legere</em></strong></span> 
     </span>
    </p>
   </div>
   <div class='ocr_carea' id='block_1_83' title="bbox 2157 3933 3785 4012">
    <p class='ocr_par' dir='ltr' id='par_1_83' title="bbox 2157 3933 3785 4012">
     <span class='ocr_line' id='line_1_83' title="bbox 2157 3933 3785 4012; baseline 0.001 -21"><span class='ocrx_word' id='word_1_630' title='bbox 2157 3946 2235 3992; x_wconf 86' lang='lat' dir='ltr'><strong><em>est</em></strong></span> <span class='ocrx_word' id='word_1_631' title='bbox 2278 3937 2334 3992; x_wconf 89' lang='lat' dir='ltr'><strong><em>in</em></strong></span> <span class='ocrx_word' id='word_1_632' title='bbox 2359 3936 2562 4010; x_wconf 77' lang='lat' dir='ltr'><strong><em>synodo</em></strong></span> <span class='ocrx_word' id='word_1_633' title='bbox 2604 3934 3012 4012; x_wconf 76' lang='lat' dir='ltr'><strong><em>Carthaginensi</em></strong></span> <span class='ocrx_word' id='word_1_634' title='bbox 3036 3954 3179 3994; x_wconf 89' lang='lat' dir='ltr'><strong><em>anno</em></strong></span> <span class='ocrx_word' id='word_1_635' title='bbox 3205 3937 3312 3995; x_wconf 71' lang='grc'><strong>118</strong></span> <span class='ocrx_word' id='word_1_636' title='bbox 3339 3933 3580 3994; x_wconf 70' lang='lat' dir='ltr'><strong><em>kalendis</em></strong></span> <span class='ocrx_word' id='word_1_637' title='bbox 3611 3935 3785 4003; x_wconf 64' lang='lat' dir='ltr'><strong><em>Maiis</em></strong></span> 
     </span>
    </p>
   </div>
   <div class='ocr_carea' id='block_1_84' title="bbox 2161 4027 3787 4105">
    <p class='ocr_par' dir='ltr' id='par_1_84' title="bbox 2161 4027 3787 4105">
     <span class='ocr_line' id='line_1_84' title="bbox 2161 4027 3787 4105; baseline 0.002 -21"><span class='ocrx_word' id='word_1_638' title='bbox 2161 4027 2360 4096; x_wconf 75' lang='lat' dir='ltr'><strong><em>habita,</em></strong></span> <span class='ocrx_word' id='word_1_639' title='bbox 2395 4045 2516 4084; x_wconf 90' lang='lat' dir='ltr'><strong><em>can.</em></strong></span> <span class='ocrx_word' id='word_1_640' title='bbox 2555 4028 2613 4097; x_wconf 71' lang='grc'><strong><em>4,</em></strong></span> <span class='ocrx_word' id='word_1_641' title='bbox 2643 4047 2734 4086; x_wconf 86' lang='lat' dir='ltr'><strong><em>seu</em></strong></span> <span class='ocrx_word' id='word_1_642' title='bbox 2775 4030 2833 4087; x_wconf 80' lang='lat'><strong><em>5.</em></strong></span> <span class='ocrx_word' id='word_1_643' title='bbox 2881 4029 3000 4086; x_wconf 82' lang='lat' dir='ltr'><strong><em>Nec</em></strong></span> <span class='ocrx_word' id='word_1_644' title='bbox 3025 4046 3230 4088; x_wconf 79' lang='lat' dir='ltr'><strong><em>mouere</em></strong></span> <span class='ocrx_word' id='word_1_645' title='bbox 3267 4047 3583 4105; x_wconf 81' lang='lat' dir='ltr'><strong><em>quemquam</em></strong></span> <span class='ocrx_word' id='word_1_646' title='bbox 3628 4030 3787 4088; x_wconf 82' lang='lat' dir='ltr'><strong><em>debet</em></strong></span> 
     </span>
    </p>
   </div>
   <div class='ocr_carea' id='block_1_85' title="bbox 2157 4122 3788 4200">
    <p class='ocr_par' dir='ltr' id='par_1_85' title="bbox 2157 4122 3788 4200">
     <span class='ocr_line' id='line_1_85' title="bbox 2157 4122 3788 4200; baseline 0.004 -21"><span class='ocrx_word' id='word_1_647' title='bbox 2157 4123 2301 4196; x_wconf 83' lang='lat' dir='ltr'><strong><em>quod</em></strong></span> <span class='ocrx_word' id='word_1_648' title='bbox 2325 4123 2520 4180; x_wconf 85' lang='lat' dir='ltr'><strong><em>ibidem</em></strong></span> <span class='ocrx_word' id='word_1_649' title='bbox 2548 4125 2761 4196; x_wconf 82' lang='lat' dir='ltr'><strong><em>subjicit</em></strong></span> <span class='ocrx_word' id='word_1_650' title='bbox 2806 4122 3038 4200; x_wconf 81' lang='lat' dir='ltr'><strong><em>Prosper</em></strong></span> <span class='ocrx_word' id='word_1_651' title='bbox 3064 4141 3086 4182; x_wconf 91' lang='lat'><strong><em>:</em></strong></span> <span class='ocrx_word' id='word_1_652' title='bbox 3117 4127 3458 4184; x_wconf 76' lang='lat' dir='ltr'><strong><em>Erraverunt</em></strong></span> <span class='ocrx_word' id='word_1_653' title='bbox 3485 4140 3654 4185; x_wconf 79' lang='lat' dir='ltr'><strong><em>cem</em></strong></span> <span class='ocrx_word' id='word_1_654' title='bbox 3690 4141 3788 4186; x_wconf 80' lang='lat' dir='ltr'><strong><em>sa-</em></strong></span> 
     </span>
    </p>
   </div>
   <div class='ocr_carea' id='block_1_86' title="bbox 2157 4215 3785 4292">
    <p class='ocr_par' dir='ltr' id='par_1_86' title="bbox 2157 4215 3785 4292">
     <span class='ocr_line' id='line_1_86' title="bbox 2157 4215 3785 4292; baseline 0.004 -19"><span class='ocrx_word' id='word_1_655' title='bbox 2157 4217 2439 4284; x_wconf 88' lang='lat' dir='ltr'><strong><em>cerdotes,</em></strong></span> <span class='ocrx_word' id='word_1_656' title='bbox 2468 4217 2558 4290; x_wconf 85' lang='lat' dir='ltr'><strong><em>qui</em></strong></span> <span class='ocrx_word' id='word_1_657' title='bbox 2590 4217 2646 4274; x_wconf 87' lang='lat' dir='ltr'><strong><em>in</em></strong></span> <span class='ocrx_word' id='word_1_658' title='bbox 2671 4220 2929 4290; x_wconf 81' lang='lat' dir='ltr'><strong><em>epistola,</em></strong></span> <span class='ocrx_word' id='word_1_659' title='bbox 2955 4235 3120 4292; x_wconf 81' lang='lat' dir='ltr'><strong><em>quam</em></strong></span> <span class='ocrx_word' id='word_1_660' title='bbox 3152 4219 3266 4278; x_wconf 88' lang='lat' dir='ltr'><strong><em>suis</em></strong></span> <span class='ocrx_word' id='word_1_661' title='bbox 3287 4215 3785 4280; x_wconf 80' lang='lat' dir='ltr'><strong><em>constitutionibus</em></strong></span> 
     </span>
    </p>
   </div>
   <div class='ocr_carea' id='block_1_87' title="bbox 2162 4311 3785 4387">
    <p class='ocr_par' dir='ltr' id='par_1_87' title="bbox 2162 4311 3785 4387">
     <span class='ocr_line' id='line_1_87' title="bbox 2162 4311 3785 4387; baseline 0.006 -24"><span class='ocrx_word' id='word_1_662' title='bbox 2162 4311 2548 4380; x_wconf 64' lang='lat' dir='ltr'><strong><em>praetulerunt,</em></strong></span> <span class='ocrx_word' id='word_1_663' title='bbox 2577 4319 2716 4379; x_wconf 84' lang='lat' dir='ltr'><strong><em>etc.,</em></strong></span> <span class='ocrx_word' id='word_1_664' title='bbox 2745 4311 2904 4384; x_wconf 88' lang='lat' dir='ltr'><strong><em>quasi</em></strong></span> <span class='ocrx_word' id='word_1_665' title='bbox 2917 4313 3218 4387; x_wconf 84' lang='lat' dir='ltr'><strong><em>jamaliud</em></strong></span> <span class='ocrx_word' id='word_1_666' title='bbox 3239 4311 3549 4379; x_wconf 74' lang='lat' dir='ltr'><strong><em>concilium,</em></strong></span> <span class='ocrx_word' id='word_1_667' title='bbox 3579 4329 3785 4371; x_wconf 78' lang='lat' dir='ltr'><strong><em>metuo—</em></strong></span> 
     </span>
    </p>
   </div>
   <div class='ocr_carea' id='block_1_88' title="bbox 2162 4405 3782 4479">
    <p class='ocr_par' dir='ltr' id='par_1_88' title="bbox 2162 4405 3782 4479">
     <span class='ocr_line' id='line_1_88' title="bbox 2162 4405 3782 4479; baseline 0.004 -19"><span class='ocrx_word' id='word_1_668' title='bbox 2162 4422 2283 4462; x_wconf 90' lang='lat' dir='ltr'><strong><em>rare</em></strong></span> <span class='ocrx_word' id='word_1_669' title='bbox 2327 4405 2572 4479; x_wconf 81' lang='lat' dir='ltr'><strong><em>incipiat.</em></strong></span> <span class='ocrx_word' id='word_1_670' title='bbox 2633 4405 2761 4461; x_wconf 88' lang='lat' dir='ltr'><strong><em>Non</em></strong></span> <span class='ocrx_word' id='word_1_671' title='bbox 2786 4407 2926 4462; x_wconf 84' lang='lat' dir='ltr'><strong><em>enim</em></strong></span> <span class='ocrx_word' id='word_1_672' title='bbox 2966 4409 3051 4464; x_wconf 79' lang='lat' dir='ltr'><strong><em>Itis</em></strong></span> <span class='ocrx_word' id='word_1_673' title='bbox 3085 4407 3256 4463; x_wconf 72' lang='lat' dir='ltr'><strong><em>verbis</em></strong></span> <span class='ocrx_word' id='word_1_674' title='bbox 3279 4405 3431 4464; x_wconf 84' lang='lat' dir='ltr'><strong><em>aliud</em></strong></span> <span class='ocrx_word' id='word_1_675' title='bbox 3459 4407 3782 4478; x_wconf 77' lang='lat' dir='ltr'><strong><em>concilium,</em></strong></span> 
     </span>
    </p>
   </div>
   <div class='ocr_carea' id='block_1_89' title="bbox 2163 4486 3785 4580">
    <p class='ocr_par' dir='ltr' id='par_1_89' title="bbox 2163 4486 3785 4580">
     <span class='ocr_line' id='line_1_89' title="bbox 2163 4486 3785 4580; baseline 0.004 -26"><span class='ocrx_word' id='word_1_676' title='bbox 2163 4498 2258 4554; x_wconf 84' lang='lat' dir='ltr'><strong><em>sed</em></strong></span> <span class='ocrx_word' id='word_1_677' title='bbox 2297 4486 2555 4568; x_wconf 12' lang='lat' dir='ltr'><strong><em>eiusdem.</em></strong></span> <span class='ocrx_word' id='word_1_678' title='bbox 2586 4501 2798 4557; x_wconf 86' lang='lat' dir='ltr'><strong><em>concilii</em></strong></span> <span class='ocrx_word' id='word_1_679' title='bbox 2830 4501 2982 4558; x_wconf 87' lang='lat' dir='ltr'><strong><em>aliud</em></strong></span> <span class='ocrx_word' id='word_1_680' title='bbox 3021 4503 3307 4578; x_wconf 78' lang='lat' dir='ltr'><strong><em>scriptum,</em></strong></span> <span class='ocrx_word' id='word_1_681' title='bbox 3338 4512 3466 4575; x_wconf 86' lang='lat' dir='ltr'><strong><em>puta</em></strong></span> <span class='ocrx_word' id='word_1_682' title='bbox 3502 4501 3785 4580; x_wconf 76' lang='lat' dir='ltr'><strong><em>epistolam</em></strong></span> 
     </span>
    </p>
   </div>
   <div class='ocr_carea' id='block_1_90' title="bbox 2167 4595 3630 4672">
    <p class='ocr_par' dir='ltr' id='par_1_90' title="bbox 2167 4595 3630 4672">
     <span class='ocr_line' id='line_1_90' title="bbox 2167 4595 3630 4672; baseline 0.003 -21"><span class='ocrx_word' id='word_1_683' title='bbox 2167 4595 2405 4666; x_wconf 72' lang='lat' dir='ltr'><strong><em>praedicti</em></strong></span> <span class='ocrx_word' id='word_1_684' title='bbox 2421 4597 2642 4651; x_wconf 82' lang='lat' dir='ltr'><strong><em>concilii</em></strong></span> <span class='ocrx_word' id='word_1_685' title='bbox 2663 4595 2886 4653; x_wconf 81' lang='lat' dir='ltr'><strong><em>decretis</em></strong></span> <span class='ocrx_word' id='word_1_686' title='bbox 2929 4599 3206 4672; x_wconf 61' lang='lat' dir='ltr'><strong><em>pristinam</em></strong></span> <span class='ocrx_word' id='word_1_687' title='bbox 3236 4607 3630 4655; x_wconf 84' lang='lat' dir='ltr'><strong><em>commemorat.</em></strong></span> 
     </span>
    </p>
   </div>
   <div class='ocr_carea' id='block_1_91' title="bbox 455 4685 3782 4765">
    <p class='ocr_par' dir='ltr' id='par_1_91' title="bbox 455 4685 3782 4765">
     <span class='ocr_line' id='line_1_91' title="bbox 455 4685 3782 4765; baseline 0.002 -19"><span class='ocrx_word' id='word_1_688' title='bbox 455 4691 626 4761; x_wconf 70' lang='lat' dir='ltr'><strong><em>fuerat</em></strong></span> <span class='ocrx_word' id='word_1_689' title='bbox 668 4687 961 4754; x_wconf 73' lang='lat' dir='ltr'><strong><em>Cclestius,</em></strong></span> <span class='ocrx_word' id='word_1_690' title='bbox 995 4686 1242 4746; x_wconf 78' lang='lat' dir='ltr'><strong><em>alienum.</em></strong></span> <span class='ocrx_word' id='word_1_691' title='bbox 1272 4701 1538 4741; x_wconf 82' lang='lat' dir='ltr'><strong><em>remanere</em></strong></span> <span class='ocrx_word' id='word_1_692' title='bbox 1587 4687 1796 4742; x_wconf 79' lang='lat' dir='ltr'><strong><em>interim</em></strong></span> <span class='ocrx_word' id='word_1_693' title='bbox 1843 4689 2056 4745; x_wconf 85' lang='lat' dir='ltr'><strong><em>sineret.</em></strong></span> <span class='ocrx_word' id='word_1_694' title='bbox 2087 4685 2142 4748; x_wconf 82' lang='grc' dir='ltr'><strong><em>ἰ)</em></strong></span> <span class='ocrx_word' id='word_1_695' title='bbox 2237 4689 2293 4746; x_wconf 88' lang='lat'><strong><em>8.</em></strong></span> <span class='ocrx_word' id='word_1_696' title='bbox 2325 4689 2436 4746; x_wconf 87' lang='lat' dir='ltr'><strong><em>Sed</em></strong></span> <span class='ocrx_word' id='word_1_697' title='bbox 2455 4700 2504 4745; x_wconf 87' lang='lat' dir='ltr'><strong><em>et</em></strong></span> <span class='ocrx_word' id='word_1_698' title='bbox 2531 4691 2674 4746; x_wconf 81' lang='lat' dir='ltr'><strong><em>intra</em></strong></span> <span class='ocrx_word' id='word_1_699' title='bbox 2698 4691 2835 4746; x_wconf 84' lang='lat' dir='ltr'><strong><em>illud</em></strong></span> <span class='ocrx_word' id='word_1_700' title='bbox 2863 4704 3086 4765; x_wconf 81' lang='lat' dir='ltr'><strong><em>tempus,</em></strong></span> <span class='ocrx_word' id='word_1_701' title='bbox 3112 4708 3212 4761; x_wconf 84' lang='lat' dir='ltr'><strong><em>quo</em></strong></span> <span class='ocrx_word' id='word_1_702' title='bbox 3230 4691 3436 4752; x_wconf 83' lang='lat' dir='ltr'><strong><em>Zosimi</em></strong></span> <span class='ocrx_word' id='word_1_703' title='bbox 3455 4693 3522 4750; x_wconf 90' lang='lat' dir='ltr'><strong><em>de</em></strong></span> <span class='ocrx_word' id='word_1_704' title='bbox 3539 4693 3782 4752; x_wconf 64' lang='lat' dir='ltr'><strong><em>Calatia</em></strong></span> 
     </span>
    </p>
   </div>
   <div class='ocr_carea' id='block_1_92' title="bbox 462 4779 2063 4853">
    <p class='ocr_par' dir='ltr' id='par_1_92' title="bbox 462 4779 2063 4853">
     <span class='ocr_line' id='line_1_92' title="bbox 462 4779 2063 4853; baseline -0.001 -15"><span class='ocrx_word' id='word_1_705' title='bbox 462 4782 617 4853; x_wconf 78' lang='lat' dir='ltr'><strong><em>Quod</em></strong></span> <span class='ocrx_word' id='word_1_706' title='bbox 647 4798 764 4838; x_wconf 79' lang='lat' dir='ltr'><strong><em>cum</em></strong></span> <span class='ocrx_word' id='word_1_707' title='bbox 792 4781 1156 4837; x_wconf 79' lang='lat' dir='ltr'><strong><em>edisseruerint</em></strong></span> <span class='ocrx_word' id='word_1_708' title='bbox 1182 4788 1293 4834; x_wconf 85' lang='lat' dir='ltr'><strong><em>tam</em></strong></span> <span class='ocrx_word' id='word_1_709' title='bbox 1321 4780 1534 4846; x_wconf 84' lang='lat' dir='ltr'><strong><em>copiose</em></strong></span> <span class='ocrx_word' id='word_1_710' title='bbox 1562 4789 1620 4834; x_wconf 82' lang='lat' dir='ltr'><strong><em>ut</em></strong></span> <span class='ocrx_word' id='word_1_711' title='bbox 1653 4795 1825 4836; x_wconf 75' lang='lat' dir='ltr'><strong><em>eorum</em></strong></span> <span class='ocrx_word' id='word_1_712' title='bbox 1861 4779 2063 4836; x_wconf 82' lang='lat' dir='ltr'><strong><em>litteras</em></strong></span> 
     </span>
    </p>
   </div>
   <div class='ocr_carea' id='block_1_93' title="bbox 457 4867 2069 4940">
    <p class='ocr_par' dir='ltr' id='par_1_93' title="bbox 457 4867 2069 4940">
     <span class='ocr_line' id='line_1_93' title="bbox 457 4867 2069 4940; baseline -0.002 -8"><span class='ocrx_word' id='word_1_713' title='bbox 457 4873 734 4932; x_wconf 67' lang='lat' dir='ltr'><strong><em>uoluminis</em></strong></span> <span class='ocrx_word' id='word_1_714' title='bbox 757 4873 966 4929; x_wconf 81' lang='lat' dir='ltr'><strong><em>nomine</em></strong></span> <span class='ocrx_word' id='word_1_715' title='bbox 992 4871 1190 4930; x_wconf 82' lang='lat' dir='ltr'><strong><em>donare</em></strong></span> <span class='ocrx_word' id='word_1_716' title='bbox 1211 4867 1455 4926; x_wconf 83' lang='lat' dir='ltr'><strong><em>Zosimus</em></strong></span> <span class='ocrx_word' id='word_1_717' title='bbox 1498 4887 1604 4926; x_wconf 86' lang='lat' dir='ltr'><strong><em>non</em></strong></span> <span class='ocrx_word' id='word_1_718' title='bbox 1641 4872 1933 4940; x_wconf 73' lang='lat' dir='ltr'><strong><em>dubitarit,</em></strong></span> <span class='ocrx_word' id='word_1_719' title='bbox 1965 4871 2069 4928; x_wconf 81' lang='lat' dir='ltr'><strong><em>hoc</em></strong></span> 
     </span>
    </p>
   </div>
   <div class='ocr_carea' id='block_1_94' title="bbox 460 4964 2065 5039">
    <p class='ocr_par' dir='ltr' id='par_1_94' title="bbox 460 4964 2065 5039">
     <span class='ocr_line' id='line_1_94' title="bbox 460 4964 2065 5039; baseline -0.012 -11"><span class='ocrx_word' id='word_1_720' title='bbox 460 4986 634 5029; x_wconf 75' lang='lat' dir='ltr'><strong><em>ttmaen</em></strong></span> <span class='ocrx_word' id='word_1_721' title='bbox 652 4969 877 5024; x_wconf 84' lang='lat' dir='ltr'><strong><em>modeste</em></strong></span> <span class='ocrx_word' id='word_1_722' title='bbox 897 4964 1030 5023; x_wconf 87' lang='lat' dir='ltr'><strong><em>adeo</em></strong></span> <span class='ocrx_word' id='word_1_723' title='bbox 1064 4966 1415 5037; x_wconf 69' lang='lat' dir='ltr'><strong><em>praestiterunt</em></strong></span> <span class='ocrx_word' id='word_1_724' title='bbox 1434 5005 1452 5032; x_wconf 91' lang='lat'><strong><em>,</em></strong></span> <span class='ocrx_word' id='word_1_725' title='bbox 1485 4974 1543 5019; x_wconf 87' lang='lat' dir='ltr'><strong><em>ut</em></strong></span> <span class='ocrx_word' id='word_1_726' title='bbox 1574 4964 1736 5039; x_wconf 78' lang='lat' dir='ltr'><strong><em>hujus</em></strong></span> <span class='ocrx_word' id='word_1_727' title='bbox 1772 4975 1921 5039; x_wconf 68' lang='lat' dir='ltr'><strong><em>papa:</em></strong></span> <span class='ocrx_word' id='word_1_728' title='bbox 1948 4969 2065 5022; x_wconf 65' lang='lat' dir='ltr'><strong><em>ani.</em></strong></span> 
     </span>
    </p>
   </div>
   <div class='ocr_carea' id='block_1_95' title="bbox 419 5059 2066 5140">
    <p class='ocr_par' dir='ltr' id='par_1_95' title="bbox 419 5059 2066 5140">
     <span class='ocr_line' id='line_1_95' title="bbox 419 5059 2066 5140; baseline -0.006 -19"><span class='ocrx_word' id='word_1_729' title='bbox 419 5083 601 5140; x_wconf 40' lang='lat' dir='ltr'><strong><em>.mum</em></strong></span> <span class='ocrx_word' id='word_1_730' title='bbox 653 5063 706 5119; x_wconf 86' lang='lat' dir='ltr'><strong><em>in</em></strong></span> <span class='ocrx_word' id='word_1_731' title='bbox 757 5059 980 5120; x_wconf 64' lang='lat' dir='ltr'><strong><em>Culestii</em></strong></span> <span class='ocrx_word' id='word_1_732' title='bbox 1029 5060 1254 5132; x_wconf 81' lang='lat' dir='ltr'><strong><em>gratiam</em></strong></span> <span class='ocrx_word' id='word_1_733' title='bbox 1298 5061 1624 5130; x_wconf 71' lang='lat' dir='ltr'><strong><em>quantumvis</em></strong></span> <span class='ocrx_word' id='word_1_734' title='bbox 1671 5075 1985 5133; x_wconf 80' lang='lat' dir='ltr'><strong><em>propensum</em></strong></span> <span class='ocrx_word' id='word_1_735' title='bbox 2029 5074 2066 5116; x_wconf 68' lang='grc' dir='ltr'><strong><em>α</em></strong></span> 
     </span>
    </p>
   </div>
   <div class='ocr_carea' id='block_1_96' title="bbox 460 5152 2065 5231">
    <p class='ocr_par' dir='ltr' id='par_1_96' title="bbox 460 5152 2065 5231">
     <span class='ocr_line' id='line_1_96' title="bbox 460 5152 2065 5231; baseline -0.003 -17"><span class='ocrx_word' id='word_1_736' title='bbox 460 5165 816 5231; x_wconf 68' lang='lat' dir='ltr'><strong><em>pt&#39;teeoncepta</em></strong></span> <span class='ocrx_word' id='word_1_737' title='bbox 845 5154 909 5210; x_wconf 83' lang='lat' dir='ltr'><strong><em>dc</em></strong></span> <span class='ocrx_word' id='word_1_738' title='bbox 936 5153 1030 5208; x_wconf 86' lang='lat' dir='ltr'><strong><em>illo</em></strong></span> <span class='ocrx_word' id='word_1_739' title='bbox 1047 5152 1291 5224; x_wconf 67' lang='lat' dir='ltr'><strong><em>cpit-ioue</em></strong></span> <span class='ocrx_word' id='word_1_740' title='bbox 1321 5162 1622 5218; x_wconf 75' lang='lat' dir='ltr'><strong><em>avocarent,</em></strong></span> <span class='ocrx_word' id='word_1_741' title='bbox 1659 5161 1717 5206; x_wconf 78' lang='lat' dir='ltr'><strong><em>ut</em></strong></span> <span class='ocrx_word' id='word_1_742' title='bbox 1751 5165 1817 5208; x_wconf 72' lang='lat' dir='ltr'><strong><em>ex</em></strong></span> <span class='ocrx_word' id='word_1_743' title='bbox 1844 5153 2065 5226; x_wconf 84' lang='lat' dir='ltr'><strong><em>epistola</em></strong></span> 
     </span>
    </p>
   </div>
   <div class='ocr_carea' id='block_1_97' title="bbox 464 5244 1348 5324">
    <p class='ocr_par' dir='ltr' id='par_1_97' title="bbox 464 5244 1348 5324">
     <span class='ocr_line' id='line_1_97' title="bbox 464 5244 1348 5324; baseline -0.015 -11"><span class='ocrx_word' id='word_1_744' title='bbox 464 5259 556 5323; x_wconf 80' lang='grc'><strong><em>15,</em></strong></span> <span class='ocrx_word' id='word_1_745' title='bbox 580 5270 681 5324; x_wconf 84' lang='lat' dir='ltr'><strong><em>qua</em></strong></span> <span class='ocrx_word' id='word_1_746' title='bbox 710 5250 835 5322; x_wconf 85' lang='lat' dir='ltr'><strong><em>ipsis</em></strong></span> <span class='ocrx_word' id='word_1_747' title='bbox 856 5248 1141 5320; x_wconf 78' lang='lat' dir='ltr'><strong><em>rescripsit,</em></strong></span> <span class='ocrx_word' id='word_1_748' title='bbox 1165 5244 1348 5317; x_wconf 77' lang='lat' dir='ltr'><strong><em>liquet.</em></strong></span> 
     </span>
    </p>
   </div>
   <div class='ocr_carea' id='block_1_98' title="bbox 535 5341 2069 5416">
    <p class='ocr_par' dir='ltr' id='par_1_98' title="bbox 535 5341 2069 5416">
     <span class='ocr_line' id='line_1_98' title="bbox 535 5341 2069 5416; baseline -0.002 -15"><span class='ocrx_word' id='word_1_749' title='bbox 535 5350 590 5405; x_wconf 88' lang='lat'><strong><em>7.</em></strong></span> <span class='ocrx_word' id='word_1_750' title='bbox 643 5343 926 5408; x_wconf 72' lang='lat' dir='ltr'><strong><em>Nonnulli,</em></strong></span> <span class='ocrx_word' id='word_1_751' title='bbox 977 5356 1200 5413; x_wconf 76' lang='lat' dir='ltr'><strong><em>quorum</em></strong></span> <span class='ocrx_word' id='word_1_752' title='bbox 1243 5341 1527 5396; x_wconf 78' lang='lat' dir='ltr'><strong><em>eruditioni</em></strong></span> <span class='ocrx_word' id='word_1_753' title='bbox 1574 5342 1854 5414; x_wconf 72' lang='lat' dir='ltr'><strong><em>deferimus</em></strong></span> <span class='ocrx_word' id='word_1_754' title='bbox 1897 5343 2069 5416; x_wconf 81' lang='lat' dir='ltr'><strong><em>pluri-</em></strong></span> 
     </span>
    </p>
   </div>
   <div class='ocr_carea' id='block_1_99' title="bbox 467 5431 2066 5510">
    <p class='ocr_par' dir='ltr' id='par_1_99' title="bbox 467 5431 2066 5510">
     <span class='ocr_line' id='line_1_99' title="bbox 467 5431 2066 5510; baseline -0.004 -14"><span class='ocrx_word' id='word_1_755' title='bbox 467 5458 630 5510; x_wconf 83' lang='lat' dir='ltr'><strong><em>mum,</em></strong></span> <span class='ocrx_word' id='word_1_756' title='bbox 653 5439 742 5494; x_wconf 83' lang='lat' dir='ltr'><strong><em>uni</em></strong></span> <span class='ocrx_word' id='word_1_757' title='bbox 767 5435 965 5493; x_wconf 82' lang='lat' dir='ltr'><strong><em>Zosimi</em></strong></span> <span class='ocrx_word' id='word_1_758' title='bbox 986 5433 1217 5505; x_wconf 67' lang='lat' dir='ltr'><strong><em>epistola:</em></strong></span> <span class='ocrx_word' id='word_1_759' title='bbox 1248 5435 1493 5491; x_wconf 67' lang='lat' dir='ltr'><strong><em>secundet</em></strong></span> <span class='ocrx_word' id='word_1_760' title='bbox 1511 5432 1646 5491; x_wconf 74' lang='lat' dir='ltr'><strong><em>duae</em></strong></span> <span class='ocrx_word' id='word_1_761' title='bbox 1675 5435 1740 5489; x_wconf 80' lang='lat' dir='ltr'><strong><em>ob</em></strong></span> <span class='ocrx_word' id='word_1_762' title='bbox 1768 5431 1913 5506; x_wconf 73' lang='lat' dir='ltr'><strong><em>Afris</em></strong></span> <span class='ocrx_word' id='word_1_763' title='bbox 1943 5434 2066 5491; x_wconf 73' lang='lat' dir='ltr'><strong><em>red-</em></strong></span> 
     </span>
    </p>
   </div>
   <div class='ocr_carea' id='block_1_100' title="bbox 464 5524 2068 5604">
    <p class='ocr_par' dir='ltr' id='par_1_100' title="bbox 464 5524 2068 5604">
     <span class='ocr_line' id='line_1_100' title="bbox 464 5524 2068 5604; baseline -0.006 -11"><span class='ocrx_word' id='word_1_764' title='bbox 464 5538 600 5593; x_wconf 82' lang='lat' dir='ltr'><strong><em>ditas</em></strong></span> <span class='ocrx_word' id='word_1_765' title='bbox 643 5548 755 5588; x_wconf 81' lang='lat' dir='ltr'><strong><em>esse</em></strong></span> <span class='ocrx_word' id='word_1_766' title='bbox 781 5532 1083 5604; x_wconf 74' lang='lat' dir='ltr'><strong><em>apincntur,</em></strong></span> <span class='ocrx_word' id='word_1_767' title='bbox 1116 5542 1276 5580; x_wconf 80' lang='lat' dir='ltr'><strong><em>unam</em></strong></span> <span class='ocrx_word' id='word_1_768' title='bbox 1316 5528 1552 5582; x_wconf 71' lang='lat' dir='ltr'><strong><em>uidelicet</em></strong></span> <span class='ocrx_word' id='word_1_769' title='bbox 1598 5545 1626 5582; x_wconf 89' lang='lat' dir='ltr'><strong><em>e</em></strong></span> <span class='ocrx_word' id='word_1_770' title='bbox 1664 5524 2068 5599; x_wconf 76' lang='lat' dir='ltr'><strong><em>Carthaginensi</em></strong></span> 
     </span>
    </p>
   </div>
   <div class='ocr_carea' id='block_1_101' title="bbox 460 5620 2067 5699">
    <p class='ocr_par' dir='ltr' id='par_1_101' title="bbox 460 5620 2067 5699">
     <span class='ocr_line' id='line_1_101' title="bbox 460 5620 2067 5699; baseline -0.004 -12"><span class='ocrx_word' id='word_1_771' title='bbox 460 5627 704 5694; x_wconf 87' lang='lat' dir='ltr'><strong><em>concilio,</em></strong></span> <span class='ocrx_word' id='word_1_772' title='bbox 728 5625 868 5699; x_wconf 85' lang='lat' dir='ltr'><strong><em>quod</em></strong></span> <span class='ocrx_word' id='word_1_773' title='bbox 893 5623 1158 5689; x_wconf 81' lang='lat' dir='ltr'><strong><em>Aurelius,</em></strong></span> <span class='ocrx_word' id='word_1_774' title='bbox 1187 5638 1251 5677; x_wconf 88' lang='lat' dir='ltr'><strong><em>ne</em></strong></span> <span class='ocrx_word' id='word_1_775' title='bbox 1279 5628 1503 5678; x_wconf 87' lang='lat' dir='ltr'><strong><em>duorum</em></strong></span> <span class='ocrx_word' id='word_1_776' title='bbox 1525 5625 1774 5679; x_wconf 77' lang='lat' dir='ltr'><strong><em>mensium</em></strong></span> <span class='ocrx_word' id='word_1_777' title='bbox 1801 5640 1834 5678; x_wconf 88' lang='lat' dir='ltr'><strong><em>a</em></strong></span> <span class='ocrx_word' id='word_1_778' title='bbox 1856 5620 2067 5681; x_wconf 77' lang='lat' dir='ltr'><strong><em>Zosimo</em></strong></span> 
     </span>
    </p>
   </div>
   <div class='ocr_carea' id='block_1_102' title="bbox 465 5714 2072 5796">
    <p class='ocr_par' dir='ltr' id='par_1_102' title="bbox 465 5714 2072 5796">
     <span class='ocr_line' id='line_1_102' title="bbox 465 5714 2072 5796; baseline -0.005 -17"><span class='ocrx_word' id='word_1_779' title='bbox 465 5721 825 5796; x_wconf 68' lang='lat' dir='ltr'><strong><em>praescriptum</em></strong></span> <span class='ocrx_word' id='word_1_780' title='bbox 862 5717 1195 5775; x_wconf 80' lang='lat' dir='ltr'><strong><em>interuallum</em></strong></span> <span class='ocrx_word' id='word_1_781' title='bbox 1231 5718 1342 5772; x_wconf 80' lang='lat' dir='ltr'><strong><em>sine</em></strong></span> <span class='ocrx_word' id='word_1_782' title='bbox 1386 5717 1609 5789; x_wconf 78' lang='lat' dir='ltr'><strong><em>epistola</em></strong></span> <span class='ocrx_word' id='word_1_783' title='bbox 1654 5714 1791 5772; x_wconf 76' lang='lat' dir='ltr'><strong><em>elabi</em></strong></span> <span class='ocrx_word' id='word_1_784' title='bbox 1835 5717 2072 5788; x_wconf 80' lang='lat' dir='ltr'><strong><em>sineret,</em></strong></span> 
     </span>
    </p>
   </div>
   <div class='ocr_carea' id='block_1_103' title="bbox 465 5809 2068 5889">
    <p class='ocr_par' dir='ltr' id='par_1_103' title="bbox 465 5809 2068 5889">
     <span class='ocr_line' id='line_1_103' title="bbox 465 5809 2068 5889; baseline -0.004 -17"><span class='ocrx_word' id='word_1_785' title='bbox 465 5817 708 5889; x_wconf 73' lang='lat' dir='ltr'><strong><em>festinato</em></strong></span> <span class='ocrx_word' id='word_1_786' title='bbox 736 5814 1061 5884; x_wconf 80' lang='lat' dir='ltr'><strong><em>congregarit</em></strong></span> <span class='ocrx_word' id='word_1_787' title='bbox 1087 5827 1107 5878; x_wconf 89' lang='lat'><em>;</em></span> <span class='ocrx_word' id='word_1_788' title='bbox 1130 5810 1349 5865; x_wconf 81' lang='lat' dir='ltr'><strong><em>alteram</em></strong></span> <span class='ocrx_word' id='word_1_789' title='bbox 1374 5826 1494 5865; x_wconf 70' lang='lat' dir='ltr'><strong><em>rer.)</em></strong></span> <span class='ocrx_word' id='word_1_790' title='bbox 1519 5825 1584 5864; x_wconf 73' lang='lat' dir='ltr'><strong><em>ea:</em></strong></span> <span class='ocrx_word' id='word_1_791' title='bbox 1609 5809 1778 5865; x_wconf 82' lang='lat' dir='ltr'><strong><em>altero</em></strong></span> <span class='ocrx_word' id='word_1_792' title='bbox 1805 5811 2027 5867; x_wconf 77' lang='lat' dir='ltr'><strong><em>concilio</em></strong></span> <span class='ocrx_word' id='word_1_793' title='bbox 2050 5853 2068 5879; x_wconf 91' lang='lat'><strong><em>,</em></strong></span> 
     </span>
    </p>
   </div>
   <div class='ocr_carea' id='block_1_104' title="bbox 457 5901 2067 5979">
    <p class='ocr_par' dir='ltr' id='par_1_104' title="bbox 457 5901 2067 5979">
     <span class='ocr_line' id='line_1_104' title="bbox 457 5901 2067 5979; baseline 0 -20"><span class='ocrx_word' id='word_1_794' title='bbox 457 5909 517 5966; x_wconf 77' lang='lat' dir='ltr'><strong><em>in</em></strong></span> <span class='ocrx_word' id='word_1_795' title='bbox 547 5921 648 5979; x_wconf 81' lang='lat' dir='ltr'><strong><em>quo</em></strong></span> <span class='ocrx_word' id='word_1_796' title='bbox 676 5908 793 5959; x_wconf 77' lang='lat' dir='ltr'><strong><em>item</em></strong></span> <span class='ocrx_word' id='word_1_797' title='bbox 825 5902 1143 5976; x_wconf 69' lang='lat' dir='ltr'><strong><em>Carthagine</em></strong></span> <span class='ocrx_word' id='word_1_798' title='bbox 1181 5901 1356 5973; x_wconf 69' lang='lat' dir='ltr'><strong><em>plures</em></strong></span> <span class='ocrx_word' id='word_1_799' title='bbox 1386 5905 1614 5973; x_wconf 65' lang='lat' dir='ltr'><strong><em>episcopi</em></strong></span> <span class='ocrx_word' id='word_1_800' title='bbox 1645 5919 1672 5959; x_wconf 86' lang='lat' dir='ltr'><strong><em>c</em></strong></span> <span class='ocrx_word' id='word_1_801' title='bbox 1701 5902 1915 5962; x_wconf 67' lang='lat' dir='ltr'><strong><em>diuersis</em></strong></span> <span class='ocrx_word' id='word_1_802' title='bbox 1940 5920 2067 5975; x_wconf 79' lang='lat' dir='ltr'><strong><em>pro-</em></strong></span> 
     </span>
    </p>
   </div>
   <div class='ocr_carea' id='block_1_105' title="bbox 2167 4779 3783 4864">
    <p class='ocr_par' dir='ltr' id='par_1_105' title="bbox 2167 4779 3783 4864">
     <span class='ocr_line' id='line_1_105' title="bbox 2167 4779 3783 4864; baseline 0.004 -27"><span class='ocrx_word' id='word_1_803' title='bbox 2167 4779 2358 4840; x_wconf 83' lang='lat' dir='ltr'><strong><em>littera:</em></strong></span> <span class='ocrx_word' id='word_1_804' title='bbox 2383 4783 2528 4852; x_wconf 56' lang='lat' dir='ltr'><strong><em>Afris</em></strong></span> <span class='ocrx_word' id='word_1_805' title='bbox 2568 4785 2779 4840; x_wconf 65' lang='lat' dir='ltr'><strong><em>traditae</em></strong></span> <span class='ocrx_word' id='word_1_806' title='bbox 2815 4793 2973 4853; x_wconf 72' lang='lat' dir='ltr'><strong><em>sunt,</em></strong></span> <span class='ocrx_word' id='word_1_807' title='bbox 3013 4795 3062 4842; x_wconf 85' lang='lat' dir='ltr'><strong><em>et</em></strong></span> <span class='ocrx_word' id='word_1_808' title='bbox 3101 4802 3206 4859; x_wconf 86' lang='lat' dir='ltr'><strong><em>quo</em></strong></span> <span class='ocrx_word' id='word_1_809' title='bbox 3240 4782 3321 4842; x_wconf 84' lang='lat' dir='ltr'><strong><em>illi</em></strong></span> <span class='ocrx_word' id='word_1_810' title='bbox 3360 4785 3783 4864; x_wconf 77' lang='lat' dir='ltr'><strong><em>conscripserunt</em></strong></span> 
     </span>
    </p>
   </div>
   <div class='ocr_carea' id='block_1_106' title="bbox 2169 4874 3781 4951">
    <p class='ocr_par' dir='ltr' id='par_1_106' title="bbox 2169 4874 3781 4951">
     <span class='ocr_line' id='line_1_106' title="bbox 2169 4874 3781 4951; baseline 0.006 -21"><span class='ocrx_word' id='word_1_811' title='bbox 2169 4892 2282 4940; x_wconf 81' lang='lat' dir='ltr'><strong><em>eas,</em></strong></span> <span class='ocrx_word' id='word_1_812' title='bbox 2314 4874 2504 4946; x_wconf 80' lang='lat' dir='ltr'><strong><em>quibus</em></strong></span> <span class='ocrx_word' id='word_1_813' title='bbox 2547 4875 2686 4932; x_wconf 85' lang='lat' dir='ltr'><strong><em>idem</em></strong></span> <span class='ocrx_word' id='word_1_814' title='bbox 2721 4893 2862 4951; x_wconf 85' lang='lat' dir='ltr'><strong><em>papa</em></strong></span> <span class='ocrx_word' id='word_1_815' title='bbox 2896 4879 3048 4945; x_wconf 80' lang='lat' dir='ltr'><strong><em>epist.</em></strong></span> <span class='ocrx_word' id='word_1_816' title='bbox 3088 4878 3160 4934; x_wconf 72' lang='grc'><strong>12</strong></span> <span class='ocrx_word' id='word_1_817' title='bbox 3185 4877 3485 4950; x_wconf 84' lang='lat' dir='ltr'><strong><em>respondet,</em></strong></span> <span class='ocrx_word' id='word_1_818' title='bbox 3528 4874 3624 4938; x_wconf 70' lang='lat' dir='ltr'><strong><em>eis:</em></strong></span> <span class='ocrx_word' id='word_1_819' title='bbox 3662 4889 3781 4939; x_wconf 80' lang='lat' dir='ltr'><strong><em>octo</em></strong></span> 
     </span>
    </p>
   </div>
   <div class='ocr_carea' id='block_1_107' title="bbox 2171 4964 3782 5048">
    <p class='ocr_par' dir='ltr' id='par_1_107' title="bbox 2171 4964 3782 5048">
     <span class='ocr_line' id='line_1_107' title="bbox 2171 4964 3782 5048; baseline 0.006 -24"><span class='ocrx_word' id='word_1_820' title='bbox 2171 4969 2376 5025; x_wconf 81' lang='lat' dir='ltr'><strong><em>dierum</em></strong></span> <span class='ocrx_word' id='word_1_821' title='bbox 2405 4971 2703 5044; x_wconf 72' lang='lat' dir='ltr'><strong><em>excogitare</em></strong></span> <span class='ocrx_word' id='word_1_822' title='bbox 2733 4971 2854 5028; x_wconf 84' lang='lat' dir='ltr'><strong><em>licet</em></strong></span> <span class='ocrx_word' id='word_1_823' title='bbox 2881 4971 3237 5029; x_wconf 80' lang='lat' dir='ltr'><strong><em>intervallum.</em></strong></span> <span class='ocrx_word' id='word_1_824' title='bbox 3272 4971 3475 5048; x_wconf 80' lang='lat' dir='ltr'><strong><em>Nempe</em></strong></span> <span class='ocrx_word' id='word_1_825' title='bbox 3496 4964 3782 5034; x_wconf 75' lang='lat' dir='ltr'><strong><em>Basiliscus</em></strong></span> 
     </span>
    </p>
   </div>
   <div class='ocr_carea' id='block_1_108' title="bbox 2171 5060 3779 5139">
    <p class='ocr_par' dir='ltr' id='par_1_108' title="bbox 2171 5060 3779 5139">
     <span class='ocr_line' id='line_1_108' title="bbox 2171 5060 3779 5139; baseline 0.002 -20"><span class='ocrx_word' id='word_1_826' title='bbox 2171 5060 2522 5120; x_wconf 79' lang='lat' dir='ltr'><strong><em>subdiaco-tus</em></strong></span> <span class='ocrx_word' id='word_1_827' title='bbox 2549 5081 2637 5120; x_wconf 84' lang='lat' dir='ltr'><strong><em>cas</em></strong></span> <span class='ocrx_word' id='word_1_828' title='bbox 2666 5061 2870 5120; x_wconf 83' lang='lat' dir='ltr'><strong><em>Zosimi</em></strong></span> <span class='ocrx_word' id='word_1_829' title='bbox 2895 5065 3122 5136; x_wconf 83' lang='lat' dir='ltr'><strong><em>litteras,</em></strong></span> <span class='ocrx_word' id='word_1_830' title='bbox 3154 5064 3343 5139; x_wconf 81' lang='lat' dir='ltr'><strong><em>quibus</em></strong></span> <span class='ocrx_word' id='word_1_831' title='bbox 3365 5063 3597 5124; x_wconf 62' lang='grc' dir='ltr'><strong><em>σκιοειῆ</em></strong></span> <span class='ocrx_word' id='word_1_832' title='bbox 3617 5081 3779 5124; x_wconf 77' lang='lat' dir='ltr'><strong><em>accu-</em></strong></span> 
     </span>
    </p>
   </div>
   <div class='ocr_carea' id='block_1_109' title="bbox 2171 5151 3778 5240">
    <p class='ocr_par' dir='ltr' id='par_1_109' title="bbox 2171 5151 3778 5240">
     <span class='ocr_line' id='line_1_109' title="bbox 2171 5151 3778 5240; baseline 0.004 -27"><span class='ocrx_word' id='word_1_833' title='bbox 2171 5169 2367 5217; x_wconf 85' lang='lat' dir='ltr'><strong><em>satores</em></strong></span> <span class='ocrx_word' id='word_1_834' title='bbox 2394 5157 2601 5230; x_wconf 54' lang='lat' dir='ltr'><strong><em>Romae,</em></strong></span> <span class='ocrx_word' id='word_1_835' title='bbox 2634 5168 2693 5215; x_wconf 87' lang='lat' dir='ltr'><strong><em>ut</em></strong></span> <span class='ocrx_word' id='word_1_836' title='bbox 2722 5177 2838 5216; x_wconf 86' lang='lat' dir='ltr'><strong><em>eum</em></strong></span> <span class='ocrx_word' id='word_1_837' title='bbox 2867 5159 2939 5217; x_wconf 84' lang='lat' dir='ltr'><strong><em>ibi</em></strong></span> <span class='ocrx_word' id='word_1_838' title='bbox 2970 5172 3282 5236; x_wconf 66' lang='lat' dir='ltr'><strong><em>prementem</em></strong></span> <span class='ocrx_word' id='word_1_839' title='bbox 3311 5151 3611 5240; x_wconf 74' lang='lat' dir='ltr'><strong><em>arguerent,</em></strong></span> <span class='ocrx_word' id='word_1_840' title='bbox 3639 5161 3778 5218; x_wconf 79' lang='lat' dir='ltr'><strong><em>intra</em></strong></span> 
     </span>
    </p>
   </div>
   <div class='ocr_carea' id='block_1_110' title="bbox 2167 5247 3780 5332">
    <p class='ocr_par' dir='ltr' id='par_1_110' title="bbox 2167 5247 3780 5332">
     <span class='ocr_line' id='line_1_110' title="bbox 2167 5247 3780 5332; baseline 0.004 -23"><span class='ocrx_word' id='word_1_841' title='bbox 2167 5254 2454 5310; x_wconf 78' lang='lat' dir='ltr'><strong><em>secundant</em></strong></span> <span class='ocrx_word' id='word_1_842' title='bbox 2497 5271 2722 5312; x_wconf 83' lang='lat' dir='ltr'><strong><em>mensem</em></strong></span> <span class='ocrx_word' id='word_1_843' title='bbox 2762 5258 2939 5312; x_wconf 83' lang='lat' dir='ltr'><strong><em>sistere</em></strong></span> <span class='ocrx_word' id='word_1_844' title='bbox 2975 5272 3032 5313; x_wconf 84' lang='lat' dir='ltr'><strong><em>se</em></strong></span> <span class='ocrx_word' id='word_1_845' title='bbox 3066 5255 3407 5330; x_wconf 80' lang='lat' dir='ltr'><strong><em>jubebantur,</em></strong></span> <span class='ocrx_word' id='word_1_846' title='bbox 3449 5257 3508 5315; x_wconf 89' lang='lat' dir='ltr'><strong><em>in</em></strong></span> <span class='ocrx_word' id='word_1_847' title='bbox 3544 5247 3780 5332; x_wconf 57' lang='lat' dir='ltr'><strong><em>African</em></strong></span> 
     </span>
    </p>
   </div>
   <div class='ocr_carea' id='block_1_111' title="bbox 2169 5346 3851 5425">
    <p class='ocr_par' dir='ltr' id='par_1_111' title="bbox 2169 5346 3851 5425">
     <span class='ocr_line' id='line_1_111' title="bbox 2169 5346 3851 5425; baseline 0.005 -23"><span class='ocrx_word' id='word_1_848' title='bbox 2169 5347 2506 5420; x_wconf 67' lang='lat' dir='ltr'><strong><em>perferendas</em></strong></span> <span class='ocrx_word' id='word_1_849' title='bbox 2521 5348 2770 5420; x_wconf 80' lang='lat' dir='ltr'><strong><em>suscepit.</em></strong></span> <span class='ocrx_word' id='word_1_850' title='bbox 2797 5346 2913 5405; x_wconf 80' lang='lat' dir='ltr'><strong><em>Nec</em></strong></span> <span class='ocrx_word' id='word_1_851' title='bbox 2930 5350 3146 5406; x_wconf 84' lang='lat' dir='ltr'><strong><em>dubium</em></strong></span> <span class='ocrx_word' id='word_1_852' title='bbox 3166 5350 3293 5425; x_wconf 85' lang='lat' dir='ltr'><strong><em>quin</em></strong></span> <span class='ocrx_word' id='word_1_853' title='bbox 3311 5349 3411 5408; x_wconf 86' lang='lat' dir='ltr'><strong><em>iste</em></strong></span> <span class='ocrx_word' id='word_1_854' title='bbox 3427 5349 3779 5410; x_wconf 80' lang='lat' dir='ltr'><strong><em>subdiaconus</em></strong></span> <span class='ocrx_word' id='word_1_855' title='bbox 3835 5400 3851 5422; x_wconf 52' lang='grc' dir='ltr'>π</span> 
     </span>
    </p>
   </div>
   <div class='ocr_carea' id='block_1_112' title="bbox 2169 5435 3820 5515">
    <p class='ocr_par' dir='ltr' id='par_1_112' title="bbox 2169 5435 3820 5515">
     <span class='ocr_line' id='line_1_112' title="bbox 2169 5435 3820 5515; baseline 0.006 -20"><span class='ocrx_word' id='word_1_856' title='bbox 2169 5443 2348 5495; x_wconf 78' lang='lat' dir='ltr'><strong><em>statim</em></strong></span> <span class='ocrx_word' id='word_1_857' title='bbox 2374 5439 2439 5494; x_wconf 64' lang='lat' dir='ltr'><strong><em>ab</em></strong></span> <span class='ocrx_word' id='word_1_858' title='bbox 2475 5442 2699 5496; x_wconf 63' lang='lat' dir='ltr'><strong><em>adunatu</em></strong></span> <span class='ocrx_word' id='word_1_859' title='bbox 2730 5459 2826 5498; x_wconf 86' lang='lat' dir='ltr'><strong><em>suo</em></strong></span> <span class='ocrx_word' id='word_1_860' title='bbox 2861 5444 3139 5515; x_wconf 83' lang='lat' dir='ltr'><strong><em>specialem</em></strong></span> <span class='ocrx_word' id='word_1_861' title='bbox 3174 5441 3402 5502; x_wconf 73' lang='lat' dir='ltr'><strong><em>leestii</em></strong></span> <span class='ocrx_word' id='word_1_862' title='bbox 3425 5453 3778 5504; x_wconf 65' lang='lat' dir='ltr'><strong><em>decantaret:</em></strong></span> <span class='ocrx_word' id='word_1_863' title='bbox 3816 5435 3820 5440; x_wconf 59' lang='grc'><em>’</em></span> 
     </span>
    </p>
   </div>
   <div class='ocr_carea' id='block_1_113' title="bbox 2173 5523 3822 5610">
    <p class='ocr_par' dir='ltr' id='par_1_113' title="bbox 2173 5523 3822 5610">
     <span class='ocr_line' id='line_1_113' title="bbox 2173 5523 3822 5610; baseline 0.01 -24"><span class='ocrx_word' id='word_1_864' title='bbox 2173 5531 2466 5589; x_wconf 82' lang='lat' dir='ltr'><strong><em>Paulinum</em></strong></span> <span class='ocrx_word' id='word_1_865' title='bbox 2527 5536 2784 5592; x_wconf 71' lang='lat' dir='ltr'><strong><em>cnvenire</em></strong></span> <span class='ocrx_word' id='word_1_866' title='bbox 2827 5553 2932 5592; x_wconf 88' lang='lat' dir='ltr'><strong><em>non</em></strong></span> <span class='ocrx_word' id='word_1_867' title='bbox 2977 5536 3259 5593; x_wconf 81' lang='lat' dir='ltr'><strong><em>distulerit.</em></strong></span> <span class='ocrx_word' id='word_1_868' title='bbox 3312 5537 3467 5610; x_wconf 73' lang='lat' dir='ltr'><strong><em>Atqui</em></strong></span> <span class='ocrx_word' id='word_1_869' title='bbox 3516 5523 3778 5599; x_wconf 80' lang='lat' dir='ltr'><strong><em>Paulinus</em></strong></span> <span class='ocrx_word' id='word_1_870' title='bbox 3816 5579 3822 5602; x_wconf 71' lang='lat'><strong><em>,-</em></strong></span> 
     </span>
    </p>
   </div>
   <div class='ocr_carea' id='block_1_114' title="bbox 2173 5624 3832 5694">
    <p class='ocr_par' dir='ltr' id='par_1_114' title="bbox 2173 5624 3832 5694">
     <span class='ocr_line' id='line_1_114' title="bbox 2173 5624 3832 5694; baseline 0.006 -12"><span class='ocrx_word' id='word_1_871' title='bbox 2173 5643 2283 5682; x_wconf 83' lang='lat' dir='ltr'><strong><em>sese</em></strong></span> <span class='ocrx_word' id='word_1_872' title='bbox 2306 5626 2343 5681; x_wconf 72' lang='grc'><strong>2</strong></span> <span class='ocrx_word' id='word_1_873' title='bbox 2376 5624 2689 5684; x_wconf 82' lang='lat' dir='ltr'><strong><em>Novembris</em></strong></span> <span class='ocrx_word' id='word_1_874' title='bbox 2721 5628 2808 5685; x_wconf 88' lang='lat' dir='ltr'><strong><em>die</em></strong></span> <span class='ocrx_word' id='word_1_875' title='bbox 2841 5647 2874 5685; x_wconf 93' lang='lat' dir='ltr'><strong><em>a</em></strong></span> <span class='ocrx_word' id='word_1_876' title='bbox 2903 5628 3165 5688; x_wconf 81' lang='lat' dir='ltr'><strong><em>Basilisco</em></strong></span> <span class='ocrx_word' id='word_1_877' title='bbox 3191 5643 3502 5690; x_wconf 75' lang='lat' dir='ltr'><strong><em>conventum</em></strong></span> <span class='ocrx_word' id='word_1_878' title='bbox 3533 5649 3600 5692; x_wconf 81' lang='lat' dir='ltr'><strong><em>as</em></strong></span> <span class='ocrx_word' id='word_1_879' title='bbox 3629 5634 3778 5694; x_wconf 66' lang='lat' dir='ltr'><strong><em>verba</em></strong></span> 
     </span>
    </p>
   </div>
   <div class='ocr_carea' id='block_1_115' title="bbox 2172 5717 3777 5807">
    <p class='ocr_par' dir='ltr' id='par_1_115' title="bbox 2172 5717 3777 5807">
     <span class='ocr_line' id='line_1_115' title="bbox 2172 5717 3777 5807; baseline 0.009 -33"><span class='ocrx_word' id='word_1_880' title='bbox 2172 5725 2325 5775; x_wconf 79' lang='lat' dir='ltr'><strong><em>tenus</em></strong></span> <span class='ocrx_word' id='word_1_881' title='bbox 2355 5717 2574 5775; x_wconf 72' lang='lat' dir='ltr'><strong><em>ﬂantum</em></strong></span> <span class='ocrx_word' id='word_1_882' title='bbox 2603 5723 2823 5778; x_wconf 83' lang='lat' dir='ltr'><strong><em>citatum</em></strong></span> <span class='ocrx_word' id='word_1_883' title='bbox 2854 5733 3100 5792; x_wconf 83' lang='lat' dir='ltr'><strong><em>testatus,</em></strong></span> <span class='ocrx_word' id='word_1_884' title='bbox 3131 5736 3278 5782; x_wconf 68' lang='lat' dir='ltr'><strong><em>sexto</em></strong></span> <span class='ocrx_word' id='word_1_885' title='bbox 3303 5736 3419 5800; x_wconf 85' lang='lat' dir='ltr'><strong><em>post</em></strong></span> <span class='ocrx_word' id='word_1_886' title='bbox 3443 5725 3558 5807; x_wconf 67' lang='lat' dir='ltr'><strong><em>die,</em></strong></span> <span class='ocrx_word' id='word_1_887' title='bbox 3584 5726 3777 5807; x_wconf 61' lang='lat' dir='ltr'><strong><em>beant</em></strong></span> 
     </span>
    </p>
   </div>
   <div class='ocr_carea' id='block_1_116' title="bbox 2177 5801 3834 5896">
    <p class='ocr_par' dir='ltr' id='par_1_116' title="bbox 2177 5801 3834 5896">
     <span class='ocr_line' id='line_1_116' title="bbox 2177 5801 3834 5896; baseline 0.011 -29"><span class='ocrx_word' id='word_1_888' title='bbox 2177 5809 2487 5869; x_wconf 60' lang='lat' dir='ltr'><strong><em>Novembris</em></strong></span> <span class='ocrx_word' id='word_1_889' title='bbox 2515 5815 2574 5884; x_wconf 84' lang='lat'><strong><em>8,</em></strong></span> <span class='ocrx_word' id='word_1_890' title='bbox 2617 5813 2859 5874; x_wconf 80' lang='lat' dir='ltr'><strong><em>libellum</em></strong></span> <span class='ocrx_word' id='word_1_891' title='bbox 2895 5817 2969 5873; x_wconf 89' lang='lat' dir='ltr'><strong><em>ad</em></strong></span> <span class='ocrx_word' id='word_1_892' title='bbox 2992 5815 3264 5876; x_wconf 86' lang='lat' dir='ltr'><strong><em>Zosimum</em></strong></span> <span class='ocrx_word' id='word_1_893' title='bbox 3287 5835 3382 5896; x_wconf 89' lang='lat' dir='ltr'><strong><em>per</em></strong></span> <span class='ocrx_word' id='word_1_894' title='bbox 3409 5801 3776 5884; x_wconf 54' lang='grc' dir='ltr'><em>Μαγέδω</em></span> 
     </span>
    </p>
   </div>
   <div class='ocr_carea' id='block_1_117' title="bbox 2177 5903 3770 5996">
    <p class='ocr_par' dir='ltr' id='par_1_117' title="bbox 2177 5903 3770 5996">
     <span class='ocr_line' id='line_1_117' title="bbox 2177 5903 3770 5996; baseline 0.008 -32"><span class='ocrx_word' id='word_1_895' title='bbox 2177 5907 2611 5982; x_wconf 66' lang='lat' dir='ltr'><strong><em>Carthaginiensis</em></strong></span> <span class='ocrx_word' id='word_1_896' title='bbox 2633 5912 2868 5970; x_wconf 63' lang='grc' dir='ltr'><strong><em>καρδία</em></strong></span> <span class='ocrx_word' id='word_1_897' title='bbox 2885 5930 2943 5970; x_wconf 78' lang='lat' dir='ltr'><strong><em>sn</em></strong></span> <span class='ocrx_word' id='word_1_898' title='bbox 2950 5914 3266 5971; x_wconf 80' lang='lat' dir='ltr'><strong><em>bdiaconuas</em></strong></span> <span class='ocrx_word' id='word_1_899' title='bbox 3283 5915 3442 5975; x_wconf 81' lang='lat' dir='ltr'><strong><em>misit.</em></strong></span> <span class='ocrx_word' id='word_1_900' title='bbox 3468 5913 3604 5975; x_wconf 71' lang='lat' dir='ltr'><strong><em>Cum</em></strong></span> 
     </span>
    </p>
   </div>
  </div>
