3896 6222
370 337 371 340 η
401 313 508 376 695
1358 317 1705 376 APPENDIX
1741 320 1836 377 AD
1875 320 2030 379 Ol'lii

2146 319 2204 377 S.
2247 320 2480 378 ZOSIMI
2521 319 2746 380 I‘APE.
3615 319 3738 380 696

399 434 676 491 sinistram
709 434 899 506 procul
931 434 1095 490 dubio
1123 435 1390 491 incurret.
1418 435 1572 505 Quod
1594 439 1640 492 si
1667 440 1740 494 ita
1769 447 1863 510 est,
1893 456 2005 493 mu-
2030 443 2083 504 Α
2111 440 2203 495 illa
2252 441 2548 508 necessitas,
2597 439 2765 496 nihilo
2785 443 2952 517 magis
2993 442 3131 498 idem
3163 440 3359 499 Doctor
3401 445 3454 500 in
3500 441 3741 515 epistola

401 527 596 582 tandus
625 534 699 582 est
728 527 878 595 ordo,
908 542 1062 599 quem
1092 527 1233 582 idem
1279 543 1449 584 canon
1499 532 1644 604 apud
1675 530 2008 598 Quesnellum
2114 532 2239 598 195,
2272 534 2322 587 in
2349 550 2453 604 qua
2492 549 2608 588 eam
2622 550 2800 590 rursus
2831 545 3224 604 commemorat,
3255 535 3452 607 aperit.
3481 533 3742 592 Heminit

404 621 535 678 Cod.
564 637 683 693 cap.
718 621 787 676 15
814 621 951 676 inter
980 619 1416 693 Carthaginenses
1447 623 1654 680 obtinet.
1681 625 1834 701 Apud
1860 625 2010 681 illum
2115 636 2163 679 et
2186 624 2460 682 Possidius
2489 626 2760 699 legationis
2781 627 2960 702 hujus,
2991 638 3146 701 atque
3192 613 3488 684 collationis
3513 627 3739 698 Augus-

406 712 548 768 enim
587 713 768 766 tertius
804 719 915 778 est;
955 713 1188 787 quaincis
1227 712 1366 768 alius
1405 715 1473 770 sit
1511 714 1575 770 ab
1613 733 1695 784 eo,
1726 734 1874 788 quem
1903 720 2015 792 ipse
2118 719 2281 774 tinum
2304 723 2440 773 inter
2456 731 2505 774 et
2546 716 3188 776 EmeritumDonatistam
3219 720 3472 792 σωωνεφ
3491 723 3545 776 in
3569 718 3748 776 Hau-

405 805 649 863 Zosimus
698 802 1126 879 Carthaginensis
1181 807 1394 863 concilii
1444 809 1670 866 tertium
1715 811 2013 883 capitulum

403 909 577 956 εσθαι

969 1004 1332 1050 νηλευεητυυ
1369 1011 1448 1051 HL

477 1085 576 1144 21.
616 1085 856 1142 Tertium
892 1087 1126 1160 ejusdem
1162 1086 1448 1146 Tractoria:
1496 1092 1844 1166 fragmentum
1881 1092 2018 1149 Pro-

407 1196 526 1254 sper
568 1178 665 1236 lib.
705 1194 886 1236 contra
923 1178 1120 1238 Collat.
1149 1198 1197 1238 c.
1231 1181 1319 1253 10,
1349 1200 1439 1239 seu
1468 1184 1524 1254 5,
1558 1204 1610 1246 n.
1647 1184 1735 1252 l5,
1768 1203 1831 1241 ac
1857 1185 2022 1243 Caele-

412 1273 538 1328 stini
581 1273 805 1343 epistola
844 1271 912 1328 21
935 1319 948 1343 ,
994 1291 1042 1330 c.
1082 1275 1138 1339 5,
1171 1276 1532 1347 suppeditant.
1580 1277 1736 1334 Istud
1762 1261 2022 1335 relaturus

411 1363 643 1438 Prosper
671 1367 748 1422 ita
777 1369 1031 1439 iniciatur
1063 1385 1083 1426 :
1115 1367 1326 1424 Errovit
1357 1368 1688 1427 sacrosancta
1715 1373 1847 1428 beati
1878 1373 2024 1430 Petri

408 1461 576 1527 sedes,
620 1477 740 1534 qua:
761 1461 829 1517 ad
858 1462 1155 1518 uniuersum
1196 1462 1368 1519 orbem
1414 1482 1566 1538 papa:
1606 1464 1802 1521 Zosimi
1834 1484 1925 1522 ore
1949 1470 2024 1522 sic

410 1555 670 1628 loquitur.
703 1555 888 1612 Eidem
919 1557 973 1612 in
1009 1557 1234 1631 epistola
1265 1557 1525 1614 Caelestini
1557 1559 1890 1628 praemittitur
1916 1562 2025 1617 lucc

410 1648 521 1704 alia
556 1650 800 1722 praefatio
843 1665 862 1706 :
903 1647 971 1706 In
1008 1667 1163 1723 quam
1196 1668 1290 1706 nos
1316 1653 1629 1707 sententious
1658 1653 1840 1729 dirigit
1869 1655 2027 1710 beata:

406 1742 784 1798 recordationis
825 1758 978 1814 papae
1018 1741 1218 1808 Zosimi
1256 1744 1514 1818 regularis
1558 1747 1870 1812 auctoritas,
1909 1763 2028 1802 cum

2119 811 2309 867 ritania
2337 827 2474 866 anno
2495 811 2599 868 M8
2631 810 2947 881 Septembris
2967 810 3040 869 20
3063 813 3148 870 die
3177 829 3244 871 ea:
3271 813 3546 888 legationis
3568 813 3745 881 huius

2121 903 2391 958 occasione
2412 903 2604 959 Itabitw
2633 920 2652 959 :
2682 905 2772 960 sed
2790 920 2908 978 qua!
2930 903 3079 961 illum
3124 907 3401 963 necessitas
3420 905 3526 963 huc
3553 917 3748 962 traxe-

2122 997 2208 1058 rit,
2237 992 2432 1064 pariter
2451 1005 2602 1052 tacet.
2631 997 2726 1053 Sic
2751 1014 2905 1067 porro
2932 1015 3040 1055 rem
3065 1017 3181 1072 cap.
3211 997 3280 1056 M
3311 1011 3520 1057 narrat:
3548 997 3750 1056 Omni.

2122 1089 2361 1163 potentis
2384 1091 2479 1149 Dei
2515 1091 2774 1164 praestitit
2799 1092 3092 1158 auxilium.
3124 1103 3180 1148 ut
3224 1103 3415 1166 postea
3443 1093 3496 1150 in
3544 1089 3750 1149 Caesa-

2126 1184 2294 1240 rieusi
2343 1183 2685 1242 Mauritaniae
2722 1185 2946 1242 civitate
2991 1187 3324 1244 constitutus
3347 1184 3462 1260 (sit)
3500 1199 3749 1242 venera-

2125 1276 2249 1332 bilis
2275 1276 2552 1336 memoriie
2577 1276 2934 1350 Augustinus,
2961 1295 3070 1352 quo
3086 1294 3212 1335 eum
3233 1281 3426 1336 venire
3453 1293 3580 1334 cum
3607 1277 3746 1334 aliis

2127 1370 2468 1442 coepiscopis
2504 1371 2654 1428 sedis
2704 1371 3022 1443 apostolicam
3074 1373 3274 1429 littera:
3323 1371 3748 1443 compulerunt,

2128 1464 2200 1521 ob
2233 1465 2605 1522 tertninandas
2654 1466 2910 1522 videlicet
2961 1466 3101 1522 alias
3131 1465 3394 1524 Ecclesia
3422 1465 3743 1522 necessita-

2132 1567 2166 1615 ι‹
2187 1574 2234 1615 s.
2265 1558 2380 1616 liae
2406 1576 2539 1632 ergo
2563 1560 2857 1617 occasione
2878 1561 3155 1632 provenit,
3185 1571 3240 1616 ut
3271 1561 3574 1618 Emeritum
3597 1559 3754 1631 ejus-

2130 1651 2256 1709 dem
2283 1654 2390 1710 loci
2419 1655 2823 1712 Donatistarum
2855 1657 3174 1730 episcopum
3194 1697 3210 1711 .
3228 1697 3245 1713 .
3267 1697 3280 1710 .
3308 1655 3544 1713 videret.
3578 1653 3757 1727 Atqui

2130 1754 2251 1801 ante
2269 1744 2382 1802 haec
2410 1763 2527 1802 cum
2558 1744 2787 1804 Enterito
2833 1757 2976 1821 gesta
3011 1748 3328 1823 Augustinus
3370 1751 3423 1802 iu
3456 1746 3753 1803 Retracto-

413 1836 637 1892 scribens
675 1837 745 1891 ad
773 1837 933 1893 totius
969 1839 1108 1893 orbis
1147 1839 1413 1912 episcopos
1438 1841 1530 1895 ait.
1573 1839 1706 1895 Tum
1732 1842 2026 1916 subjiciuu-
2059 1847 2109 1909 Β
2134 1838 2359 1895 tionibus
2372 1839 2466 1894 lib.
2489 1856 2550 1908 ll,
2569 1857 2616 1897 c.
2649 1838 2743 1908 50,
2770 1837 2929 1897 libros
2950 1843 3187 1916 proxime
3206 1841 3425 1896 collocat
3452 1839 3522 1896 de
3546 1839 3755 1899 Gratia

413 1938 501 1984 tur
544 1927 743 1987 Zosimi
779 1931 930 1986 cerba
960 1947 982 1988 :
1019 1931 1132 1988 Nos
1170 1945 1355 1988 autem
1397 1933 1655 1990 inStinctu
1688 1935 1782 1991 Dei
1812 1937 2018 2007 (omnia
2119 1930 2327 1988 Christi
2359 1932 2496 1989 etde
2525 1933 2758 1989 Peccato
2781 1933 3066 2015 originali,
3099 1933 3162 1988 de
3184 1931 3497 2005 quibusnam
3528 1930 3690 1988 habet
3727 1947 3751 1987 :

416 2024 564 2080 enim
601 2023 747 2082 bona
781 2023 852 2081 ad
889 2035 1168 2082 auctorem
1200 2041 1362 2084 suum
1407 2027 1696 2086 referenda
1725 2042 1850 2086 sunt
1877 2031 2022 2102 unde
2133 2023 2331 2082 Postea
2359 2041 2520 2096 quam
2548 2026 2833 2099 Pelagiana
2863 2027 3090 2084 limresis
3123 2043 3246 2084 eum
3275 2029 3391 2085 suis
3416 2027 3754 2084 auctoribus

417 2119 745 2190 nascuntur)
773 2119 841 2174 ad
874 2117 1107 2174 fratrum
1139 2132 1195 2178 et
1225 2121 1676 2192 coepiscoporutn
1708 2137 2021 2181 nostrorum
2128 2123 2199 2176 ub
2227 2121 2505 2196 episcopis
2556 2124 2808 2180 ecclesia:
2861 2122 3149 2190 Romanae,
3206 2123 3357 2194 prius
3387 2123 3748 2192 Innocentio,

414 2213 784 2272 conscientias
809 2201 1063 2272 universa
1087 2214 1398 2272 retulimus.
1425 2215 1558 2285 Qua:
1583 2219 1836 2273 sententia
1859 2235 2024 2289 quan-
2133 2219 2340 2276 deinde
2364 2217 2618 2287 Zosimo,
2669 2219 3096 2288 eooperontibus
3136 2219 3492 2276 conciliorum
3525 2216 3760 2274 Africa-

419 2317 530 2362 tum
560 2307 704 2377 Afris
738 2307 1014 2379 placuerit,
1045 2308 1227 2364 eadem
1254 2309 1477 2380 epistola
1506 2309 1632 2365 ibid.
1661 2312 1984 2384 testiﬁcatur.
2134 2330 2327 2371 norum
2358 2314 2577 2381 litteris,
2607 2314 2854 2369 convicta
2880 2322 3044 2384 atque
3067 2310 3322 2368 damnata
3373 2322 3492 2379 est,
3533 2311 3741 2382 scripsi

489 2400 582 2457 22.
610 2399 725 2456 Nec
767 2400 917 2456 siluit
949 2399 1116 2467 Man,
1144 2401 1405 2458 Mercator
1450 2419 1554 2474 qua
1608 2405 1810 2459 ratione
1856 2414 2020 2460 totum
2134 2408 2273 2464 duos
2305 2407 2478 2465 libros
2496 2407 2764 2462 adversus
2794 2422 2915 2475 eos,
2966 2423 3136 2462 unum
3185 2405 3258 2462 de
3289 2407 3473 2462 Gratia
3500 2404 3749 2477 Christi,

435 2493 572 2549 illud
592 2491 796 2549 Zosimi
815 2494 1066 2568 scriptum
1113 2495 1167 2549 in
1211 2494 1450 2552 universa
1493 2497 1733 2553 Ecclesia
1758 2511 2026 2568 exceptum
2131 2501 2367 2557 alterum
2389 2498 2465 2556 de
2492 2499 2730 2556 Peccato
2759 2499 3034 2572 originali.
3061 2497 3148 2555 Ea:
3166 2515 3268 2572 quo
3288 2500 3542 2567 sequitur,
3575 2509 3631 2553 ut
3659 2497 3729 2557 lit
3748 2523 3766 2539 ο

367 2613 371 2619 ’
429 2585 784 2664 ῙυὶιέΒεαῑω,
829 2591 995 2663 inquit
1024 2591 1152 2648 edit.
1186 2587 1374 2650 Bolus.
1405 2610 1528 2665 pag.
1577 2595 1701 2664 158,
1749 2598 2030 2654 tnetnorim
2133 2591 2871 2664 teﬂeillwspecialesquibus
2887 2592 3766 2666 Augustinoacsociisinllaurita—

427 2684 674 2756 ερίεοορί
720 2682 932 2740 Zosimi
977 2683 1240 2756 epistola,
1293 2700 1417 2758 qua:
1474 2686 1758 2744 Tractoria
1805 2690 2029 2758 dicitur,
2134 2687 2276 2741 niam
2296 2684 3764 2762 legatiodemandataest,litterisquibusPclagiusatque

426 2777 550 2851 qua?
574 2777 865 2836 leestius
909 2778 1269 2851 Pelugiusque
1307 2779 1549 2836 damnati
1591 2791 1739 2848 sunt,
1781 2794 1836 2839 et
1884 2783 2030 2840 Con.
2133 2775 2399 2838 Calenius
2424 2780 2686 2837 aZosimo
2717 2783 2955 2840 damnati
2990 2793 3136 2854 sunt,
3163 2800 3266 2840 non
3293 2785 3398 2840 sint
3439 2786 3757 2841 anteriores.

432 2872 873 2944 stantinopolim,
901 2883 960 2931 et
987 2889 1085 2946 per
1119 2885 1296 2932 totum
1311 2876 1504 2934 orbem
1531 2879 2036 2951 subscriptionilms
2139 2871 2528 2953 Νεειιιιιωποάο
2575 2866 2890 2947 posteriores
2919 2878 3118 2934 censeri
3149 2889 3362 2951 queant,
3412 2877 3524 2934 ulla
3545 2881 3764 2936 ratione

429 2976 746 3026 sanctorum
800 2978 1017 3042 patrum
1071 2980 1157 3026 est
1203 2970 1482 3028 roborata.
1553 2972 1707 3040 Quod
1776 2976 2036 3047 eleganter
2136 2982 2372 3044 apparet.
3569 2994 3574 2998 ’

434 3061 670 3136 Prosper
696 3062 753 3118 in
802 3060 936 3118 libro
977 3073 1161 3118 contra
1209 3054 1427 3130 Collat.,
1456 3081 1512 3120 n.
1554 3063 1648 3130 57,
1677 3067 1924 3137 expressit
1953 3065 2036 3123 Itis
2905 3069 2974 3126 Χ.

373 3218 375 3220 η
431 3153 602 3211 verbis
656 3170 678 3212 :
719 3153 1106 3213 Africanorum
1158 3157 1514 3214 conciliorum
1577 3158 1817 3217 decretis
1861 3160 2037 3218 beatae
2133 3221 2137 3225 ,
2213 3161 2307 3219 21.
2347 3161 2601 3236 EpiscOpi
2629 3165 2840 3237 Africa.
2869 3164 2960 3234 qui
3007 3175 3126 3238 post
3152 3165 3426 3221 concilium
3465 3164 3758 3238 Carthagi-

435 3249 838 3306 recordationis
885 3247 1025 3322 papa
1076 3249 1334 3306 Zosimus
1383 3251 1673 3308 sententiae
1702 3268 1817 3308 sucu
1870 3256 2039 3311 robur
2063 3245 2111 3310 C
2144 3272 2302 3312 nense
2340 3256 2573 3313 kalendis
2600 3256 2760 3314 Maiis
2797 3260 3052 3326 habitum,
3083 3261 3244 3333 ipsius
3269 3260 3479 3316 concilii
3518 3255 3757 3331 decreto,

434 3345 722 3413 annexuit,
765 3355 821 3402 et
862 3343 930 3402 ad
985 3346 1277 3418 impiorum
1322 3346 1800 3404 dett-uacationem
1853 3349 2038 3422 gladio
2145 3349 2278 3405 terni
2302 3366 2366 3406 es;
2392 3351 2612 3424 singulis
2655 3351 2935 3428 provinciis
2976 3349 3290 3428 Carthagine
3340 3365 3754 3426 permanserant,

438 3436 589 3495 Petri
619 3437 883 3495 dexteras
914 3437 1155 3495 omnium
1203 3441 1456 3496 armavit.
1511 3439 1727 3506 Verum,
1776 3453 1833 3499 ut
1875 3445 2040 3500 verbis
2144 3461 2263 3500 cum
2284 3445 2356 3500 ibi
2383 3423 2701 3517 accepissent
2723 3423 2989 3520 proximas
3014 3423 3212 3503 Zosimi
3229 3423 3499 3518 epistolas,
3525 3423 3760 3520 adjnuc;

435 3540 650 3587 utamur
673 3527 833 3587 Harii
863 3529 1176 3588 Mercatoris
1199 3533 1434 3588 eamdem
1455 3536 1708 3590 rationem
1727 3552 2040 3606 prosequar»
2146 3540 2211 3594 tis
2240 3540 2336 3594 sibi
2356 3550 2413 3593 ut
2437 3539 2638 3596 videtur
2687 3541 2942 3610 episcopis
2981 3557 3109 3609 quos
3154 3541 3398 3614 festinato
3444 3557 3626 3598 cacare
3658 3559 3762 3615 po-

439 3627 552 3695 tis,
593 3626 640 3682 ei
688 3624 937 3683 Julianus
998 3626 1293 3696 ceterique
1362 3628 1664 3699 complices
1717 3631 1837 3700 ejus
1908 3632 2041 3687 sub-

439 3718 690 3776 scribere
717 3718 1111 3785 detreetantes,
1164 3730 1674 3792 consentaneosque
1700 3739 1760 3778 se
1792 3723 2042 3781 nolentes

439 3799 640 3870 iisdem
673 3810 928 3868 Patribus
958 3811 1160 3879 lacere,
1193 3829 1303 3869 non
1354 3815 1531 3870 solum
1561 3814 1934 3886 imperialibus
1963 3817 2044 3872 le-

384 3887 395 3898 ’
439 3904 624 3978 gibus,
651 3906 750 3963 sed
781 3915 840 3964 et
879 3907 1319 3964 sacerdotalibus
1346 3911 1567 3966 statutis
1612 3911 1848 3982 depositi
1879 3921 2043 3983 atque

2145 3641 2373 3699 luerunt,
2395 3631 2764 3706 gratulatorias
2804 3633 2875 3686 ad
2925 3634 3158 3688 eumdem
3207 3650 3401 3705 papam
3433 3632 3635 3689 litteras
3668 3651 3760 3691 re-

2145 3725 2479 3798 scripserunt,
2501 3742 2721 3799 quantm
2743 3716 3089 3802 fragmentum
3108 3744 3269 3782 unum
3298 3738 3528 3802 superest
3555 3730 3609 3784 in
3636 3731 3726 3800 cpi
3743 3757 3760 3768 ο

2144 3805 2280 3878 slola
2306 3820 2368 3878 21
2411 3821 2682 3878 leestini.
2702 3824 2777 3878 sic
2793 3822 3066 3879 laudatum
3093 3839 3112 3879 :
3143 3821 3298 3878 Hunc
3325 3835 3500 3879 autem
3527 3822 3758 3896 (Zosimi

2144 3919 2200 3970 in
2219 3915 2533 3985 Tractoria)
2563 3933 2845 3973 sermonem
2872 3918 3241 3974 sincerissima!
3263 3918 3495 3975 ueritatis
3527 3917 3640 3974 luce
3662 3936 3756 3972 ra-

441 4000 807 4069 exauctorati,
840 4015 909 4058 ex
937 4001 1087 4059 omni
1110 4001 1265 4058 italia
1292 4003 1508 4076 expulsi
1540 4017 1690 4061 sunt.
1734 4006 1889 4075 Quod
1925 4008 2044 4064 licet
2148 4010 2377 4065 diantem
2407 4021 2552 4066 tanto
2605 4011 2721 4085 Afri
2753 4011 2980 4085 episcopi
3031 4011 3223 4066 honore
3268 4013 3493 4067 uenerati
3519 4022 3662 4078 sunt,
3696 4021 3757 4067 ut

439 4095 666 4151 maxime
706 4094 799 4150 sub
827 4091 1027 4150 Zosimi
1082 4110 1391 4166 successore.
1419 4094 1702 4168 Bonifacio
1745 4099 2043 4172 contigerit,
2146 4103 2222 4157 ita
2248 4102 2318 4157 ad
2355 4105 2587 4159 eumdem
2627 4105 2794 4159 uirum
2843 4105 3167 4162 scriberent:
3195 4105 3331 4161 illud
3361 4120 3495 4162 vero
3519 4104 3664 4176 quod
3697 4108 3753 4162 in
3813 4159 3822 4168 ,

441 4189 522 4246 uti
546 4187 731 4245 suadet
759 4188 896 4244 illud
925 4187 1362 4261 Prospericitato
1391 4190 1529 4260 loco,
1559 4191 1709 4265 Papa
1735 4193 2048 4252 Bonifacius
2152 4196 2355 4252 litteris
2391 4195 2523 4262 tuis,
2563 4211 2704 4268 quas
2750 4197 2818 4252 ad
2864 4199 3151 4254 universas
3209 4196 3517 4267 provincias
3544 4198 3757 4254 curasti

440 4282 821 4357 piissimorum
848 4281 1246 4354 Imperatorum
1275 4284 1546 4342 catholica
1593 4287 1862 4360 religione
1917 4305 2048 4362 gau-
2149 4305 2274 4346 esse
2295 4288 3121 4359 mittendas,posuistidicens:
3141 4287 3256 4346 Nos
3283 4298 3468 4362 tamen
3489 4290 3754 4346 instinctu

441 4377 630 4445 debat,
661 4386 717 4435 et
752 4386 948 4434 contra
1003 4375 1269 4438 inimicos
1312 4378 1507 4451 gratia:
1553 4378 1652 4437 Dei
1704 4397 1811 4438 non
1859 4384 2044 4440 solum
2154 4385 2250 4440 Dei
2284 4387 2490 4454 (omnia
2519 4387 2664 4441 enim
2697 4386 2837 4441 bona
2865 4384 2932 4440 ad
2963 4395 3246 4442 auctorem
3275 4375 3755 4442 suumielcrenda

439 4468 784 4542 apostolicis,
831 4467 928 4526 sed
977 4469 1141 4526 etiam
1191 4471 1359 4542 regiis
1408 4471 1667 4528 utebatur
1695 4472 2049 4531 edictis:hoc
2151 4489 2281 4534 sunt
2309 4477 2455 4535 unde
2476 4481 2807 4550 nascuntur)
2857 4478 2923 4535 ad
2955 4478 3184 4535 fratrum
3207 4486 3263 4534 et
3299 4477 3754 4550 eoepiscoporum

441 4571 615 4621 tamen
638 4566 834 4634 factum
863 4580 976 4620 esse
992 4575 1214 4633 constat,
1254 4574 1312 4620 ut
1355 4563 1555 4621 Zosimi
1611 4565 1898 4624 Tractat-ite
1940 4582 2048 4625 tota
2153 4582 2471 4628 nostrorum
2501 4571 2892 4628 conscientiam
2923 4571 3178 4628 universa
3204 4570 3513 4636 retulimus.
3546 4569 3628 4626 sic
3650 4583 3750 4626 ec-

437 4657 498 4715 irs
518 4656 758 4714 Ecclesia
784 4666 1008 4729 recepti:
1033 4656 1314 4714 auctoritas
1339 4657 1714 4717 uindicaretur.
1741 4660 1850 4717 Sed
1874 4674 1922 4718 et
1945 4665 2046 4717 hac
2072 4639 2126 4700 Ῐ)
2151 4666 2399 4736 cepimus
2415 4665 2645 4730 dictum,
2670 4675 2725 4720 ut
2758 4665 2881 4720 illos
2910 4665 3002 4735 qui
3031 4673 3227 4720 contra
3282 4665 3376 4720 Dei
3417 4662 3752 4733 adiutorium

441 4751 509 4808 de
533 4769 610 4820 re,
640 4750 781 4823 infra
804 4751 1066 4822 num.30,
1097 4752 1260 4825 paulo
1288 4753 1608 4812 enucleatius
1661 4756 1922 4813 tractandi
1949 4763 2044 4815 erit
2150 4761 2425 4815 extollunt
2457 4758 2677 4814 humani
2707 4754 2921 4813 arbitrii
2963 4755 3304 4825 libertatem,
3355 4754 3610 4812 districto
3634 4755 3754 4826 gla-

435 4847 603 4901 locus.

1191 4941 1286 4997 IX.

407 5058 412 5062 ·
504 5031 602 5090 23.
642 5031 774 5090 Cum
800 5033 1048 5105 prcedicta
1075 5032 1278 5089 Zosimi
1300 5033 1524 5117 epistola
1540 5036 1697 5090 simul
1717 5036 1893 5093 missa:
1921 5052 2041 5092 sunt

434 5139 487 5186 et
510 5129 633 5184 alia:
674 5129 932 5199 speciales
961 5129 1030 5183 ad
1081 5129 1234 5202 Afros
1260 5131 1469 5197 littcrre,
1520 5132 1704 5202 quibus
1747 5132 2037 5203 Augustino

433 5219 658 5295 aliisque
677 5222 732 5277 in
772 5220 1150 5278 Mauritaniam
1185 5222 1552 5277 Cwsarieusem
1599 5224 1791 5294 legatio
1822 5235 2037 5296 prapter

431 5316 834 5390 aliasquasdam
863 5316 1109 5374 Ecclesia
1135 5319 1466 5374 necessitates
1489 5320 1877 5391 injungebntur.
1915 5322 2030 5387 Qua

434 5410 502 5466 de
519 5426 578 5465 re
603 5410 929 5483 Augustinus
957 5411 1110 5480 epist,
1144 5413 1275 5466 alias
1309 5409 1434 5479 157,
1463 5429 1600 5466 nunc
1624 5411 1749 5481 190,
1781 5415 1851 5467 ad
1874 5402 2036 5487 Opta-

439 5515 551 5560 tum
569 5520 670 5562 n.t
699 5506 812 5561 haec
856 5505 1034 5561 scribit
1067 5503 1356 5571 :Litterm,
1387 5522 1523 5577 quas
1552 5507 1620 5562 ad
1653 5507 2033 5564 Mauritaniam

2149 4852 2242 4906 diu
2260 4852 2524 4916 veritatis,
2543 4850 2686 4907 velut
2703 4850 2913 4930 cursim,
2933 4851 3227 4916 transiens,
3255 4859 3591 4930 amputares.
3607 4847 3748 4915 Quid

2148 4946 2294 5003 enim
2329 4958 2436 5001 tam
2465 4944 2640 5000 libero
2662 4943 2836 5000 fecisti
2851 4927 3084 4999 arbitrio
3101 4986 3114 5009 ,
3137 4958 3298 5014 quam
3324 4942 3466 5012 quod
3495 4927 3748 4999 universa

2150 5044 2203 5096 in
2229 5049 2430 5097 nostr-2e
2462 5038 2794 5094 humilitatis
2819 5035 3214 5094 conscientiam
3267 5034 3546 5092 retulisti?
3573 5035 3642 5092 Et
3669 5045 3750 5091 ta-

2149 5148 2271 5190 men
2308 5133 2570 5189 instinctu
2602 5131 2696 5188 Dei
2728 5131 2930 5189 factum
2958 5146 3084 5188 esse
3112 5131 3350 5188 ﬁdeliter
3366 5130 3751 5204 sapienterque

2147 5226 2355 5294 vidisti,
2390 5225 2664 5282 veraciter
2708 5226 3050 5297 lidenterque
3096 5224 3314 5281 dixisti.
3366 5225 3499 5282 Ideo
3533 5223 3744 5298 utique,

2142 5321 2265 5389 quiia
2302 5331 2638 5390 pauperetur
2665 5317 2920 5373 voluntas
2944 5333 2974 5372 a
3005 5318 3236 5373 Domino
3257 5317 3278 5392 (
3298 5317 3458 5373 Prov.
3484 5334 3610 5384 vus,
3638 5334 3740 5376 sec.

2143 5413 2392 5492 LXX).et
2409 5424 2464 5466 ut
2481 5394 2610 5468 boni
2625 5411 2828 5484 aliquid
2842 5422 3024 5482 agant,
3039 5411 3284 5491 paternis
3297 5409 3748 5482 iaspis-alienius

2138 5521 2363 5563 auorum
2398 5507 2514 5575 ipse
2559 5505 2734 5577 tangit
2777 5509 2944 5562 corda
2974 5505 3238 5561 filiorum.
3271 5507 3557 5577 Quotquot
3595 5507 3740 5564 enim

434 5595 839 5655 Casariensem
866 5597 1093 5666 misisti,
1135 5613 1227 5655 me
1249 5598 1390 5670 apud
1421 5598 1731 5657 Caesaream
1766 5615 2035 5672 praesente
2138 5599 2348 5670 Spiritu
2383 5597 2479 5654 Dei
2500 5608 2756 5670 aguntur,
2783 5599 2838 5653 lii
2860 5597 2957 5654 lilii
2984 5607 3112 5653 sunt
3141 5595 3438 5669 Dei’(liom.
3468 5612 3591 5667 νιιι,
3627 5599 3744 5672 ii),

429 5699 722 5758 venerunt,
756 5706 868 5762 quo
898 5707 1001 5748 nos
1023 5690 1261 5763 iniuncta
1295 5693 1454 5748 nobis
1487 5708 1514 5746 a
1563 5694 1863 5751 venerabili
1893 5714 2030 5770 pupa

2135 5704 2323 5752 utnec
2369 5703 2616 5761 nostrum
2656 5693 2855 5750 deesse
2895 5693 3204 5749 sentiamus
3228 5692 3544 5763 arbitrium,
3591 5703 3654 5752 et
3680 5693 3744 5754 in

431 5780 658 5837 Zosimo
688 5783 1005 5853 apostolica:
1051 5783 1202 5841 sedis
1246 5784 1508 5857 episeopo
1533 5787 1908 5844 ecclesiastica
1937 5805 2035 5845 ne-
2135 5789 2293 5846 bonis
2321 5786 2634 5860 quibusque
2670 5785 2969 5842 voluntatis
2995 5783 3250 5842 humana:
3295 5784 3536 5858 singulis
3569 5785 3744 5856 moti-

425 5877 940 5934 ccssitastrsserat.
976 5878 1228 5946 Qtucnam
1257 5888 1427 5934 autem
1474 5883 1631 5950 fuerit
1685 5880 2032 5940 ecclesiastica
2131 5881 2237 5940 bus
2267 5882 2439 5955 magis
2484 5881 2633 5938 illius
2691 5879 2880 5938 valere
2923 5894 3032 5938 non
3090 5877 3408 5938 dubitemus
3451 5876 3777 5962 auxilium“

3551 6181 3796 6222 _33§k_.
