3896 6222
1304 293 1570 360 SEVERI
1611 295 1933 358 EPISCOPI
1966 297 2462 358 MAIORICENSIS

3437 293 3549 369 758

238 393 503 479 Ecclesiae
533 419 868 486 mereretur,
893 417 1033 476 vidit
1060 417 1116 475 in
1155 417 1372 476 visione
1397 416 1582 475 noctis
1609 416 1834 473 viduam
1861 415 1920 481 Α
1942 414 2360 490 polluerentur)
2409 415 2623 490 ingredi
2673 415 2762 473 die
2820 415 3036 474 eadem.
3071 430 3181 474 non
3233 409 3498 490 oportere
3525 455 3544 474 .

234 529 402 590 quam
429 513 826 573 nobilissimam
853 511 924 569 ad
950 526 1058 578 me.
1089 513 1182 586 qui
1212 528 1320 569 non
1346 527 1449 582 pro
1485 510 1704 581 merito,
1735 510 1833 566 sed

236 624 338 684 pro
361 609 534 668 divini
563 611 809 667 muneris
852 609 1106 683 largitate
1143 607 1460 664 sacerdotio
1491 605 1708 676 iungor,
1749 604 1837 660 in-

241 710 418 760 sertas
449 703 661 760 litteras
700 718 798 775 per
840 718 902 760 se
941 698 1386 776 misissc[Forte
1428 697 1835 772 praemisisse],

123 829 130 833 ~
239 795 442 873 quibus
479 798 619 855 mibi
676 807 904 856 cunctos
947 812 1112 870 agros
1155 811 1288 854 suos
1339 796 1409 852 ad
1445 794 1836 853 scminandum

185 900 193 906 ”
242 895 853 968 suppliciteroil'erret.
895 893 1072 952 Simili
1105 896 1276 952 etiam
1307 894 1533 952 somnio
1584 909 1841 964 tne-quo-

243 999 350 1061 que
375 987 633 1044 ultimum
663 998 1011 1058 peccaturum
1047 987 1118 1044 ad
1165 986 1552 1044 seminandum
1598 989 1844 1059 praici'n-

241 1090 374 1154 gere
406 1091 465 1140 et
487 1096 835 1139 commonerc
868 1083 1128 1156 dignatus
1155 1091 1262 1140 est.
1299 1081 1467 1140 Vidua
1510 1083 1658 1139 enim
1686 1070 1843 1155 quae-

238 1176 370 1234 dam
397 1175 570 1241 altera
621 1176 1021 1244 nobilisssima,
1055 1193 1220 1251 quam
1264 1192 1560 1253 synagoga:
1598 1178 1840 1250 speciem

171 1317 174 1320 .
235 1271 500 1329 habuisse
525 1287 636 1328 non
655 1271 884 1328 dubium
901 1282 1012 1341 est,
1031 1287 1141 1340 me,
1159 1283 1217 1330 ut
1244 1287 1409 1347 agros
1441 1287 1577 1330 suos
1603 1273 1843 1330 incultos

171 1403 181 1412 ι
241 1365 611 1437 susciperem,
634 1381 842 1440 eosque
869 1369 1091 1438 quando
1133 1376 1353 1442 tempus
1380 1367 1649 1425 sementis
1683 1383 1844 1440 urge-

238 1471 349 1527 ret,
379 1461 679 1537 diligenter
721 1463 1064 1530 escolcrem,
1109 1461 1544 1536 deprecabatur.
1591 1462 1728 1531 Quae
1755 1466 1843 1519 est

233 1567 426 1612 autem
450 1558 618 1614 altera
643 1556 998 1648 nobilisq’max
1015 1557 1202 1627 vidua,
1239 1559 1344 1616 nisi
1392 1559 1509 1625 illa,
1535 1574 1657 1632 quia
1682 1558 1844 1616 Citri-

173 1689 182 1696 λ-
239 1658 402 1706 stum.
435 1650 605 1722 impie
650 1651 994 1722 perimendo.
1049 1653 1409 1725 semotipsam
1458 1653 1844 1711 crudelissime

236 1743 524 1800 viduavit?
555 1744 669 1802 Hoc
695 1747 968 1803 somnium
995 1745 1290 1820 utriusque
1340 1753 1510 1804 unum
1555 1757 1661 1804 est.
1697 1751 1841 1804 Ante

1943 524 2068 567 esse
2091 510 2237 568 enim
2267 509 2411 567 diem
2443 511 2681 578 sabbati,
2714 510 2875 583 cujus
2925 511 3276 569 festivitatem
3308 511 3424 568 suis
3448 503 3551 568 πτιιι

1942 605 2156 669 actibus
2186 607 2588 677 corrupissent.
2641 605 2876 662 Rursum
2922 621 3028 680 ego
3052 607 3320 677 expetivi,
3359 615 3422 662 ut
3443 592 3552 670 me

1943 702 2013 758 ad
2043 717 2397 775 synagogam,
2445 704 2491 757 si
2545 702 2797 771 mallent,
2846 699 3553 775 opperirentur,‘quando-

1945 795 2168 869 quidem
2212 795 2489 868 iugrcssus
2517 795 2771 854 ecclesia:
2810 797 3044 868 pollutio
3073 796 3358 852 videretur
3387 813 3403 851 :
3435 788 3552 852 non

1944 892 2135 960 utique
2155 905 2251 961 eos
2278 899 2305 944 ιι
2331 888 2576 965 nobisin
2604 890 2703 946 die
2736 889 2862 968 festi
2891 890 3110 948 sabbati
3153 889 3219 946 ad
3252 893 3550 963 opus‘ser-

1944 986 2052 1043 vile
2065 985 2318 1058 compelli
2339 1003 2355 1054 ;
2380 989 2617 1042 lutuer
2639 980 2836 1060 autem
2854 975 3306 1064 bonestissimum
3330 985 3400 1042 de
3423 986 3547 1058 lego

1945 1069 2286 1147 conﬂictum,
2303 1095 2412 1136 nec
2437 1079 2762 1138 excitandas
2784 1079 2918 1158 lites
2941 1080 3245 1164 otiabul‘as
3273 1093 3399 1138 esse
3419 1077 3554 1135 niis-

1947 1174 2193 1250 condas:
2224 1180 2340 1243 aut,
2390 1175 2438 1230 si
2470 1190 2576 1232 non
2621 1183 2806 1231 astuto
2857 1166 3560 1247 certatnen~lugcrent,eel

1945 1268 2251 1342 simplicem
2279 1267 2539 1326 afferrent
2557 1270 3004 1336 excusationem,
3019 1269 3392 1340 ostenderent
3421 1264 3560 1338 pra»

1947 1369 2189 1438 ceptum,
2217 1367 2360 1437 quod
2390 1367 2445 1422 in
2497 1380 2567 1422 eo
2592 1365 2687 1421 die
2716 1378 3028 1423 sermonem
3071 1363 3334 1422 conferre
3359 1360 3562 1436 probi:

1950 1461 2239 1518 bitu‘tnsit.
2269 1462 2348 1517 Ad
2384 1461 2501 1516 haec
2529 1460 2761 1517 eum’illi
2793 1462 2846 1516 in
2873 1458 3131 1516 omnibus
3158 1455 3559 1517 contradictio—

1947 1569 2074 1612 nem
2088 1554 2582 1628 obstinatissint‘am
2607 1554 2949 1622 retulissent,
2971 1553 3191 1610 tandem
3214 1549 3359 1610 illius
3381 1551 3561 1610 leonis

1947 1657 2162 1708 terrore
2189 1649 2479 1721 compulsi,
2511 1651 2579 1705 ad
2610 1649 2858 1715 domum,
2885 1649 2944 1706 in
2975 1641 3416 1722 quam'hospitio
3459 1662 3560 1729 ae-

1947 1758 2245 1816 cesseram,
2274 1742 2681 1800 conﬂuxerunt.
2713 1743 2794 1800 lbi
2821 1759 2926 1816 ego
2956 1760 2971 1800 :
3004 1745 3205 1812 Qtttcso
3226 1738 3516 1816 (inquam)
3536 1782 3558 1811 ,

223 1837 459 1909 triginta
483 1839 656 1896 ferme
678 1855 840 1911 quam
865 1839 1192 1913 impleretur
1214 1840 1370 1910 dics,
1394 1851 1454 1898 et
1475 1840 1686 1898 vidisse
1715 1855 1840 1910 nos,
1872 1837 1922 1900 Β
1949 1838 2170 1906 fratres,
2222 1854 2394 1910 quare
2423 1838 2581 1910 quasi
2630 1839 2894 1895 adversus
2940 1839 3206 1904 latrones,
3247 1836 3560 1910 prmsertim

241 1937 303 1987 et
320 1930 460 1987 licet
495 1931 896 1990 absolutionem
924 1937 1050 2005 ejus
1085 1933 1496 2007 ignoraremus,
1522 1943 1707 1991 tamen
1734 1933 1850 1991 fra-

243 2013 427 2080 tribus
447 2023 745 2094 indicasse,
773 2026 1124 2085 manifestum
1147 2040 1273 2086 est.-

313 2116 473 2192 Apud
499 2117 717 2177 Judmos
743 2136 965 2194 quoque
993 2125 1136 2180 miro
1170 2123 1376 2181 divinae
1412 2119 1848 2196 dispensationis

238 2210 458 2283 ordine,
487 2221 624 2271 ut-et
640 2199 892 2272 nominis
916 2215 1218 2281 Theodori,
1235 2229 1303 2277 et
1327 2217 1498 2274 ofﬁcii
1518 2219 1626 2274 mei
1652 2219 1705 2274 in
1729 2235 1844 2274 uno

242 2303 468 2375 homine
487 2307 748 2374 societas,
771 2309 1113 2378 conveniret,
1137 2310 1574 2384 Thcodorusqui
1600 2327 1850 2369 summus

238 2401 499 2463 sacerdos
521 2398 713 2472 perﬁdi
735 2401 922 2474 populi
944 2409 1081 2468 erat,
1111 2405 1411 2471 somnium,
1436 2405 1583 2476 quod
1599 2405 1846 2470 viderat,

246 2507 357 2550 non
403 2494 858 2564 solumJudzeis,
913 2495 1008 2554 sed
1059 2497 1225 2554 etiam
1255 2497 1576 2571 pr0pinqua:
1622 2497 1845 2555 cuidam

188 2637 192 2640 η
245 2587 648 2645 matril‘amilias
693 2590 970 2661 primariae
1025 2589 1201 2662 ipsius
1239 2591 1520 2657 civitatis,
1555 2592 1851 2664 multisque

237 2686 418 2750 etiam,
448 2685 573 2742 aliis
615 2684 1130 2766 Christianis,.ante
1171 2702 1281 2743 non
1315 2702 1507 2760 parum
1553 2704 1718 2760 quam
1749 2688 1853 2744 ad-

242 2775 566 2846 impleretur
632 2787 869 2852 tempus.
926 2779 1013 2836 his
1082 2783 1434 2838 sermonibus
1495 2784 1848 2854 prepalavit:

237 2871 409 2932 .Eunti
439 2873 592 2930 .mibi
641 2871 963 2947 (inquitjin
1005 2891 1357 2949 synagogam,
1408 2875 1696 2934 duodecim
1751 2877 1850 2934 viri

245 2979 443 3022 manus
499 2966 1082 3036 obviasobtulerunt,
1140 2969 1384 3028 dicentes
1418 2989 1443 3026 .:
1477 2970 1597 3039 Quo
1652 2969 1850 3028 vadis?

1949 1929 2022 1988 iu
2053 1933 2274 1989 civitate
2301 1933 2567 1989 Romanis
2595 1918 2806 2006 legibus
2852 1932 3564 2002 subdita,'acervo‘ssasoo

1946 2029 2089 2096 rum,
2124 2029 2420 2102 omniaque
2449 2043 2729 2102 armorum
2747 2041 2964 2102 genera
2995 2021 3589 2109 congregastisi'Nos‘

1945 2109 2234 2189 acquirere
2254 2117 2526 2193 cupimus,
2545 2121 2898 2193 vospcrdere
2925 2118 3291 2200 desideratis?
3319 2110 3438 2200 Non
3471 2128 3564 2178 est

1953 2213 2240 2287 (quantum
2267 2214 2533 2286 arbitror)
2555 2219 2807 2287 tequum,
2838 2224 2899 2272 ut
2936 2212 3046 2271 tam
3073 2205 3356 2284 varia‘litc
3383 2215 3564 2270 aiter-

1943 2312 2133 2364 ‘utrum
2181 2295 2538 2388 laboremus:
2560 2324 2660 2365 vos
2699 2309 2875 2383 vero(
2899 2320 2956 2365 ut
2997 2309 3198 2382 video)
3240 2309 3410 2367 sitltls
3454 2323 3560 2366 uo-

1949 2401 2504 2474 slrum-sang'uiuem,
2536 2404 2792 2462 tios’vero
2815 2402 3336 2482 vestram'salutem'.
3438 2408 3473 2422 "

1930 2528 1933 2530 -
1987 2527 1990 2533 λ
2021 2495 2102 2552 Ad
2133 2495 2270 2553 bac
2293 2496 2369 2552 illi
2401 2491 2679 2568 paululum
2730 2498 2930 2569 territi,
2977 2492 3248 2570 negavero
3293 2490 3498 2554 factum
3530 2514 3550 2556 :

1919 2627 1926 2664 ς
1951 2589 2156 2663 nostris
2194 2580 2596 2650 affirmantibus
2623 2590 2699 2646 ita
2720 2606 2787 2648 se
2814 2588 3042 2663 habere,
3091 2587 3256 2648 etiam
3295 2606 3423 2647 cum
3466 2592 3560 2663 ju-

1953 2683 2244 2756 rejurando
2269 2683 2669 2742 renitebantur.
2696 2685 2849 2741 Tunc
2879 2684 3004 2758 ego,
3035 2694 3095 2740 ut
3119 2683 3327 2740 nodum
3357 2693 3560 2766 emptae

1950 2781 2318 2840 contentionis
2358 2782 2742 2839 abscinderem
2768 2782 2912 2840 :ellbi
2937 2789 3027 2840 res
3055 2783 3339 2857 (inquam)
3378 2781 3558 2838 oculis
3627 2843 3638 2852 ,

1951 2877 2174 2948 probari
2192 2886 2396 2948 potest,
2414 2876 2696 2948 iuratione
2713 2872 2844 2948 quid
2870 2874 3007 2949 opus
3029 2876 3152 2933 est?
3171 2889 3363 2932 eamus
3392 2875 3560 2946 igitur

1946 2960 2018 3027 ad
2046 2985 2401 3044 synagogam,
2433 2975 2488 3026 et
2519 2962 2826 3041 utrum'pro
2849 2972 2982 3025 vitio
3008 2985 3077 3026 an
3103 2969 3335 3025 veritate
3365 2976 3554 3024 vestra

241 3058 333 3116 leo
361 3043 475 3118 illic
500 3071 605 3119 est.
642 3059 780 3118 Cum
816 3077 973 3134 ergo,
1003 3062 1197 3120 audito
1244 3064 1422 3121 leonis
1452 3065 1695 3136 nomine,
1730 3077 1848 3122 tre.
1935 3043 2165 3120 nitatur
2186 3065 2444 3131 assertio,
2479 3065 2887 3135 vobismetipsis
2930 3063 3280 3139 testantibus,
3309 3077 3560 3136 compro-

247 3153 436 3227 pidare
468 3155 800 3223 coepissem;
833 3159 1011 3213 locum
1039 3165 1246 3225 tamen,
1278 3159 1406 3214 dum
1453 3145 1637 3230 fugam
1687 3175 1847 3231 paro,
1868 3215 1920 3247 ,_
1954 3151 2187 3216 habitur.
2221 3157 2462 3231 Pergere
2487 3151 2650 3229 igitur
2679 3158 2747 3215 ad
2773 3173 3106 3232 synagogom
3155 3158 3448 3247 cepimus,
3499 3165 3562 3215 et

248 3248 399 3306 unde.
424 3249 866 3322 introspiceretn,
900 3252 1106 3326 reperi,
1157 3262 1216 3309 et
1243 3254 1352 3309 vidi
1400 3253 1706 3323 monachos
1736 3253 1847 3310 illic
1873 3239 1921 3304 C
1953 3252 2218 3327 hymnum
2242 3254 2462 3311 Christo
2489 3268 2591 3326 per
2621 3256 2853 3325 plateam
2882 3270 2950 3310 ex
2979 3239 3560 3312 multitudineltetitim

247 3345 388 3401 mira
434 3347 706 3403 suavitate
736 3347 1073 3418 psallentes:
1103 3349 1280 3418 major
1331 3348 1470 3405 mihi
1502 3365 1672 3421 pavor
1697 3348 1846 3405 illico
1953 3347 2286 3404 canebamus
2328 3365 2345 3406 :
2399 3349 2643 3419 psalmus
2687 3351 2892 3415 autem,
2923 3349 3015 3419 qui
3048 3347 3182 3404 mira
3209 3346 3562 3420 iucunditate

247 3438 505 3510 adjectus
519 3451 638 3507 est;
667 3451 722 3498 et
747 3441 858 3498 nisi
888 3441 943 3498 in
969 3441 1255 3515 cujusdam
1288 3448 1510 3500 nomine
1542 3444 1734 3504 Ruben
1764 3448 1848 3501 in-

244 3540 470 3607 gressus
497 3533 724 3593 luissem
754 3535 1000 3607 domum,
1031 3546 1089 3596 et
1113 3539 1240 3596 inde
1264 3539 1330 3596 ad
1359 3550 1592 3596 matrem
1624 3540 1845 3611 prepin-

248 3645 414 3700 quam
436 3645 602 3690 cursu
633 3633 902 3706 praecipiti
929 3635 1338 3703 eonvolsssem,
1365 3641 1712 3708 nequaquam
1745 3650 1846 3690 cu-

195 3775 204 3780 .
245 3736 364 3778 ram
395 3723 664 3781 mortiferi
690 3727 926 3783 terroris
952 3727 1272 3784 evasissem.
1303 3725 1400 3783 llla
1421 3745 1515 3784 "me
1537 3728 1846 3785 exanimem

242 3817 370 3875 sinu
401 3833 504 3876 suo
533 3819 856 3886 conferens.
887 3836 917 3876 a
949 3822 1273 3879 discriminc
1311 3826 1522 3895 pariter
1546 3832 1604 3880 et
1632 3838 1661 3878 a
1697 3833 1844 3880 metu

242 3912 472 3982 eripuit.
510 3913 624 3970 Hoc
646 3915 769 3986 ejus
795 3917 1070 3972 somnium
1099 3917 1260 3974 valde
1287 3917 1495 3973 clarum
1527 3928 1635 3984 est,
1661 3928 1718 3975 et
1764 3920 1846 3974 in-

246 4010 644 4079 terpretatione
675 4024 785 4066 non
820 4010 1048 4082 indiget.
1081 4010 1216 4083 Quis
1263 4011 1412 4068 enim
1460 4015 1569 4078 leo,
1602 4013 1708 4068 nisi
1752 4015 1845 4069 ille

193 4149 204 4161 ..
249 4101 321 4158 de
351 4103 494 4159 tribu
519 4103 658 4159 Juda
687 4104 847 4160 radix
880 4104 1046 4161 David
1071 4103 1269 4178 (Apoc.
1298 4121 1334 4161 v
1354 4105 1410 4179 )?
1439 4109 1575 4175 Quae
1616 4108 1843 4178 propin-

243 4197 349 4266 qua
391 4195 509 4264 illa,
541 4195 646 4252 nisi
669 4196 739 4253 de
778 4212 885 4268 qua
917 4198 1184 4272 scriptum
1213 4211 1295 4256 est
1327 4217 1343 4256 :
1372 4198 1491 4257 Una
1512 4211 1600 4256 est
1625 4203 1848 4272 propin-

1951 3442 2118 3497 etiam
2149 3456 2180 3496 a
2210 3433 2535 3498 .ludteorum‘
2548 3443 2770 3515 populis
2794 3442 3221 3511 decantabat'ur,
3277 3444 3375 3511 hic,
3408 3441 3512 3500 fuit
3535 3460 3556 3500 ι

1950 3531 2121 3590 Periit
2160 3537 2419 3592 memoria
2467 3551 2657 3604 eorum
2703 3553 2830 3594 cum
2881 3521 3142 3609 strepitu,
3190 3547 3246 3594 et
3289 3537 3560 3595 Dominus

1949 3628 2004 3684 in
2036 3639 2300 3686 aeternum
2339 3632 2784 3706 permanet'(Ps.
2813 3633 2924 3704 is).
2975 3633 3086 3691 Sed
3132 3639 3426 3705 antequam
3483 3615 3558 3693 ad

1949 3737 2282 3795 synagogam
2312 3715 2750 3797 perveniremus,
2781 3727 3031 3800 qumdam
3061 3728 3264 3785 iudica:
3294 3729 3560 3789 mulieres

1951 3816 2335 3892 (ordinatione
2363 3819 2530 3876 credo
2557 3819 2682 3892 Dei)
2707 3820 3008 3899 audaciam
3047 3812 3468 3894 praesumentes,
3495 3834 3559 3880 ut

1948 3911 2160 3968 scilicet
2193 3920 2504 3969 nostrorum
2535 3914 2737 3971 lenitas
2762 3915 3112 3985 inuitaretur,
3139 3915 3345 3987 lapides
3369 3915 3426 3972 in
3451 3931 3558 3974 nos

1948 4015 2016 4061 ex
2047 4006 2324 4077 superiori
2355 4007 2474 4064 loco
2497 3991 2940 4064 immanissimas
2959 4010 3172 4081 jactare
3212 4017 3500 4083 cmperunt
3535 4028 3552 4066 :

1948 4103 2038 4172 qui
2070 4101 2295 4174 (mirum
2330 4101 2501 4175 dictu)
2533 4118 2656 4160 cum
2679 4118 2846 4176 super
2873 4103 3339 4161 confertissimam
3368 4104 3558 4161 multi-

1950 4194 2218 4262 tudine‘m,
2241 4195 2522 4277 grandinis
2550 4198 2744 4264 instar,
2778 4199 3210 4268 descenderent,
3265 4200 3554 4258 neminem

198 4343 205 4351 _
240 4292 348 4364 qua
377 4307 496 4349 mea
536 4290 728 4365 (Cm.
759 4293 885 4366 vi)?
935 4293 1071 4350 Illud
1116 4310 1256 4371 ergo
1307 4296 1488 4352 solum
1541 4297 1841 4353 videbatur
1909 4297 2256 4346 «nostrorum
2282 4307 2388 4346 non
2410 4293 2587 4349 solum
2609 4291 2741 4359 ictu,
2770 4292 2866 4350 sed
2887 4302 3120 4351 netactu
3139 4285 3558 4365 quidemvexaé

242 4383 563 4454 obscurum,
606 4385 751 4458 quod
797 4387 852 4443 in
897 4383 1121 4443 domum
1152 4385 1346 4444 Ruben
1371 4387 1572 4456 Judai,
1612 4403 1644 4444 ο
1681 4390 1842 4448 leone
1943 4397 2096 4442 vere.
2133 4385 2230 4442 Hic
2251 4389 2534 4459 agnissuis
2563 4388 2758 4445 leoille
2787 4387 3049 4445 terribilis
3070 4388 3554 4449 mansuetudinem

238 4492 363 4534 eum
395 4488 724 4550 terreretur,
757 4481 1044 4553 ingressus
1068 4493 1154 4540 est
1184 4499 1201 4538 :
1228 4483 1375 4553 quod
1412 4485 1632 4555 quidem
1680 4487 1841 4542 nobis
1943 4479 2223 4552 paululum
2267 4484 2493 4541 abstulit
2519 4503 2535 4542 :
2562 4500 2754 4544 omnes
2781 4486 3086 4557 siquidem,
3117 4485 3556 4545 reclamantibus

241 4573 593 4644 postmodum
620 4575 690 4631 ab
711 4573 836 4646 ipso
871 4575 1054 4644 leone,
1095 4576 1191 4647 qui
1218 4575 1436 4643 terruit,
1481 4588 1542 4633 ut
1571 4579 1834 4647 salvarct,
1875 4648 1904 4653 _
1934 4576 2125 4645 nobis,
2169 4592 2298 4633 saxa
2339 4573 2662 4651 corripiunt,
2715 4589 2772 4636 et
2824 4579 3071 4651 pastoris
3114 4571 3558 4653 commonitione

239 4667 652 4728 evidentissime
691 4669 1000 4740 espositum
1045 4679 1130 4729 est
1162 4687 1178 4726 :
1206 4671 1352 4742 quod
1379 4669 1587 4728 deliine
1612 4687 1712 4728 suo
1745 4648 1925 4729 (εχ-’1)
1949 4671 2279 4744 posthabita,
2318 4650 2442 4729 cum
2475 4648 2641 4728 unum
2691 4648 2876 4745 potius
2899 4673 3193 4730 consilium
3221 4674 3440 4730 cunctis

235 4764 570 4837 plicabimus
623 4767 767 4824 loco.
813 4766 969 4825 Nunc
1019 4775 1204 4826 autem
1252 4777 1446 4840 emptas
1479 4771 1556 4828 rei
1589 4769 1838 4828 ordinem
1942 4768 2030 4824 lus
2053 4768 2235 4839 potius
2265 4768 2468 4824 Christi
2492 4783 2654 4839 quam
2683 4770 2762 4824 ira
2811 4775 3152 4841 suggereret,
3179 4767 3554 4840 lupos‘oor'ui-

239 4871 571 4930 prosequar.
1676 4889 1680 4900 ε
1749 4883 1752 4886 ~
1921 4861 2051 4929 _bus
2094 4861 2435 4932 impetendos
2481 4871 2859 4927 censuerunt;
2904 4862 3162 4932 quamvis
3214 4863 3317 4917 hoc
3363 4857 3548 4935 illius,

312 4951 389 5008 Es
419 4951 799 5012 lammoncnsi
823 4957 1048 5012 civitate
1070 4956 1138 5013 ad
1171 4957 1568 5027 profectionem
1603 4955 1838 5013 famulo-
1940 4955 2036 5028 qui
2079 4957 2230 5013 solus
2261 4956 2439 5012 bonus
2483 4966 2671 5028 pastor
2699 4966 2810 5024 est,
2833 4967 2972 5014 nutu
2995 4952 3200 5013 factum
3221 4969 3375 5030 esse,
3405 4957 3549 5017 nulli

236 5057 359 5103 rum
389 5044 592 5104 Christi
623 5050 916 5106 multitudo
943 5053 1224 5119 convenit,
1253 5066 1378 5124 qua
1409 5052 1462 5107 in
1492 5053 1614 5118 ipso
1633 5049 1838 5123 oppido
1941 5049 2166 5107 dubium
2218 5050 2311 5109 sit.
2347 5050 2594 5122 Denique
2641 5065 2708 5108 ne
2738 5060 3022 5107 cruentam
3056 5053 3337 5124 gregl‘suo
3377 5051 3552 5110 vide".

239 5141 537 5213 putabatur
575 5145 1219 5217 consisterenantaque
1263 5147 1574 5204 dilticillimi
1618 5149 1838 5205 itineris
1937 5156 2090 5204 retur
2141 5138 2487 5218 praestitisse
2518 5148 2826 5214 victoriam,
2894 5150 3064 5204 nemo
3110 5146 3425 5222 Judieorum
3481 5161 3550 5205 se

194 5282 200 5288 ι
235 5235 486 5295 laborem
526 5239 814 5298 alacritate
840 5239 1103 5318 confecit,
1147 5251 1204 5297 ιιι
1246 5243 1471 5315 triginta
1497 5244 1664 5301 millia
1695 5259 1822 5316 pas-
1933 5248 2251 5300 contactum
2277 5244 2472 5298 saltem
2499 5240 2689 5308 fuisse,
2717 5256 2788 5298 ne
2814 5254 2916 5313 pro
2939 5240 3141 5322 invidia
3189 5243 3409 5314 quidem
3441 5239 3552 5312 (ut

236 5343 397 5388 suum
420 5332 717 5403 jucundius
749 5336 1137 5404 transvolant,
1171 5352 1334 5408 quam
1365 5337 1415 5393 si
1459 5339 1524 5393 ad
1559 5338 1831 5396 suburba-
1937 5349 2058 5392 mos
2095 5333 2202 5408 est)
2249 5335 2553 5391 simulavit.
2588 5333 2735 5392 Sane
2763 5336 3028 5406 quoniam
3065 5334 3410 5391 omnimodis
3443 5333 3550 5391 de—

235 5439 369 5482 num
409 5425 630 5500 aliquod
680 5432 1118 5488 amoenissimum
1148 5431 1218 5488 ad
1257 5434 1509 5491 convivia
1558 5435 1834 5505 epulaturi
1937 5421 2131 5488 bemus
2174 5431 2351 5486 vitare
2381 5426 2751 5498 mendacium,
2779 5443 2921 5484 unus
2964 5441 3033 5484 ex
3072 5429 3220 5484 omni
3272 5424 3544 5484 Christia-

229 5535 581 5580 vocarentur.
602 5521 770 5596 igitur
788 5524 1071 5598 lagonam
1088 5528 1452 5598 pervenimus.
1478 5527 1674 5586 Statim
1699 5543 1827 5602 ego,
1936 5541 2131 5596 norum
2157 5526 2670 5606 tiumero‘inventus
2693 5531 2801 5591 est,
2824 5524 2916 5594 qui
2946 5522 3087 5579 cum
3104 5519 3314 5578 Aeliam
3338 5517 3544 5590 (Iosue

233 5610 420 5672 missis
462 5617 711 5686 clericis,
742 5619 1040 5676 adventum
1092 5637 1275 5679 meum
1318 5622 1526 5679 Judaeis
1557 5623 1828 5688 uutttiavi,
1910 5605 2388 5693 "vulgillisimilis
2428 5631 2551 5675 esse
2600 5617 2793 5682 vellet,
2846 5617 3069 5690 qui'snb
3109 5617 3242 5672 Jesu
3289 5613 3441 5672 Nave
3471 5613 3546 5672 de

231 5719 294 5769 et
314 5721 375 5767 ut
405 5711 712 5772 Ecclesiam
738 5725 988 5773 sanctam
1012 5717 1278 5775 accedere
1305 5717 1692 5790 dignarentur,
1733 5732 1833 5790 po-
1934 5705 2290 5781 ana‘ibeniale
2304 5713 2492 5786 spolia
2522 5712 2846 5784 concupivit
2877 5730 2914 5768 .:
2947 5722 3075 5767 nam
3111 5702 3312 5767 servus
3356 5709 3550 5781 cujus-

187 5851 206 5875 ,
232 5791 418 5875 posci:
464 5806 546 5864 Illi
606 5817 790 5865 autem
837 5810 1178 5882 inopinatum
1225 5812 1407 5870 nabis
1438 5813 1691 5874 nuntium
1743 5830 1832 5882 re-
1903 5799 2060 5872 Ceam
2083 5813 2407 5881 Christiani,
2433 5809 2610 5877 solus,
2633 5809 2769 5866 :dum
2797 5809 3006 5884 aliquid
3035 5811 3066 5863 a‘
3097 5803 3377 5883 synagoga
3403 5797 3552 5863 diri-

228 5897 534 5967 mittentes;
563 5896 1321 5972 'ﬁandaveruitts"‘eeelesiam
1338 5906 1451 5964 sibi
1479 5903 1826 5980 (sciendo,

1947 5901 2066 5976 fere
2093 5901 2458 5976 concupiscit,
2513 5903 2572 5959 in
2601 5888 3241 5975 remus
3261 5889 3548 5974 ‘lu'g'itﬁ'lt‘s
