1948 3111
156 156 207 188 737

779 159 948 189 EPlSTOLA
966 159 1014 189 DE
1032 158 1177 189 ιυοέιιε.

1734 154 1825 190 ’πε

161 216 275 250 Quidam
297 224 375 246 vero‘
393 222 564 252 nostrorum,
590 218 667 254 quasi
681 218 813 247 adversus
830 219 967 253 Judaeum,
982 221 1008 251 Α
1023 217 1128 247 fecisii?
1144 218 1200 246 Viri
1220 221 1324 251 autem,
1346 217 1391 246 alii
1413 216 1446 245 ad
1459 217 1552 247 devios
1567 218 1652 247 saltus
1673 221 1701 247 et
1722 217 1823 247 ﬂxuras

165 265 281 300 lapidem
298 266 400 302 injecit
415 276 421 294 :
436 267 483 303 qui
505 266 587 302 capiti
611 266 671 302 ejus
690 265 791 302 illisus,
818 271 848 295 ut
871 267 969 302 capitis

167 312 218 345 sui,
240 313 266 341 id
286 318 341 346 est.
369 313 485 348 Christi,
509 314 692 347 meminisset,
711 313 970 350 admonuit:qu

167 361 280 395 vulnus,
296 360 365 389 licet
375 361 558 397 periculosum
576 369 630 389 non
645 359 738 396 fuerit,
755 365 845 389 tamen
857 365 885 388 et
894 359 970 387 illum

165 409 269 443 rapinae
283 415 341 436 suae
362 408 491 436 confiteri
505 408 757 444 concupiscentiam
771 406 907 443 compulit
920 416 927 434 :
943 412 971 435 et

162 460 292 490 cunctos,
316 463 352 485 ne
373 456 502 485 similiter
528 455 697 489 laberentur,
719 455 851 491 prasenti
874 446 995 483 terruit?

165 503 281 532 ultione.

203 550 288 586 Igitur
299 555 444 587 postquam
460 550 562 579 luds-is
575 550 748 583 cedentibus,
764 556 903 586 synagoga
923 555 974 584 po-

167 598 323 633 titisumus,
337 599 428 627 nullus
443 607 475 627 ex
485 605 516 627 ea
528 599 681 635 quicquam,
697 606 749 626 non
764 598 837 631 dico,
849 595 971 629 abstulit,

167 645 217 674 sed
239 653 289 674 nec
308 645 440 682 cogitavit
452 645 572 681 diripere
589 654 600 674 :
620 645 711 685 omnia
726 644 786 680 ejus
799 647 972 677 ornamenta,

163 692 290 728 exceptis
305 693 383 721 libris
400 697 482 728 atque
494 690 620 729 argento,
635 701 697 721 cum
712 692 772 727 ipso
786 691 890 728 pariete
904 689 973 726 ignis

165 739 338 775 absumpsit:
352 739 437 768 libros
456 737 566 768 sanctos
580 747 614 767 ue
630 739 702 775 apud
716 738 826 767 Judmos
846 736 974 773 injuriam

167 790 338 824 paterentur,
364 786 548 815 sustulimus:
568 790 710 823 argentum
725 793 804 818 vero,
820 792 854 813 ne
873 784 917 812 vel
939 784 974 812 de

167 834 260 875 prada
272 837 377 868 nostra,
387 833 429 862 vel
441 833 475 862 de
485 841 535 861 suo
543 832 688 868 dispendio
701 834 895 868 quererentur,
907 829 974 866 ipsis

167 880 346 909 reddidimus.
374 880 476 917 Eversa
499 881 602 917 itaque,
624 879 731 908 cunctis
743 876 844 919 Iudaeis
861 883 975 914 stupen-

1022 266 1154 299 moutium
1168 265 1317 302 confugere
1326 274 1333 293 :
1343 264 1390 294 alii
1398 272 1448 300 per
1462 265 1547 301 ipsius
1558 265 1654 303 oppidi
1666 266 1824 302 angiportu:

1021 314 1224 348 discurrebant,
1241 313 1330 342 locum
1343 312 1380 342 -in
1396 320 1451 349 quo
1472 313 1677 348 delitescerent,
1696 313 1824 343 invenire

1021 362 1174 398 cupientes.
1677 381 1682 385 .

1059 409 1119 444 Ipse
1138 408 1300 437 Theodorus
1314 412 1429 445 stupore
1451 408 1605 444 perculsus,
1619 409 1740 437 diuinam
1762 416 1825 437 seno

1022 456 1135 484 tentiam
1153 455 1178 483 iu
1195 456 1274 492 plebe
1289 456 1606 492 suacernebatimpleri.
1619 456 1700 493 Fugit
1711 456 1823 493 impius,
1850 472 1852 475 τ

1024 504 1132 532 nemine
1155 509 1336 541 persequente
1357 503 1450 538 (Pi-ou.
1467 504 1576 538 xxviii);
1592 506 1640 533 sed
1662 508 1753 534 tamen
1771 511 1826 544 non

1023 551 1150 579 nemine:
1167 543 1385 587 persequebatur
1402 550 1476 579 enim
1487 559 1539 580 ses
1550 551 1597 587 ille
1617 551 1661 579 leo
1683 551 1826 586 terribilis,

1024 598 1071 634 qui
1084 597 1118 625 de
1137 604 1283 634 synagogas
1301 597 1362 626 loco
1378 597 1464 635 (sicut
1481 593 1627 638 5liheodoro
1643 598 1732 626 fuerat
1750 605 1829 627 reve-

1023 643 1120 680 latum)
1140 651 1188 679 per
1200 638 1357 678 monachos
1372 644 1491 679 rugitum
1508 644 1650 678 emiserat,
1671 653 1726 680 quo
1746 644 1829 673 resis-

1024 695 1114 720 tentes
1130 691 1281 720 tremefecit
1298 691 1435 720 inimicos.
1456 692 1555 721 Stabat
1571 692 1653 729 igitur
1667 691 1830 720 Theodorus

1009 748 1012 751 ·
1025 739 1052 768 in
1066 740 1125 768 loco
1139 747 1252 774 prorsus
1266 739 1375 772 eodem,
1388 747 1444 776 quo
1459 740 1483 768 ei
1499 740 1604 774 pridem
1627 748 1676 775 per
1690 740 1829 769 nomium

1025 791 1115 815 terror
1130 787 1219 815 fuerat
1233 786 1322 815 leonis
1346 788 1478 822 injectus:
1497 793 1523 816 et
1539 796 1602 823 cum
1613 784 1726 816 causam
1745 792 1830 817 tanta:

1026 834 1216 870 trepidationis
1232 835 1395 876 inquireret,
1410 840 1438 863 et
1449 842 1549 864 nomen
1560 835 1733 864 solummodo
1743 834 1832 864 nostri

1027 880 1116 910 leonis
1131 881 1252 916 audiret,
1268 882 1371 910 nullam
1387 882 1443 910 illic
1464 882 1548 918 (sicut
1566 882 1719 918 ferebatur)
1735 882 1831 912 ferita-

168 927 251 962 tibus,
271 934 419 964 synagoga.
443 927 477 955 ad
497 927 643 955 eccleSiam
666 933 729 954 cum
750 925 857 961 hymnis
878 931 973 960 Perre-
987 922 1012 953 Β
1025 934 1080 957 tcm
1094 929 1200 961 videns.
1214 934 1319 958 tantum
1329 929 1481 963 psallentes
1490 930 1642 958 monachos
1654 929 1832 964 intuebatur;

168 974 316 1007 ximusaet
329 974 436 1003 auctori
449 974 569 1002 victoriae
581 974 684 1002 nost'ne
695 972 797 1009 gratias
810 973 971 1004 referentes.

145 1015 149 1017 ’
168 1015 411 1062 ell'usisprecibus
430 1021 610 1057 poscebamus
625 1025 656 1049 ut
671 1027 736 1049 vera
755 1019 875 1055 perfidiae
894 1023 973 1047 antra

167 1068 302 1098 Dominus
331 1074 511 1104 expugnaret,
537 1074 565 1096 et
593 1067 804 1101 tenebrosorum
832 1070 972 1102 pectorum

166 1115 318 1146 inﬁdelitas
332 1120 527 1152 coargueretur
537 1123 552 1143 a
568 1115 681 1143 lumine.

208 1163 303 1192 Ruben
318 1162 430 1198 quidam
444 1161 556 1191 Judaeus
566 1170 582 1190 a
595 1162 723 1195 Domino,
736 1165 766 1190 ut
777 1160 976 1197 primogenitus

170 1210 294 1240 omnium
317 1211 541 1245 constitueretur,
558 1215 599 1237 est
614 1211 718 1238 electus
730 1206 743 1237 ἐ
770 1217 833 1236 nam
856 1201 976 1236 clamore

170 1258 346 1289 sanctissimo
364 1258 506 1286 laetillcans
520 1257 602 1286 corda
623 1257 782 1292 multorum,
797 1256 902 1284 absolvi
915 1262 946 1284 se
960 1263 977 1282 a

171 1305 287 1334 vinculis
297 1304 417 1333 Iudaica:
429 1304 630 1344 superstitionis
643 1303 843 1339 deprecabatur
850 1312 860 1344 :_
873 1302 978 1342 statim-

171 1361 228 1390 que
242 1352 396 1389 primitivus
408 1342 492 1381 Jacob
509 1351 607 1387 factus,
628 1351 734 1388 signum
751 1342 980 1379 salutaresnsce-

173 1401 232 1438 pit;
255 1407 282 1430 et
303 1401 368 1429 inde
382 1401 483 1428 nostris
504 1399 635 1428 lateribus
653 1405 736 1439 atque
748 1398 870 1426 consiliis
891 1397 979 1425 iulia:-

173 1447 511 1483 rcns,obstinatissimam
524 1441 684 1475 educturum
699 1445 826 1473 duritiem
838 1443 978 1472 nobiscum

172 1493 312 1530 increpat.
325 1494 458 1522 Triduum
480 1493 522 1529 (ni
538 1486 627 1529 fallor)
648 1498 789 1520 emensum
803 1496 857 1524 est,
872 1498 908 1518 ex
926 1498 980 1526 quo

174 1542 300 1583 nostriin
324 1541 459 1575 oratione,
481 1545 509 1569 et
522 1540 612 1569 Juda-i
639 1535 801 1576 in'perlidia
827 1538 980 1574 perstitere.

175 1589 243 1618 Post
253 1589 314 1617 hac
329 1588 401 1617 venit
415 1587 589 1622 Theodorus,
604 1586 790 1615 multitudinis
802 1593 859 1613 sum
874 1585 982 1621 agmine

1025 981 1053 1005 et
1076 978 1112 1006 ab
1130 977 1206 1005 omni
1229 984 1341 1006 suorum
1366 977 1725 1017 multitudineeglestitutus,
1748 983 1832 1014 atque

1025 1024 1097 1053 elabi
1111 1033 1223 1060 parans,
1240 1025 1322 1053 etiam
1338 1025 1397 1060 ipse
1412 1025 1514 1060 pedum
1623 1024 1809 1061 prospiciebat
1823 1035 1832 1055 :

1026 1079 1107 1108 quem
1123 1079 1186 1100 cum
1214 1071 1339 1100 horribili
1362 1071 1511 1100 formidine
1535 1071 1751 1109 apprehensum,
1777 1080 1832 1101 non

1026 1118 1116 1146 solum
1131 1117 1227 1146 colore
1242 1117 1332 1146 vultus
1343 1139 1351 1152 ,
1370 1125 1467 1152 verum
1485 1118 1570 1146 etiam
1586 1118 1663 1147 vocis
1678 1117 1770 1147 officio
1783 1118 1833 1147 de-

1028 1165 1150 1193 stitutum
1169 1165 1265 1193 ltuben
1278 1165 1323 1193 ille
1332 1165 1524 1193 sanctissimus
1533 1165 1703 1200 aspexisset,
1715 1171 1835 1201 propere

1027 1211 1144 1244 accedit,
1160 1216 1188 1239 et
1208 1216 1371 1239 trementem
1388 1211 1490 1247 blando
1502 1219 1629 1240 sermone
1649 1210 1832 1248 compellans,

1029 1258 1062 1286 ad
1074 1258 1178 1286 Christi
1192 1258 1272 1286 fidem
1285 1255 1499 1298 cohortabatur;
1512 1264 1596 1295 atque
1607 1258 1734 1294 ingerens
1746 1258 1770 1286 ei
1786 1265 1835 1293 pro

1029 1305 1161 1342 suffragio
1176 1311 1267 1335 metus
1285 1313 1344 1334 suae
1356 1300 1716 1345 credulitatisnpmplum.
1735 1306 1836 1335 domus

1030 1353 1133 1389 figurae,
1159 1353 1193 1381 ad
1219 1361 1300 1389 quam
1324 1361 1426 1390 pavore
1452 1353 1541 1382 leonis
1565 1353 1743 1390 coufngeret,
1758 1361 1838 1389 quo-

1030 1400 1180 1429 dammodo
1193 1401 1355 1429 satisfacere
1369 1401 1527 1430 videbatur.

1068 1447 1181 1481 Verum.
1208 1451 1239 1475 ut
1263 1452 1292 1476 et
1314 1455 1365 1475 nos
1381 1442 1501 1476 ﬁdeliter
1522 1447 1652 1476 universa
1672 1454 1834 1482 narremus,

1032 1498 1062 1523 et
1085 1502 1146 1529 vos,
1172 1494 1218 1530 qui
1245 1501 1301 1522 non
1323 1494 1427 1530 eloquii
1453 1497 1594 1528 ornatum,
1621 1494 1671 1523 sed
1690 1494 1837 1522 veritatem

1033 1542 1168 1578 qumritis,
1184 1540 1315 1569 libentius
1328 1541 1446 1581 audiatis
1461 1549 1468 1567 ε
1482 1541 1568 1576 ipsius
1582 1539 1678 1572 Ruben
1694 1539 1778 1569 verba
1793 1541 1837 1569 in-

1035 1589 1136 1621 ferens,
1154 1587 1222 1616 nihil
1243 1596 1279 1616 ex
1301 1586 1481 1623 simplicitate
1500 1588 1638 1617 dictorum
1653 1587 1713 1623 ejus
1731 1588 1840 1616 subtra-

175 1633 390 1672 circumseptus,
413 1635 446 1663 ad
470 1635 572 1668 locum,
592 1634 619 1662 in
639 1642 693 1670 quo
713 1634 763 1662 soli
776 1641 922 1670 synagoga
935 1640 982 1668 pa-
995 1623 1019 1655 ε
1036 1636 1109 1667 ham.
1123 1635 1223 1663 Aiebat
1238 1636 1311 1663 enim
1328 1643 1335 1662 :
1353 1635 1423 1669 Quid
1440 1635 1531 1666 times,
1548 1633 1661 1662 domine
1675 1633 1840 1662 Theodore?

176 1683 261 1713 rietes
277 1684 335 1720 (qui
349 1689 410 1719 post
428 1684 486 1711 haec
509 1683 685 1711 credentibus
708 1682 810 1711 .lndmis
832 1686 896 1710 sunt
918 1681 983 1710 sub-

177 1730 265 1767 versi)
279 1738 429 1767 superesse
448 1730 623 1759 videbantur:
642 1730 674 1758 ad
696 1738 776 1764 quem
790 1729 878 1757 locum
889 1728 983 1756 Chris-

177 1777 317 1806 tianorum
334 1778 437 1813 pariter
453 1777 598 1805 multitudo
614 1777 751 1805 convenit.
769 1777 809 1804 lbi
821 1775 983 1804 Theodorus

175 1815 388 1861 cumlaudacter
400 1823 436 1851 de
451 1823 511 1858 lege
524 1823 674 1858 disserens,
689 1824 779 1851 omnia
794 1830 855 1858 qua:
868 1822 982 1857 objicie-

177 1868 297 1905 bantur,
308 1865 436 1899 irrideret
454 1875 535 1906 atque
555 1875 744 1906 perverteret:
760 1869 876 1906 populus
890 1869 985 1897 Chris-

178 1917 269 1957 tianus
285 1917 382 1945 videns
396 1918 468 1953 quod
494 1917 584 1945 verbis
604 1918 730 1952 superari
748 1924 802 1945 neu
820 1921 913 1952 posset
930 1916 983 1944 litt-

297 1963 429 2007 adsilium
443 1963 477 1991 de
492 1963 563 1992 (mlo
583 1963 747 1999 imploravit.
771 1963 873 1991 Omnes
893 1963 985 1998 itaque

178 2011 298 2050 porite'ea‘
308 2011 470 2047 clamantes,
488 2019 551 2040 cum
564 2019 673 2048 summo
684 2011 772 2045 unita:
787 2011 864 2050 vocis
880 2011 986 2046 fragore

178 2051 308 2096 dixerunt
319 2067 328 2087 :
340 2058 495 2092 Theodere,
510 2058 592 2087 crede
607 2058 634 2086 in
645 2057 800 2092 Christum.
817 2057 882 2086 Mira
896 2056 986 2085 indul-

178 2105 333 2143 gentissimi
348 2105 456 2134 Domini
478 2098 678 2138 misericordia,
703 2104 792 2132 adhuc
806 2112 888 2140 parva
909 2109 985 2139 pete-

180 2147 294 2187 bantur,
319 2157 346 2181 et
370 2152 474 2189 majora
488 2156 673 2181 concesserat.
697 2151 783 2179 Immo
804 2159 857 2178 non
885 2151 985 2180 mirum

172 2207 226 2238 (est
250 2201 495 2240 deﬂemuipotente
519 2200 692 2229 miraculum.
715 2199 775 2235 Ipse
799 2198 900 2227 etenim
928 2199 995 2227 vir-'-

182 2244 413 2278 tutem'clamoris
427 2248 508 2284 hujus
523 2247 550 2275 in
565 2247 677 2275 auribus
690 2246 848 2275 Iudaeorum
863 2253 987 2274 commu-

183 2295 261 2335 tavit,
274 2295 323 2331 qui
341 2294 406 2324 olim
419 2293 522 2327 effecit,
537 2299 566 2322 ut
578 2298 694 2335 quatuor
705 2293 806 2328 lcprosi
819 2294 891 2329 regis
900 2292 986 2328 Syriis

1033 1683 1057 1711 si
1080 1682 1121 1710 vis
1140 1687 1216 1710 certe
1230 1688 1344 1710 securus
1359 1687 1387 1710 et
1410 1681 1562 1710 honoratus
1576 1686 1604 1710 et
1620 1682 1698 1710 dives
1721 1688 1796 1716 esse,
1811 1681 1840 1710 in

1033 1730 1174 1765 Christum
1191 1729 1285 1764 crede,
1307 1730 1377 1758 sicut
1390 1727 1418 1764 et
1430 1737 1482 1766 ego
1496 1729 1613 1757 credidi.
1629 1729 1713 1758 Modo
1726 1733 1754 1757 tu
1769 1734 1838 1764 stas,

1033 1781 1062 1805 et
1077 1785 1129 1814 ego
1146 1784 1208 1806 cum
1231 1776 1368 1812 episcopis
1381 1777 1483 1811 sedeo;
1498 1777 1522 1805 si
1538 1781 1565 1805 tu
1585 1776 1752 1811 credideris,
1769 1781 1802 1805 et
1812 1780 1840 1805 tu

1034 1823 1155 1857 sedebis,
1178 1827 1205 1851 et
1218 1830 1270 1860 ego
1285 1820 1358 1852 ante'
1367 1827 1394 1851 te
1405 1823 1497 1851 stabo.
1517 1822 1575 1851 Hos
1586 1830 1731 1852 sermones
1751 1822 1842 1852 Theo-

1035 1869 1122 1898 dorus
1144 1869 1212 1899 alia:
1225 1873 1318 1910 mente
1333 1869 1500 1909 suscipiens,
1515 1869 1551 1897 ad
1575 1877 1627 1898 nos
1648 1871 1689 1898 ait
1704 1879 1711 1897 :
1728 1869 1840 1899 Faciam

1035 1917 1109 1952 quod
1135 1916 1219 1944 vultis
1235 1925 1254 1956 t.
1269 1920 1362 1945 tenete
1385 1916 1499 1954 (inquit)
1523 1916 1736 1952 promissionem
1759 1916 1841 1946 hanc.

1035 1963 1090 1993 Sed
1121 1964 1274 2000 permittite
1307 1963 1392 1998 mihi,
1418 1967 1449 1991 ut
1473 1963 1550 1999 prius
1581 1964 1708 1999 alloquar
1733 1963 1841 2000 plebem

1036 2015 1184 2046 meam,.ut
1198 2010 1332 2051 majorem
1353 2008 1548 2039 conversionis
1563 2017 1633 2039 mea!
1644 2011 1729 2039 etiam
1742 2018 1777 2039 ex
1797 2019 1843 2040 re-

1035 2057 1118 2094 liquis
1134 2058 1237 2093 possint
1255 2057 1356 2086 babere
1379 2057 1545 2086 mercedem.
1568 2057 1631 2086 Hac
1644 2058 1705 2094 ejus
1728 2058 1842 2094 sponsio

1036 2112 1098 2134 cum
1111 2104 1323 2132 inexistimabili
1341 2110 1504 2132 cunctorum
1517 2104 1701 2133 exsultatione
1716 2109 1842 2141 suscepta

1037 2157 1080 2181 est
1096 2161 1103 2179 :
1120 2152 1168 2179 alii
1187 2153 1213 2179 in
1233 2159 1296 2180 eum
1319 2151 1476 2180 amabiliter
1489 2152 1638 2186 irruentes,
1662 2160 1694 2180 os
1716 2152 1802 2188 ipsius
1814 2156 1843 2181 et

1037 2200 1109 2228 colla
1123 2196 1296 2232 mulcebant;
1313 2198 1361 2227 alii
1384 2206 1445 2227 eum
1461 2198 1532 2226 ulnis
1550 2198 1680 2226 mollibus
1695 2199 1841 2234 amplecte-

1039 2243 1156 2280 bantur;
1170 2246 1217 2274 alii
1234 2249 1327 2274 autem
1342 2245 1485 2274 desierant
1499 2246 1623 2274 dexterae
1636 2246 1799 2283 adjungcre,
1815 2251 1844 2275 et

1038 2286 1195 2322 sermonem
1211 2300 1361 2321 conserere
1373 2292 1541 2329 gestiebant.

251 2327 318 2380 Reg.
337 2343 403 2378 vn),
418 2341 465 2378 qui
476 2327 798 2375 Samariam-obsederat,
813 2327 911 2368 castris
921 2327 1027 2375 poti-D
1076 2341 1203 2369 Perrexit
1217 2341 1300 2377 igitur
1318 2327 1482 2369 Theodorus
1501 2340 1537 2369 ad
1558 2339 1660 2368 atrium
1682 2347 1762 2368 suum
1775 2349 1844 2376 quo-

183 2396 302 2425 rentur,
319 2393 348 2425 et
366 2388 420 2425 .qui
441 2395 490 2424 per
512 2387 623 2417 Gedeon
648 2387 854 2417 Madiauitarum
879 2386 986 2423 aguiina

184 2426 370 2470 conturbavit,
385 2428 514 2470 deditque
537 2433 667 2463 trecentis
690 2434 749 2470 ejus
763 2434 829 2462 viris
848 2434 985 2469 ingentem

184 2484 243 2512 sine
264 2483 361 2512 labore
375 2482 515 2511 victoriam
529 2481 607 2518 (Iud.
625 2482 683 2518 vn),
700 2481 822 2510 efﬁciens
838 2489 885 2516 per
900 2486 987 2509 terro-

187 2537 255 2564 rem,
272 2535 303 2557 ut
312 2526 416 2558 mutuis
434 2528 558 2565 hostium
581 2528 725 2557 multitudo
753 2529 908 2556 vulneribus
925 2534 986 2564 pro-

186 2574 372 2610 “emeretur;
387 2576 431 2611 ita
440 2581 468 2605 et
487 2584 560 2605 nunc
575 2576 625 2604 ista
646 2584 698 2604 vox
719 2576 800 2611 longe
815 2576 893 2603 aliter
906 2585 920 2602 a
935 2576 991 2603 cir-

187 2624 388 2653 cumstantibus
410 2623 514 2652 ludatis
535 2630 663 2659 suscepta
678 2626 729 2656 est,
753 2631 834 2658 quam
855 2630 870 2650 a
892 2622 992 2650 imstris

186 2666 422 2701 immittebatur':
449 2679 545 2700 omnes
565 2671 638 2700 enim
670 2675 836 2707 putaverunt
863 2670 965 2698 dictum
984 2666 1005 2697 ι’

187 2717 350 2748 Theodorus
372 2719 499 2747 credidit.
526 2718 619 2755 Itaque
632 2717 822 2746 existimantes
844 2717 992 2752 principem

187 2766 309 2802 perfidia:
333 2773 391 2794 sua
415 2766 449 2793 ad
472 2765 576 2793 Christi
603 2765 684 2793 fidem
709 2764 792 2792 fuisse
814 2770 992 2796 conversum;

187 2814 278 2842 cuncti
300 2813 404 2849 pariter
429 2813 534 2847 trepidi,
558 2812 602 2839 ubi
628 2812 708 2839 timor
730 2818 783 2838 non
809 2815 878 2844 erat,
910 2815 996 2838 terre.

187 2860 313 2889 bantur:
335 2860 466 2889 mulieres
487 2868 594 2894 eorum,
620 2860 723 2896 sparsis
746 2859 880 2893 crinibus,
902 2865 997 2887 occur-

188 2913 283 2937 rentes
297 2915 360 2937 cum
379 2907 455 2936 ferali
472 2908 575 2935 ululatu
592 2914 692 2936 nomen
709 2905 857 2937 Theodori,
874 2905 998 2942 repetitis

188 2956 315 2994 "lini-
342 2956 664 2989 lambantrdicentea
687 2963 694 2982 :
719 2953 912 2989 OThcodure,
933 2954 997 2989 quid

91 3069 94 3072 “
117 3075 136 3099 3
154 3094 176 3099 ,,
192 3067 306 3096 6323;;

1040 2389 1108 2418 libet
1121 2388 1211 2416 ofﬁcio
1226 2393 1384 2418 nostrorum
1401 2388 1491 2422 laetus,
1516 2392 1607 2417 tamen
1630 2388 1769 2417 anxietate
1789 2396 1845 2418 non

1041 2437 1150 2473 penitus
1173 2444 1281 2465 carens.
1305 2436 1373 2464 Nam
1400 2436 1465 2465 licet
1491 2436 1519 2464 in
1543 2436 1655 2465 domum
1679 2436 1775 2466 Ruben
1795 2445 1846 2474 per

1040 2484 1250 2520 promissionem
1266 2491 1344 2511 suam
1362 2483 1418 2518 jam
1432 2483 1584 2519 veniretur,
1600 2483 1741 2519 ingressus
1753 2489 1844 2513 tamen

1041 2535 1069 2560 et
1081 2536 1145 2558 tunc
1161 2530 1286 2566 trepidus
1299 2535 1379 2565 erat,’
1392 2532 1456 2566 quia
1473 2530 1595 2559 nondum
1615 2531 1650 2559 ad
1664 2531 1846 2568 propinquam

1029 2582 1167 2617 (venerat,
1184 2584 1247 2613 quae
1267 2585 1330 2605 eum
1352 2582 1413 2612 post
1433 2576 1553 2605 triduum
1574 2582 1700 2607 materno
1724 2580 1847 2614 suscepit

1043 2624 1117 2659 sinu,
1127 2628 1157 2651 et
1166 2623 1201 2651 ab
1211 2624 1285 2652 omni
1295 2623 1503 2659 perturbatione
1513 2623 1707 2659 trepidationis
1717 2625 1846 2655 absolvit.

1044 2671 1100 2699 Nos
1115 2675 1206 2699 autem
1228 2670 1262 2698 ad
1276 2669 1423 2698 ecclesiam
1436 2677 1499 2698 cum
1515 2669 1625 2706 hymnis
1648 2678 1681 2699 ex
1697 2679 1774 2700 more
1787 2680 1849 2708 per-

1045 2718 1177 2746 reximus.
1202 2717 1367 2745 Benedictns
1377 2722 1422 2745 est
1435 2721 1515 2752 pater
1528 2717 1798 2753 misericordiarum,
1821 2724 1851 2748 et

1047 2766 1118 2794 Deus
1141 2766 1226 2793 totius
1250 2764 1458 2799 consolationis,
1480 2764 1526 2800 qui
1547 2764 1623 2793 dedit
1647 2766 1728 2800 capiti
1755 2770 1849 2796 nostro

1045 2820 1157 2848 aquam.
1180 2817 1207 2840 et
1231 2811 1318 2839 oculis
1345 2811 1448 2839 nostris
1471 2810 1576 2839 fontem
1600 2811 1795 2849 lacrytnaruin,
1821 2818 1853 2843 ut

1036 2859 1221 2901 plorat-emus
1229 2858 1388 2886 vulneratos
1396 2857 1490 2894 populi
1497 2859 1584 2887 nostri
1592 2858 1702 2895 (larem.
1711 2858 1810 2888 Thren.
1818 2859 1851 2898 ι).

1085 2906 1208 2935 Peractis
1238 2905 1388 2943 siquidem_
1400 2906 1564 2942 mysteriis,
1588 2906 1706 2935 ecclesia
1730 2908 1854 2944 egressi,

1050 2961 1106 2983 non
1120 2953 1261 2983 minimam
1276 2953 1302 2981 in
1317 2960 1461 2982 occursum
1475 2957 1602 2982 nostrum
1613 2952 1774 2985 Judtorum
1786 2955 1857 2987 nul.
