3896 6222
122 145 263 539 l
266 453 499 518 rfateri,
533 467 598 508 se
645 464 707 506 ea
732 450 787 519 iu

1358 325 1697 386 EPISTULA
1739 323 1831 383 DE
1870 318 2153 384 JUDAEIS.

3312 328 3419 388 ’1ιὲ

266 472 292 511 r
318 453 499 518 fateri,
533 467 598 508 se
645 464 707 506 ea
732 447 939 519 judicio
974 445 1068 500 Dei
1100 438 1250 515 justo
1273 442 1345 497 oh
1370 441 1717 494 incrt'dul'ttn-
1747 477 1757 498 ε

1864 456 1987 496 omo
2034 450 2219 497 nostra
2262 442 2541 514 religionis
2589 442 2771 513 hujus,
2810 458 2987 514 quam.
3019 452 3268 501 astruere
3314 464 3421 501 non

127 532 220 606 tein
268 547 504 616 perpeti.
559 543 730 614 Igitur
761 554 961 593 nomen
1008 534 1237 599 Christi,
1287 532 1436 605 quod
1484 544 1612 588 ante
1659 547 1718 588 se

129 644 255 697 ultro
297 642 561 710 ingerens
602 632 966 704 repellebant,
1002 627 1258 685 laceratis
1292 626 1398 696 iam
1446 626 1722 690 cruribus,

131 736 453 799 invocantes,
507 729 788 789 semitam,
831 741 953 793 qua:
997 739 1094 780 eos
1141 732 1333 778 contra
1390 721 1724 775 voluntatem

132 842 185 881 ac
214 825 556 893 propo~itutn
583 833 743 875 suum
773 816 841 871 ad
870 816 1128 886 oppidum
1160 813 1410 878 retraxit,
1444 812 1729 878 corripue-

134 927 270 973 runt:
303 915 401 971 sed
432 919 563 969 eum
596 910 665 965 ad
696 909 977 964 civitatem
1012 907 1164 962 inviti
1210 920 1273 960 ac
1301 903 1495 974 trepidi
1530 916 1731 973 perveni

135 1011 344 1072 sissent,
395 1005 673 1061 curiosius
716 1000 897 1056 omnia
952 1006 1396 1068 percunctantes,
1440 995 1735 1065 audierunt

135 1102 468 1158 Theodorum
518 1099 686 1154 etiam
728 1110 871 1150 nunc
914 1094 1163 1149 iudstzum
1195 1107 1345 1156 esse,
1388 1106 1489 1146 nec
1540 1090 1755 1152 ullam,‘

137 1198 267 1251 sicut
317 1192 793 1254 existimaverunt,
852 1187 1035 1258 populi
1090 1185 1387 1241 Christiani
1438 1181 1736 1253 pertulisse

138 1285 452 1341 violentiam.
486 1283 790 1350 Stupentes
828 1287 1035 1344 autem,
1066 1289 1115 1334 et
1150 1278 1294 1347 quod
1346 1277 1477 1346 ipsis
1521 1274 1737 1331 accide-

141 1386 233 1442 rat,
261 1392 369 1431 non
418 1374 739 1441 credentes,
770 1371 837 1427 ad
868 1372 1094 1427 domum
1145 1368 1425 1427 Theodori
1451 1370 1559 1423 iter
1605 1367 1740 1422 diri-

141 1477 257 1540 gant
287 1487 301 1523 :
335 1468 426 1524 ubi
460 1482 590 1524 cum
639 1480 759 1530 eos,
800 1465 912 1535 jam
960 1479 1099 1534 pene
1127 1476 1323 1519 exacto
1355 1461 1604 1532 prandio,
1648 1458 1741 1516 ille

143 1564 458 1632 excepisset.
520 1561 667 1616 illico
722 1558 947 1627 inquirit
1000 1548 1247 1624 causam,
1290 1570 1388 1612 cur
1429 1570 1461 1610 a
1510 1570 1570 1610 se
1608 1563 1665 1609 et
1710 1568 1738 1608 a

143 1661 343 1717 civitate
371 1660 814 1723 abscessissent;
843 1658 1272 1727 universumque
1300 1654 1551 1710 ordinem
1572 1661 1742 1724 gesta;

147 1754 235 1817 rei,
269 1754 449 1824 magis
495 1766 623 1808 eum
672 1742 805 1817 risu,
859 1765 1020 1821 quam
1065 1763 1190 1804 cum
1239 1747 1603 1802 admiratione
1650 1761 1746 1801 co-

148 1847 363 1919 (noscit.

1824 534 2088 601 valemus,
2152 530 2381 591 ludibria
2441 534 2782 603 deserentes,
2835 536 3272 593 Christianorum
3327 555 3429 593 nu-

1827 642 1979 682 mero
2014 629 2247 699 lideiquc
2291 630 2653 699 sociabimur;
2685 633 2777 703 qui
2809 638 3102 702 numquam
3131 633 3316 703 utique
3349 634 3430 687 itt-

1830 722 2259 777 numerabilihns
2286 722 2691 793 Scripturarum
2745 726 3070 781 testimoniis
3110 742 3217 781 nun
3249 729 3427 783 solum

1835 824 1907 878 te,
1958 812 2123 868 frater
2167 814 2480 882 Theodore,
2533 816 2624 886 qui
2667 818 2891 888 peritior
2943 819 3169 889 reliquis
3197 819 3429 884 videris,

1832 898 2124 975 sedlctiatn
2188 918 2416 963 cunctos
2480 909 2906 979 convincerent,
2957 911 3065 967 nisi
3114 914 3429 981 veritatem,

1832 1014 1954 1069 qua
1980 998 2125 1054 vinci
2166 1014 2273 1053 non
2303 1007 2502 1069 potest,
2532 1008 2896 1057 sectarentur.
2925 1002 3043 1059 Tali
3068 1001 3424 1059 Caecilianum

1838 1093 2252 1163 sensupiebem
2282 1108 2436 1149 suam
2462 1093 2682 1150 allatum
2702 1096 3091 1166 comperimus,
3125 1098 3435 1167 nillilOsqllO

1839 1185 2152 1265 Judaeorum
2202 1185 2396 1242 eadem
2450 1186 2541 1243 die
2581 1187 2647 1241 ad
2681 1187 2843 1243 fidem
2884 1188 3085 1244 Christi
3134 1205 3260 1245 cum
3312 1190 3434 1257 ipso

1841 1290 2239 1335 concurrentes
2303 1294 2429 1336 cum
2493 1278 2757 1335 ineti‘abiii
2820 1281 3183 1355 exsultatione
3242 1297 3437 1338 susce-

1842 1372 2044 1443 pimus.
2482 1442 2489 1451 .

1916 1464 2173 1536 Prodigia
2199 1463 2354 1533 sane,
2384 1475 2509 1537 qua
2534 1466 2603 1521 de
2631 1465 2774 1521 colo
2802 1474 2928 1522 tunc
2956 1466 3093 1523 facta
3126 1476 3273 1534 sunt,
3299 1470 3446 1524 sicut

1844 1555 2026 1628 eloqui
2059 1557 2219 1627 digne
2249 1570 2356 1611 non
2399 1558 2591 1612 adeam
2621 1554 2810 1632 [Ferte
2850 1557 3090 1632 addam],
3122 1560 3283 1616 silere
3330 1578 3439 1617 non

1848 1648 2042 1706 audeo.
2075 1650 2227 1705 liora-
2249 1650 2466 1711 circiter
2496 1650 2730 1722 septima
2765 1651 2987 1710 missam
3003 1651 3324 1708 dominicam
3354 1669 3444 1711 ao-

1849 1743 2106 1798 lemuiter
2134 1745 2399 1810 capimus
2428 1744 2715 1800 celebrare
2751 1762 2763 1797 ε
2814 1760 2939 1799 nam
2972 1744 3100 1799 dum
3149 1761 3248 1802 nos
3290 1749 3447 1805 adve-

1774 1828 1824 1891 Β
1853 1837 2069 1892 nientes
2112 1835 2192 1890 ad
2230 1836 2433 1890 Christi
2478 1836 2636 1891 tidem
2683 1835 2903 1892 Judaans
2932 1837 3016 1893 vel
3070 1838 3441 1907 exhortamur,

211 1898 615 2013 i’ostintriduum
654 1935 975 1995 Theodorus
1002 1898 1126 1991 cum
1159 1934 1477 1990 concion‘ari
1509 1931 1578 1987 ad
1628 1930 1746 2001 ple—
1850 1928 2279 1985 velannotamus
2302 1926 2600 2001 (siqttidem
2614 1928 2837 1985 nomina
2859 1944 3051 1983 eorum
3076 1898 3447 2003 scripsimus),

152 2032 261 2087 hem
298 2046 481 2101 suam,
506 2045 715 2102 eosque
754 2028 822 2083 ad
869 2028 1030 2083 fidem
1063 2027 1268 2083 Christi
1309 2040 1604 2094 provocare
1634 2023 1747 2080 dis-

159 2132 368 2193 poneret
405 2140 421 2179 :
457 2124 603 2179 ultro
645 2136 707 2178 se
731 2120 1079 2190 ollereutium
1106 2118 1174 2174 ad
1205 2116 1609 2173 confessionem
1645 2113 1745 2170 Ju-

157 2216 381 2272 daorem
448 2216 611 2272 etiam
681 2214 1005 2270 seditionem
1063 2211 1309 2283 pertulit.
1361 2208 1533 2265 Nemo
1600 2206 1745 2264 enim

161 2323 327 2364 eorum
358 2309 533 2377 ferme
556 2313 695 2370 erat,
724 2306 815 2375 qui
849 2320 957 2359 non
981 2319 1043 2358 se
1068 2302 1247 2374 palam
1276 2299 1518 2357 sensisse
1546 2298 1750 2355 Christi

163 2399 441 2469 potentiam
497 2408 925 2455 contestaretur.
979 2396 1117 2453 Nam
1185 2395 1367 2465 primo
1416 2394 1469 2448 in
1517 2391 1750 2448 concilio

166 2505 333 2546 eorum
381 2491 708 2547 adolescens
752 2482 971 2560 quidam
1022 2488 1191 2558 ipsius
1228 2486 1507 2543 Theodori
1551 2498 1751 2541 conso-

169 2581 359 2649 brinus,
386 2583 613 2638 nomine
633 2581 914 2646 Galilzeus,
945 2590 1001 2635 ut
1023 2573 1329 2651 congruum
1363 2581 1525 2649 (sicut
1546 2578 1752 2634 dictum

171 2675 262 2747 est)
286 2676 599 2732 nominibus
625 2676 953 2748 mysterium
980 2681 1151 2745 gesta
1179 2673 1465 2741 rei.usqae
1492 2671 1563 2725 ad
1591 2669 1754 2725 tinem

173 2768 543 2839 deduceretur,
588 2784 717 2824 cum
770 2767 979 2837 ingenti
1019 2766 1218 2823 invidia
1263 2765 1605 2836 proclamare
1652 2767 1756 2818 hoc

176 2862 357 2927 sonit:
385 2862 679 2917 Contestor
705 2858 933 2932 (inquit)
966 2873 1062 2915 vos
1081 2873 1298 2923 omnes,
1325 2871 1414 2913 me
1442 2856 1755 2913 Judaorum

176 2968 280 3008 esse
306 2970 412 3010 non
438 2968 601 3025 posse
620 2957 674 3008 in
709 2953 1083 3023 possessione;
1113 2951 1384 3021 siquidem
1407 2950 1464 3005 in
1489 2946 1758 3007 εις-Μίε-

180 3044 332 3101 tianos
354 3055 637 3109 consortes
666 3045 863 3112 habeo,
883 3058 1112 3114 quorum
1136 3044 1301 3112 odiis,
1326 3044 1372 3099 si
1400 3044 1455 3098 itt
1476 3036 1764 3099 Judaismo'

181 3152 510 3206 perseverare
535 3139 788 3206 voluero,
836 3135 1060 3194 forsitan
1086 3137 1440 3208 perimendus
1471 3152 1614 3192 sum.
1643 3137 1757 3208 Ego

1853 2022 2083 2091 populus
2128 2028 2311 2077 autem
2344 2024 2482 2076 tanti
2526 2022 2711 2091 gaudii
2743 2023 2922 2093 epulis
2952 2025 3230 2095 saginatus
3256 2038 3451 2080 carna-

1852 2115 1984 2169 lium
2012 2129 2122 2169 non
2155 2114 2497 2170 meminisset
2524 2130 2797 2184 escarum,
2834 2131 2960 2186 pars
3007 2116 3116 2174 diei
3151 2117 3328 2188 major
3357 2133 3453 2174 es-

1852 2217 2119 2263 cnrrerat.
2152 2208 2285 2264 Cum
2335 2208 2500 2279 igitur
2529 2208 2583 2263 in
2629 2209 2890 2279 ecclesia,
2933 2226 3053 2280 quin
3086 2212 3371 2282 paululum
3418 2226 3450 2267 a

1854 2301 2070 2357 civitate
2098 2302 2365 2373 sequestri
2395 2301 2446 2355 in
2479 2292 2599 2357 loco
2620 2301 2731 2357 sita
2760 2309 2868 2370 est,
2896 2302 2949 2356 in
2973 2317 3077 2372 qua
3101 2307 3279 2358 sancti
3308 2318 3452 2360 Inar-

1857 2393 1991 2466 tyris
2038 2394 2302 2463 Stephani
2337 2408 2510 2463 nuper
2538 2392 2835 2448 reconditae
2866 2394 3114 2464 reliquias
3156 2398 3454 2463 conquies-

1854 2496 2007 2554 cunt,
2038 2484 2316 2540 nobiscum
2343 2483 2721 2555 pariter'plebs
2744 2483 2998 2539 universa
3030 2484 3247 2540 Missam
3282 2501 3451 2555 oppe-

1859 2576 2128 2643 riebatur;
2160 2577 2266 2631 duo
2289 2576 2505 2647 quidem
2526 2576 2798 2646 monachi,
2824 2592 2959 2647 quos
2989 2576 3260 2632 Dominus
3283 2586 3450 2633 testes

1856 2684 2080 2725 suorum
2111 2668 2495 2724 miraculorum
2528 2668 2833 2740 praetegit,
2880 2670 2932 2723 in
2960 2682 3154 2740 campo
3193 2670 3284 2740 qui
3319 2682 3448 2726 ante

1859 2761 2003 2817 fores
2058 2761 2306 2820 ecclesiae
2353 2735 2717 2832 protenditur,
2770 2762 2826 2817 in
2858 2763 3036 2823 herbis
3089 2764 3448 2821 accubabant.

1865 2853 1957 2909 Vit'
1986 2844 2173 2910 autent
2200 2856 2513 2925 honoratus,
2545 2854 2719 2911 Julius
2750 2857 2992 2920 nomine,
3019 2871 3141 2912 cum
3182 2857 3292 2911 alio
3314 2872 3452 2927 quo-

1859 2945 1995 3003 dam.
2034 2948 2103 3002 de
2150 2947 2369 3003 civitate
2397 2948 2681 3003 ecclesiam
2718 2960 2931 3018 petens,
2979 2963 3104 3004 cum
3156 2962 3254 3018 per
3303 2948 3453 3021 ipsos

1863 3040 2149 3111 prmterire
2197 3042 2479 3111 cmpisset,
2536 3043 2903 3112 respondente
2953 3040 3058 3115 [AL
3101 3039 3453 3114 respiciente]

1865 3151 1973 3189 uno
2002 3150 2067 3190 ea
2104 3136 2389 3192 monachis
2416 3135 2556 3209 (vise
2583 3136 2814 3191 mirabili
2845 3136 3029 3206 signa)
3074 3136 3452 3202 conturbatus,

183 3229 323 3300 igitur
366 3233 491 3287 vita
536 3247 673 3286 mea:
715 3230 955 3298 periculo
991 3231 1310 3296 consulens,
1355 3230 1424 3284 ad
1468 3230 1757 3286 ecclesiam
1789 3215 1836 3280 ὓ
1866 3224 2159 3285 confusum
2199 3230 2380 3286 emisit
2427 3230 2755 3297 clamorem;
2805 3244 3212 3302 conversusque
3253 3231 3320 3285 ad
3370 3245 3455 3297 ae,

181 3320 276 3389 iam
306 3337 547 3393 pergam,
575 3332 633 3377 ut
662 3338 876 3388 necem,
900 3338 1020 3394 qute
1042 3322 1177 3378 mihi
1208 3333 1451 3392 paratur,
1480 3320 1756 3393 effugiam.

185 3412 296 3469 ιιεκ
341 3414 620 3482 Galilams,
670 3430 795 3470 cum
843 3416 909 3470 ad
960 3426 1177 3485 tempus
1226 3414 1371 3487 fuga:
1412 3430 1472 3471 se
1518 3424 1757 3485 pararet,

186 3508 319 3574 euasi
350 3518 407 3563 ut
449 3521 649 3563 causas
690 3507 1073 3563 conversionis
1116 3522 1227 3561 sum
1258 3506 1571 3564 reddidisse
1613 3506 1765 3562 vide-

188 3604 343 3663 retur,
384 3597 455 3653 de
502 3598 667 3653 futuri
700 3598 887 3653 saeuit
918 3606 1098 3654 morte
1137 3609 1262 3653 tunc
1310 3598 1445 3652 nihil
1492 3599 1758 3666 cOgitans,

190 3691 446 3746 veritatem
502 3691 709 3747 inscius
762 3692 1111 3761 loquebatur.
1147 3690 1282 3745 Huic
1326 3689 1589 3757 sermoni,
1624 3701 1761 3757 pene

194 3782 479 3842 Drateriens
500 3782 583 3836 vir
615 3781 903 3848 benestua,
932 3788 1116 3835 etnon
1145 3778 1324 3834 solum
1350 3777 1495 3833 inter
1519 3776 1761 3844 Judeeo's,

194 3885 362 3929 verum
403 3876 569 3931 etiam
607 3873 665 3929 in
713 3870 934 3929 civitate
973 3887 1144 3943 usque
1173 3872 1311 3927 adeo
1345 3874 1677 3943 praecipuus,
1706 3881 1763 3926 ut

196 3964 333 4020 etiam
364 3982 503 4022 nunc
530 3965 805 4022 Defensor
819 3963 1056 4023 civitatis
1079 3963 1288 4019 electus
1307 3962 1401 4029 sit,
1420 3964 1761 4028 Caecilianus,

199 4070 308 4112 vera
331 4057 617 4115 Gallicum
634 4057 851 4132 dicere,
882 4071 1055 4128 seque
1095 4055 1334 4112 similem
1386 4055 1591 4112 habere
1633 4071 1764 4111 cau-

200 4161 322 4220 sam,
341 4151 538 4207 similia
565 4149 868 4207 formidare
904 4149 1266 4205 attestabatur
1299 4166 1314 4201 :
1351 4148 1553 4219 quibus
1590 4147 1769 4203 verbis

203 4245 377 4303 tantam
404 4256 567 4315 supra
592 4249 896 4298 memorato
922 4226 1107 4311 juveni
1136 4239 1339 4311 adjecit
1358 4238 1767 4313 conﬁdentiam,

205 4336 253 4384 at
287 4330 336 4387 in
362 4345 657 4405 conspectu
681 4332 922 4389 omnium
952 4344 1120 4388 cursu
1147 4329 1499 4401 rapidissimo
1540 4329 1606 4386 ad
1648 4344 1771 4406 per-

207 4415 481 4494 cipiendum
512 4425 640 4483 fidei
669 4424 926 4481 'bravium
954 4422 1021 4479 ad
1051 4422 1259 4504 Galilei
1308 4421 1478 4478 nostri
1518 4421 1774 4478 convola-

1863 3335 2123 3392 protensa
2176 3339 2377 3392 manu,
2406 3339 2528 3394 quia
2558 3324 2728 3379 verbo
2759 3323 3033 3395 explicare
3076 3339 3183 3380 non
3218 3331 3454 3394 poterat,

1863 3417 1988 3483 quid
2038 3418 2249 3472 videret
2300 3417 2562 3471 ostendit.
2617 3417 2745 3470 Erat
2773 3416 2965 3484 globus
3009 3417 3226 3485 quidam
3272 3415 3456 3471 candi-

1842 3494 2072 3561 dissimi
2114 3506 2358 3571 luminis,
2390 3506 2721 3576 proceritate
2766 3508 2849 3560 sui
2881 3514 3143 3561 staturam
3175 3508 3329 3577 quasi
3363 3506 3462 3562 ho-

1864 3597 2027 3651 minis
2055 3599 2371 3666 adaeqnaus,
2403 3597 2578 3653 instar
2602 3599 2949 3671 Vaseulnrnm
2972 3614 3095 3669 qua»
3111 3599 3274 3668 vulgo
3297 3582 3455 3654 (treat

1862 3688 2233 3758 appellantur,
2286 3696 2453 3742 tantae
2494 3704 2627 3743 vero
2670 3689 2935 3744 claritatis
2977 3699 3035 3745 et
3090 3689 3339 3760 iulgorie,
3395 3697 3457 3746 ut

1865 3780 2039 3835 visum
2091 3779 2212 3842 fuit,
2254 3780 2399 3848 quod
2443 3778 2597 3835 fratri
2643 3780 2734 3851 qui
2769 3780 2821 3835 id
2853 3782 3000 3851 prior
3050 3785 3256 3837 notavit
3296 3781 3463 3855 (sicut

1864 3874 1984 3944 ipso
2015 3875 2289 3930 referente
2318 3874 2701 3949 cognovimus)
2741 3874 2822 3929 aut
2870 3874 3126 3930 decidere
3158 3874 3460 3931 videretur.

1868 3967 1986 4023 lioo
2009 3966 2151 4023 sicut
2199 3966 2321 4021 istis
2350 3969 2523 4022 visum
2552 3975 2659 4033 est,
2692 3967 2849 4037 quasi
2875 3977 3025 4022 trans
3058 3967 3361 4037 basilicam,
3409 3968 3464 4024 in

1866 4074 1977 4129 qua
2014 4058 2301 4115 universus
2331 4059 2614 4114 nobiscum
2647 4060 2884 4131 populus
2920 4060 3268 4127 consederat,
3314 4061 3459 4115 lento

1870 4150 2024 4222 lapse
2048 4149 2468 4216 detuittebatur;
2492 4165 2677 4206 verum
2694 4151 2763 4205 ita
2796 4153 3160 4221 propinquum
3182 4157 3463 4222 punivero,

1872 4251 1933 4298 nt
1956 4257 2016 4296 se
2048 4242 2190 4297 idem
2215 4242 2381 4297 frater
2408 4253 2635 4321 stupore
2666 4244 2905 4312 percitus
2931 4259 3095 4299 cursu
3117 4245 3470 4318 praeriperet,

1872 4337 2193 4393 existimans
2222 4336 2275 4391 id
2307 4346 2432 4406 post
2472 4336 2752 4391 basilicam
2786 4335 3095 4393 decidisse:
3143 4336 3240 4392 sed
3269 4338 3337 4394 ab
3380 4338 3475 4392 illo

1876 4438 2147 4486 retractus
2198 4428 2386 4497 fratre,
2444 4444 2695 4498 gressum
2750 4429 3033 4485 inhibuit:
3081 4430 3168 4484 ille
3207 4430 3351 4486 enim
3399 4430 3473 4485 ita

209 4523 278 4568 ret
314 4516 583 4583 auxilium,
620 4518 776 4572 etab
822 4516 1128 4573 humilitate
1175 4526 1383 4582 nostra,
1421 4522 1479 4570 ut
1522 4513 1771 4585 ejusdem
1803 4585 1847 4593 _
1878 4520 2097 4592 quidem
2130 4520 2293 4575 etiam
2325 4520 2429 4574 sibi
2457 4520 2661 4587 visum,
2707 4530 2891 4575 tamen
2928 4520 3140 4593 longius
3169 4520 3333 4575 fuisse
3364 4530 3473 4576 non

212 4605 317 4664 inde
342 4612 555 4677 nomine
582 4622 927 4678 censeretur,
959 4622 1261 4681 expeteret.

268 4697 571 4759 Ceciliatms
592 4711 776 4760 autem
807 4718 932 4759 cum
963 4714 1111 4760 esset
1135 4702 1446 4758 Judaeornm
1474 4711 1648 4772 pater,
1678 4703 1778 4757 ha-

216 4785 313 4847 bito
332 4806 450 4849 cam
484 4793 711 4851 Florino
737 4794 907 4851 fratre
944 4809 1045 4850 suo
1075 4809 1230 4864 teque
1259 4794 1573 4859 Jndteorum
1624 4806 1778 4866 patre

218 4883 402 4941 seniore
420 4887 670 4957 consilio,
699 4886 1011 4958 hujusmodi
1033 4886 1197 4959 (sicut
1224 4886 1575 4961 agnovimus)
1600 4888 1778 4955 verbis

219 4988 508 5050 quaquam
555 4981 792 5039 adorsus
822 4990 910 5037 est
942 4998 954 5038 ;
987 4980 1101 5051 Ego
1143 4978 1364 5053 (inquit)
1413 4997 1537 5036 cum
1578 4981 1680 5036 sim
1722 4982 1778 5037 in

223 5066 399 5130 boum
444 5089 733 5147 synagoga
788 5082 909 5144 post
960 5073 1316 5128 Theodorum
1375 5074 1605 5143 primus,
1671 5091 1778 5130 non

223 5156 337 5217 sicut
367 5164 573 5234 juvenis
617 5164 896 5223 Galilaeus.
926 5174 1153 5220 cunctos
1179 5166 1335 5235 quasi
1375 5166 1619 5235 trepidus
1650 5181 1783 5222 con-

206 5251 339 5323 .Ittlo,
365 5266 777 5326 contestorque;
809 5256 902 5311 sed
946 5258 1127 5325 potius
1157 5258 1419 5311 adhortor
1452 5267 1612 5326 atque
1634 5274 1781 5313 com-

227 5354 410 5420 moneo.
451 5348 801 5414 denuntians,
849 5341 1135 5403 ut'errorc
1176 5349 1323 5416 pravi
1374 5349 1580 5403 itineris
1626 5350 1784 5407 dere—

230 5425 413 5505 licto(si
442 5427 555 5492 fieri
588 5436 811 5508 potest),
854 5451 1048 5491 omnes
1081 5438 1284 5505 pariter
1305 5438 1371 5492 ad
1408 5440 1785 5498 tideurEccle-

231 5518 463 5581 tillticam
508 5541 922 5583 concurramus.
977 5526 1129 5593 Quod
1172 5528 1217 5582 si
1253 5543 1350 5582 vos
1400 5532 1466 5583 ad
1507 5530 1785 5588 Christum

235 5616 355 5670 illita
393 5618 551 5674 virtus
604 5634 712 5674 non
767 5608 1031 5683 attrahit:
1074 5632 1177 5689 ego
1226 5628 1376 5674 certe
1430 5619 1485 5675 ei
1528 5622 1786 5681 Floriuus

236 5699 371 5767 inter
382 5725 549 5779 meus.
569 5713 715 5770 sicut
741 5714 1124 5775 recusantibus
1146 5713 1301 5771 vobis
1324 5723 1532 5772 tantam
1554 5720 1785 5778 salutem

239 5795 323 5869 ill
360 5798 548 5863 inferre
589 5820 699 5864 non
727 5818 1043 5876 possumus,
1096 5796 1169 5861 ita
1211 5820 1312 5863 nos
1356 5820 1482 5864 cum
1536 5811 1786 5870 universa

228 6094 491 6159 ,λῃ-ι.
558 6156 563 6157 ,

1802 4585 1858 4648 Ῑ)
1881 4585 2033 4683 quasi
2063 4623 2269 4676 certus,
2309 4611 2406 4667 sed
2451 4619 2510 4665 ut
2538 4585 2843 4678 mstimans,
2889 4585 3190 4667 astruebat.
3221 4611 3479 4667 Mulieres

1879 4712 2061 4759 autem
2111 4703 2356 4773 quazdam
2405 4714 2534 4757 tunc
2579 4702 2801 4772 ludatur,
2851 4704 2997 4759 inter
3045 4717 3179 4773 quas
3227 4714 3473 4757 matrona

1884 4794 2081 4853 Meietii
2108 4796 2273 4863 illius,
2301 4788 2461 4865 cujus
2489 4809 2651 4866 supra
2690 4798 2895 4851 mentio
2921 4795 3103 4849 habita
3134 4802 3241 4858 est,
3272 4793 3339 4848 de
3364 4806 3479 4849 etn-

1858 4889 2079 4947 nacule
2122 4889 2547 4958 perspicientes,
2591 4888 2663 4942 ita
2696 4888 2799 4942 sibi
2839 4889 2893 4943 id
2927 4891 3099 4958 ipsum
3127 4888 3302 4942 visum
3330 4886 3481 4943 aftir-

1885 4982 2131 5048 mabant,
2165 4982 2321 5049 quasi
2364 4994 2525 5047 supra
2574 4979 2851 5033 basilicam
2906 4979 3217 5036 decidisset.
3273 4979 3475 5046 Verum

1888 5074 2223 5138 ltoc,,utrum
2252 5071 2504 5142 Angelus,
2539 5086 2606 5124 an
2636 5071 2751 5139 ipse
2774 5071 3103 5140 Stephanus,
3130 5071 3271 5141 quod
3298 5072 3475 5128 visum

1884 5174 1989 5227 est,
2025 5164 2203 5228 fuerit,
2240 5164 2507 5218 incertum
2530 5170 2635 5218 est.

1961 5253 2160 5309 Eadem
2208 5254 2314 5307 diei
2361 5254 2493 5307 hora
2535 5251 2746 5306 circiter
2781 5240 3005 5320 quarta,
3058 5254 3110 5309 id
3158 5265 3260 5315 est,
3314 5255 3477 5323 paulo

1887 5361 2179 5418 antequam
2252 5348 2356 5402 hoc
2423 5348 2632 5415 signum
2698 5345 3204 5413 demonstraretur,
3269 5349 3479 5418 grando

1890 5444 2267 5507 minutissima,
2299 5456 2457 5509 quam
2505 5439 2695 5493 incola:
2743 5440 2934 5495 insulae
2974 5432 3118 5496 illius
3148 5443 3333 5513 gentili
3362 5460 3477 5499 ser-

1893 5552 2050 5591 mone
2080 5533 2420 5603 Abgistinutn
2456 5541 2644 5585 meant
2665 5576 2677 5596 ,
2714 5546 2821 5586 non
2845 5549 3237 5605 usquequaque
3259 5538 3478 5606 copiosa

1893 5628 2158 5684 deﬂuxit.-
2210 5625 2357 5687 ha-c,
2406 5639 2527 5677 cum
2578 5630 2714 5679 odor
2762 5641 2826 5679 ex
2891 5643 2952 5681 ea
3013 5629 3189 5683 mellis
3240 5629 3483 5693 fragrare

1893 5721 2182 5790 cmpieset,
2236 5732 2263 5768 a
2319 5714 2499 5770 multis
2552 5732 2689 5785 quos
2735 5733 2833 5787 per
2876 5720 3017 5773 viam
3066 5722 3481 5789 verberaverat,

1894 5812 2196 5883 degustata,
2232 5808 2442 5863 dulcior
2474 5808 2633 5866 melle
2663 5822 2941 5881 comperta
2970 5800 3071 5869 est.
3118 5815 3268 5871 Multi
3302 5814 3491 5884 itaque

3503 5874 3532 5889 κ
