3896 6222
409 257 526 326 Ἶιδ

1484 262 1736 326 SEVERl
1774 261 2088 324 EPISCOPI
2125 260 2624 325 MUOMCENSIS

3622 266 3744 327 7η

410 341 710 455 sapientes,
755 394 880 440 cum
925 379 1119 438 eadem
1160 378 1249 438 die
1292 379 1434 438 filios
1473 380 1644 438 lsrael
1682 381 1751 436 ab
1779 379 2015 454 Egypto
2045 379 2096 439 Α
2126 379 2223 434 sed
2255 379 2623 435 nobilissimas
2643 338 2987 444 Iudaeorum,
3017 376 3084 434 ad
3113 377 3330 436 virtutis
3354 393 3471 436 suae
3496 379 3734 455 gloriam

410 474 656 550 perﬁdia:
702 491 819 532 sua:
865 484 1028 547 atque
1071 489 1103 530 a
1152 473 1415 531 servitute
1455 465 1708 546 egressos
1738 473 2014 539 viderent,

413 565 533 626 iure
552 585 674 640 qua:
704 568 847 626 facta
889 578 1051 637 sunt,
1081 567 1252 640 signis
1280 565 1393 625 illis
1421 583 1546 641 quae
1577 570 1629 624 in
1659 567 1852 624 Exodo
1881 567 2014 639 legi-

411 677 536 719 mus
583 661 782 737 (Exod.
831 659 972 737 xvi).
1026 662 1420 732 comparabant
1448 659 1592 719 .huic
1640 664 1869 733 populo,
1925 661 2019 734 qui

407 754 582 814 Deum
629 756 862 814 credulo
908 755 1080 812 corde
1106 755 1352 821 intuens,
1385 753 1578 813 verum
1607 756 1773 813 etiam
1802 743 2018 812 lsraelis

407 865 609 909 nomen
635 851 877 918 meruit,
925 865 1126 907 manna
1158 849 1454 906 crederent
1490 849 1775 907 innovari:
1804 849 2019 905 colum-

405 961 533 1004 nam
556 949 780 1019 quoque
807 944 971 1018 ignis,
997 961 1120 1022 quae
1139 952 1328 1018 patres
1357 944 1412 1000 in
1433 959 1624 1001 eremo
1647 944 2016 1016 praecedebat,

404 1049 468 1098 ut
494 1039 660 1097 etiam
704 1038 829 1096 ﬁliis
857 1053 888 1094 a
927 1052 1058 1095 vera
1090 1036 1330 1110 Egypto
1372 1045 1537 1109 atque
1581 1036 1803 1094 fornace
1838 1036 2018 1110 (sicut

403 1137 676 1206 scriptum
707 1141 794 1190 est
818 1130 1024 1208 [Εεοά.
1059 1129 1215 1206 xm],
1249 1131 1434 1189 ferrea
1459 1131 1730 1202 egressis,
1756 1131 2014 1186 ducatum

406 1223 689 1301 praeberet
711 1226 782 1288 ad
818 1226 1009 1294 vitam,
1057 1234 1338 1281 ostensam
1392 1225 1564 1282 fuisse
1611 1225 2014 1283 existimarunt.

318 1349 325 1355 -
405 1321 477 1380 Et
496 1312 690 1378 revera
714 1320 878 1396 (sicut
900 1319 1139 1376 lectione
1158 1317 1331 1375 Exodi
1351 1317 1672 1389 attestatur)
1712 1317 2039 1376 similitudo

408 1417 691 1488 signorum
740 1415 968 1471 minime
1007 1411 1308 1485 discrepat.
1337 1412 1473 1470 Nam
1507 1421 1565 1470 et
1589 1413 1720 1468 illud
1759 1413 1906 1484 quod
1933 1415 2016 1469 ni-

407 1523 530 1579 vem
579 1506 748 1566 fuisse
804 1506 1183 1573 credidimus,
1247 1521 1438 1564 semen
1489 1505 1771 1572 coriandri
1821 1505 2015 1562 minuti

409 1602 761 1676 aquuabat,
787 1601 970 1660 mellis
1014 1615 1267 1673 saporem
1315 1599 1524 1657 ferebat
1559 1617 1574 1655 :
1621 1610 1674 1656 et
1721 1600 1824 1658 hoc
1869 1599 2014 1672 quod

409 1696 695 1771 apparuit,
721 1695 995 1753 columna:
1023 1697 1196 1766 ignea:
1230 1697 1472 1768 speCiem
1516 1695 1793 1762 habuisse,
1839 1695 2013 1751 maui-

2120 471 2478 540 dilatandam,
2510 471 2566 528 in
2595 471 2802 528 duritie
2830 473 3074 543 perlidia:
3099 487 3212 527 sua:
3236 468 3492 529 Christus
3511 487 3740 544 perma-

2121 580 2255 622 nere
2280 564 2680 637 aliquantulum
2712 579 2912 638 passus
2937 579 3044 621 cst.
3084 564 3416 622 Arthetnisia
3454 565 3736 638 siquidem

2121 657 2356 716 Lectorii
2377 657 2398 734 [
2418 659 2525 716 Ms.
2552 658 2821 734 Lettorii]
2840 700 2856 728 ,
2889 660 2982 733 qui
3007 675 3183 730 nuper
3222 659 3364 716 hanc
3393 659 3736 730 provinciam

2090 753 2292 820 texit,
2347 763 2402 810 et
2455 769 2601 810 nunc
2646 751 2847 811 Comes
2895 770 3019 811 esse
3065 753 3288 822 dicitur,
3320 752 3450 821 lilia,
3481 752 3738 825 conjugis

2121 846 2324 904 Meletii
2351 849 2720 905 conversione
2744 860 3047 917 commota,
3069 862 3193 904 cum
3219 864 3329 906 una
3351 846 3529 908 ferme
3552 848 3754 906 amica

2119 951 2175 998 et
2203 943 2418 1000 nutrice
2447 953 2505 1000 et
2533 943 2722 1014 paucis
2764 942 2978 1000 ancillis
3025 941 3250 1000 domum
3294 942 3400 1000 viri
3441 943 3526 1000 sui
3565 941 3741 1001 desc-

2121 1049 2270 1104 rens,
2305 1035 2374 1092 ad
2407 1035 2698 1107 quamdam
2721 1035 3069 1108 speluncam,
3093 1035 3228 1092 licet
3253 1035 3309 1092 in
3331 1034 3508 1106 vinea,
3536 1045 3731 1093 tamen

2119 1128 2418 1185 remotiore
2446 1129 2728 1201 paululum
2763 1130 2885 1186 loco
2924 1130 3052 1200 sita,
3094 1129 3262 1188 oblita
3291 1128 3541 1188 feminea:
3567 1127 3734 1188 infir-

2121 1225 2328 1282 mitatis
2343 1227 2539 1284 evasit.
2561 1226 2695 1283 Erat
2711 1229 2763 1281 in
2786 1243 2850 1284 ea
2873 1228 3440 1299 parVum;novuntqtte
3460 1225 3732 1296 tori-ular,

2121 1319 2384 1393 lacusque
2417 1336 2590 1377 novus
2621 1323 2799 1377 factus
2833 1320 3060 1393 figuram
3091 1321 3501 1393 quodammodo
3522 1335 3734 1394 gerere

2121 1414 2398 1484 credentis
2426 1414 2613 1487 populi
2655 1415 2945 1472 videbatur
2978 1433 2996 1471 :
3048 1429 3157 1471 non
3183 1416 3352 1472 enim
3399 1417 3545 1472 istos.
3581 1416 3739 1474 sicut

2121 1518 2273 1563 utres
2294 1519 2536 1574 veteres,
2569 1508 2663 1563 sed
2710 1490 2857 1564 sicut
2887 1523 3062 1564 novos
3103 1507 3253 1566 lacus
3302 1519 3543 1566 mustum
3597 1508 3736 1574 novi

2121 1601 2460 1659 Testamenti
2505 1603 2804 1676 recepisse,
2837 1614 2890 1658 ct
2919 1603 3215 1673 credimus,
3256 1613 3313 1662 et
3348 1604 3618 1663 videmus.
3667 1602 3735 1662 In

2118 1709 2188 1750 eo
2215 1694 2382 1766 igitur
2413 1697 2534 1751 loco
2557 1711 2682 1752 cum
2716 1711 2814 1765 per
2841 1695 3062 1768 biduum
3097 1704 3362 1754 matrona
3401 1691 3451 1753 a'
3471 1696 3592 1755 viro
3621 1710 3737 1756 suo
3777 1693 3782 1697 “

412 1789 614 1852 festum
635 1804 742 1851 est.
761 1792 1070 1861 Utrumque
1089 1803 1271 1848 autem
1289 1793 1505 1863 signum
1528 1792 1691 1848 etiam
1712 1790 2016 1849 Jammonas
2045 1778 2095 1842 Β
2121 1787 2325 1846 oﬂensa
2359 1790 2713 1847 inexorabilis
2741 1788 3176 1862 permansisset;
3210 1799 3271 1847 ut
3294 1791 3527 1865 primum
3564 1791 3735 1850 tertia

411 1887 848 1945 censisteutibus
877 1886 1142 1942 fratribus
1180 1885 1488 1942 revelatum
1525 1885 1695 1952 fuisse
1723 1887 2012 1959 cognosci-

413 1998 575 2041 mus:
609 1987 736 2040 mm
761 1993 817 2040 et
846 1983 1085 2055 pluviam
1108 1981 1290 2038 mellis“
1316 1982 1507 2048 multi,
1541 1982 1735 2055 quibus
1766 1983 2016 2040 intellec-

413 2088 503 2135 tus
535 2076 847 2150 requirendi
891 2080 1078 2147 et'per
1114 2087 1310 2149 gustus
1345 2078 1681 2147 agnoscendi
1707 2079 1868 2134 datus
1905 2088 2014 2145 est,

413 2174 760 2247 probavere:
793 2179 851 2230 et
877 2171 1132 2229 columna
1177 2171 1556 2228 candidissimi
1606 2171 1749 2228 illius
1795 2172 2018 2230 luminis

415 2269 737 2334 multorum,
754 2279 897 2337 quos
911 2265 1109 2338 dignos
1119 2265 1387 2322 Dominus
1405 2265 1690 2337 judicavit,
1707 2281 1768 2324 se
1780 2267 2018 2340 ingessit

411 2362 748 2433 aspectibus.
778 2359 934 2418 Unde
955 2359 1185 2433 intelligi
1211 2357 1396 2428 datur,
1423 2359 1645 2418 Iudaeos
1670 2377 1775 2433 per
1793 2361 2017 2419 univer-

409 2472 534 2515 sum
565 2458 758 2514 orbem
789 2454 916 2512 fidei
944 2454 1147 2511 lumine
1173 2454 1478 2512 visita‘udos
1520 2471 1535 2510 :
1593 2447 1846 2527 quoniam
1895 2456 2017 2529 qui-

412 2552 541 2609 dem
571 2551 756 2618 nobis,
781 2549 874 2623 qui
923 2553 976 2607 ln
1015 2548 1118 2606 hac
1161 2549 1340 2606 insula
1379 2550 1619 2622 atquein
1651 2551 1754 2609 hoc
1787 2553 2014 2623 parvulo

413 2645 500 2718 (ut
547 2646 619 2702 ita
669 2643 940 2717 dixerim)
967 2643 1107 2702 orbe
1127 2646 1485 2701 consistimus
1507 2689 1523 2710 ,
1557 2656 1746 2702 tantus
1773 2648 2014 2706 ccclesiis

408 2740 602 2813 gratia:
625 2739 891 2811 splendor
915 2738 1118 2806 illuxit,
1150 2746 1215 2796 ut
1235 2754 1413 2810 usque
1439 2741 1507 2796 ad
1536 2730 1820 2799 extremos
1853 2753 2016 2800 terra:

409 2831 608 2892 vestra:
636 2833 903 2892 terminos
929 2833 1215 2906 signorum
1250 2834 1394 2890 visio
1422 2836 1760 2906 perveniret.
1822 2877 1825 2879 -

481 2927 747 3001 Sequenti
773 2926 937 3001 igitur
960 2926 1054 2985 die
1069 2935 1281 2984 sumina
1298 2931 1541 2986 omnium
1565 2932 1928 3000 exspectatio,
1953 2942 2014 2990 ut

403 3019 737 3080 Theodorus
768 3021 1053 3095 sponsioni
1083 3037 1201 3079 sua:
1227 3020 1609 3099 satisfaceret,
1643 3023 2008 3080 admonebat:

403 3115 497 3188 qui
525 3130 650 3172 cum
687 3115 852 3186 justis
895 3113 1186 3188 (quantum
1232 3113 2008 3189 videbantr).allegationibus

2119 1883 2239 1941 dies
2271 1885 2471 1956 illuxit,
2488 1886 2707 1942 famulae
2734 1902 2930 1965 aquam
2955 1886 3178 1944 haurire
3197 1886 3526 1959 imperavit:
3553 1903 3731 1962 quam

2119 1996 2242 2036 cum
2273 1980 2448 2037 odore
2475 1993 2529 2036 et
2557 1996 2757 2053 sapore
2781 1981 2957 2038 mellis
2982 1981 3332 2042 dulcedinem
3361 1981 3572 2041 referre
3595 1997 3733 2042 sen-

2118 2073 2302 2142 sisset,
2333 2073 2510 2143 primo
2535 2076 2758 2146 quidem
2789 2075 3057 2132 ministra:
3081 2090 3413 2134 succensere
3437 2077 3643 2150 coepit;
3666 2085 3734 2136 et

2119 2185 2220 2226 cur
2247 2170 2299 2226 in
2332 2170 2524 2227 eodem
2553 2185 2718 2228 urceo
2737 2171 2842 2226 mel
2866 2171 3171 2242 iniecisset,
3199 2171 3518 2245 indignans,
3542 2173 3732 2244 inqui-

2121 2265 2320 2322 rebat:
2376 2273 2666 2340 postquam
2702 2275 2912 2333 autem,
2961 2276 3021 2322 ut
3055 2265 3213 2337 quasi
3245 2276 3542 2339 negantem
3585 2281 3736 2325 con-

2119 2361 2391 2428 vinceret,
2423 2362 2492 2417 ad
2521 2364 2694 2418 lacum
2727 2361 2923 2432 pergit,
2953 2360 3023 2417 de
3050 2377 3161 2432 quo
3194 2361 3472 2431 paululum
3525 2377 3741 2422 conca-

2118 2457 2203 2514 vis
2218 2456 2467 2514 mauibus
2490 2457 2774 2522 hauriens,
2796 2456 2999 2530 reperit
3017 2469 3238 2528 aquam,
3254 2473 3361 2532 qua
3375 2472 3478 2530 per
3498 2458 3737 2518 biduum

2118 2561 2215 2606 usa
2251 2549 2450 2617 fuerat,
2469 2549 2522 2606 in
2540 2550 2732 2606 mellis
2756 2549 3066 2606 suavissimi
3095 2562 3313 2608 versam
3340 2548 3733 2610 dulcedinem.

2119 2643 2414 2700 Advocans
2443 2644 2628 2714 itaque
2657 2650 2885 2700 cunctas
2917 2656 3041 2715 qua:
3068 2643 3321 2716 aderant,
3349 2655 3407 2700 ut
3434 2653 3740 2718 gustarem

2117 2746 2299 2808 rogat,
2325 2752 2396 2793 ne
2418 2736 2563 2793 forte
2583 2736 2749 2794 fallax
2770 2749 2934 2808 sapor
2957 2737 3010 2792 in
3035 2736 3283 2794 faucibus
3309 2747 3522 2796 tantum
3551 2738 3738 2817 ipsius

2117 2829 2452 2890 suavitatem
2512 2831 2860 2886 mentiretur.
2929 2827 3135 2887 Omnes
3183 2839 3470 2904 gustantes
3497 2872 3516 2900 ,
3570 2832 3735 2895 mira

2117 2923 2494 2980 oblectatione
2519 2920 2727 2979 aﬂ'ecta:
2752 2933 2901 2989 sunt.
2949 2931 3008 2979 ut
3058 2938 3165 2998 non
3197 2938 3392 2995 aquam
3425 2925 3610 2983 mellis
3633 2941 3737 2985 sa-

2119 3030 2255 3086 pore
2276 3013 2600 3082 delibutam,
2617 3015 2712 3072 sed
2736 3017 2844 3073 mel
2874 3017 3332 3085 sincerissimum,
3355 3019 3538 3078 solum
3563 3035 3735 3095 aqua

2117 3107 2536 3165 similitudinem
2581 3117 2902 3166 censerent.
2956 3109 3198 3178 Stupore
3248 3111 3412 3182 igitur
3467 3117 3732 3185 percita,

401 3219 727 3268 Cunctorum
754 3218 880 3266 vota
907 3189 1758 3289 crederet-differenda,dicens
1796 3223 2003 3266 ntatro-
2040 3189 2087 3253 (ἶ
2117 3204 2245 3260 dum
2277 3205 2346 3260 ad
2376 3207 2652 3263 civitatem
2680 3207 2880 3262 reverti
2915 3217 3199 3278 parantur,
3245 3202 3521 3267 curiosius
3553 3225 3734 3284 agen-

402 3320 531 3363 nam
561 3306 716 3376 prius
752 3319 930 3374 suam,
982 3317 1148 3376 quam
1189 3302 1245 3360 in
1296 3303 1646 3375 Majoricensi
1694 3304 2003 3378 reliquisset

2124 3309 2197 3355 res
2222 3341 2238 3368 ,
2269 3299 2432 3355 etiam
2461 3314 2642 3355 rorem
2672 3299 2764 3372 qui
2792 3303 2844 3355 in
2874 3297 3062 3355 herbis
3091 3300 3342 3372 plurimis
3368 3310 3512 3369 erat,
3541 3302 3729 3376 degu-

404 3397 614 3465 insula,
639 3399 745 3455 ltuc
773 3413 834 3454 se
863 3396 1004 3454 velle
1023 3395 1353 3468 (deducere;
1393 3413 1464 3454 ne
1497 3396 1663 3483 fortez
1707 3399 1754 3454 si
1800 3400 2006 3473 absque
2113 3405 2316 3452 statum
2347 3395 2582 3452 similem
2611 3406 2956 3468 repererunt.
2988 3396 3229 3473 Pergens
3263 3396 3446 3469 itaque
3482 3397 3554 3455 ad
3579 3397 3732 3456 civi-

397 3492 678 3549 consensu
703 3505 804 3548 suo
829 3491 1007 3548 virum
1039 3505 1197 3547 suum
1242 3505 1570 3548 conversum
1623 3491 1793 3548 fuisse
1837 3509 2006 3565 agno-
2112 3501 2276 3548 tatem
2310 3503 2558 3547 matrona
2585 3501 2905 3557 memorata,
2940 3491 3058 3548 haec
3081 3491 3280 3548 marito
3301 3491 3516 3559 retulit,
3542 3504 3598 3550 et
3621 3510 3732 3565 per

394 3585 567 3644 visset
597 3584 763 3658 (sicut
792 3581 957 3655 solet)
971 3584 1270 3656 ,rpertinax
1301 3584 1526 3655 perﬁdia
1557 3591 1740 3651 esset,
1775 3601 2004 3657 persua-
2110 3603 2235 3644 cum
2263 3587 2517 3644 omnibus
2561 3586 2859 3653 indicavit;
2891 3587 3186 3660 statimque
3215 3585 3285 3643 ad
3314 3587 3530 3645 Christi.
3549 3586 3726 3646 fidem

392 3679 554 3738 sione
583 3677 776 3736 matris
810 3678 1086 3748 praecipue
1112 3692 1252 3747 suae,
1283 3692 1419 3750 quae.
1451 3680 1633 3756 adhuc
1674 3671 1998 3752 supererat,

393 3781 454 3828 et
495 3770 746 3828 consiliis
795 3770 1136 3838 demeutata,
1161 3780 1218 3828 et
1247 3786 1279 3827 a
1309 3772 1572 3844 coniugio
1596 3772 1697 3828 viri
1732 3773 2000 3846 religione

390 3865 724 3924 discederet.
783 3866 919 3923 Cum
977 3866 1098 3924 haec
1140 3863 1467 3924 Theodorus
1513 3863 1842 3924 Christianis
1883 3871 1996 3940 jam

389 3960 872 4031 acquiescantibus
904 3959 1252 4031 propalasset
1285 3959 1555 4030 :Judaeis,
1606 3963 1700 4034 qui
1746 3963 1994 4020 conversi

388 4055 629 4122 fuerant,
652 4056 921 4113 acerrima
950 4055 1331 4114 commotione
1359 4057 1766 4127 resistentibus,
1798 4073 1993 4129 ampu-

381 4157 496 4207 tata
522 4147 804 4207 dilationis
854 4164 1043 4223 mora,
1082 4148 1154 4206 ad
1207 4150 1398 4207 matris
1441 4152 1766 4224 propinquae
1811 4151 1992 4210 sinum

378 4243 610 4302 feetivus
643 4244 786 4317 ipse,
819 4255 879 4301 ut
907 4245 961 4301 in
991 4244 1202 4302 somnis
1225 4245 1462 4312 viderat,
1493 4243 1835 4303 convolavit.
1858 4246 1994 4304 Post

380 4351 546 4411 quem
572 4341 779 4404 omnis,
813 4345 1088 4412 tamquam
1123 4347 1337 4396 remoto
1366 4339 1549 4405 obice,
1589 4341 1655 4396 ad
1689 4341 1988 4399 Ecclesiam

372 4433 651 4506 synagoga
694 4433 980 4490 conﬂuxlt.
1046 4433 1244 4490 Mirum
1292 4432 1461 4504 dictu,
1506 4436 1798 4492 inveterati
1844 4438 1989 4494 illius

2110 3676 2235 3739 sine
2262 3679 2624 3738 reluctatione
2650 3681 2950 3737 consensit.

2184 3778 2387 3834 Verum
2411 3779 2603 3835 eadem
2619 3778 2727 3844 die,
2757 3793 2864 3850 qua
2889 3777 3091 3835 Meletii
3122 3792 3262 3834 uxor
3287 3778 3722 3838 amaritudinem

2105 3871 2510 3928 incredulitatis
2534 3871 2774 3943 abjicerc
2791 3887 2859 3928 ex
2883 3872 3049 3928 melle
3068 3871 3349 3941 compulsa
3365 3883 3473 3942 est,
3488 3874 3717 3945 eadem,

2102 3968 2347 4041 inquam,
2393 3967 2505 4036 die,
2557 3984 2658 4038 qua
2702 3979 3006 4024 memorata
3060 3967 3171 4024 ﬁlia
3205 3967 3394 4035 lsrael,
3445 3972 3607 4043 quasi
3659 3974 3719 4031 in

2099 4062 2321 4119 deserto
2352 4063 2552 4134 posita,
2582 4061 2738 4117 illum
2783 4063 3067 4136 antiquum
3111 4062 3258 4118 Mara
3297 4063 3475 4121 lacum
3501 4063 3726 4138 (Επεὶ.

2099 4160 2221 4230 xv),
2254 4158 2461 4228 injecto
2491 4157 2694 4214 ‘Crucis
2738 4151 2910 4229 ligno,
2959 4157 3350 4216 obdulcescere
3394 4162 3721 4228 persensit:

2096 4253 2173 4310 ita
2223 4250 2456 4308 miriﬁco
2502 4266 2742 4322 vereque
2785 4251 3000 4309 cmlesti
3032 4254 3212 4308 omnis
3241 4250 3488 4310 Ecclesia
3533 4255 3723 4316 odore

2099 4344 2394 4418 fragravit,
2439 4354 2497 4401 ut
2546 4343 2894 4417 praesentiam
2923 4344 3162 4416 Spiritus
3191 4348 3410 4415 sancti,
3455 4361 3626 4421 quam
3653 4354 3722 4406 et

2090 4439 2356 4512 anteiam
2379 4429 2697 4512 aliquoties,
2723 4441 2818 4498 sed
2847 4441 3166 4513 paucissimi
3197 4453 3573 4515 senseramus,
3600 4445 3721 4504 fra-

373 4525 514 4601 legis
540 4527 800 4585 doctores
826 4527 952 4584 sine
978 4527 1087 4584 ulla
1119 4527 1487 4584 altercatione
1519 4530 1842 4607 verborum,
1865 4531 1984 4588 sine
2013 4601 2048 4607 _
2090 4532 2324 4591 ternitas
2373 4548 2514 4605 pene
2561 4532 2820 4591 universa
2849 4535 3117 4592 sentiret:
3147 4547 3204 4593 et
3247 4536 3444 4594 mirum
3487 4539 3717 4599 eunetis

375 4619 495 4678 ullo
531 4620 946 4694 Scriptor-arum
986 4622 1290 4687 certamine
1337 4604 1724 4690 crediderunt;
1771 4635 1979 4682 tantum
2013 4601 2062 4663 θ
2086 4624 2222 4681 illud
2249 4601 2527 4700 fuit,'quod
2559 4643 2655 4697 per
2672 4627 2894 4684 eosdem
2921 4628 3060 4696 dies,
3086 4643 3281 4687 serena
3299 4632 3712 4703 propemodum

371 4718 741 4788 percunctati.
770 4731 840 4773 an
869 4716 1073 4773 vellent
1099 4716 1263 4774 fidem
1284 4715 1493 4774 Christi
1517 4720 1832 4789 suscipere:
1863 4736 1983 4778 cre-
2080 4721 2287 4793 iugiter
2314 4732 2698 4793 permanente,
2720 4710 3048 4780 creberrimi
3083 4725 3284 4783 imbres
3327 4725 3718 4787 demitteban-

370 4807 507 4866 dere
532 4826 595 4868 se
620 4810 673 4867 in
702 4808 945 4879 Christo,
972 4819 1028 4868 et
1057 4809 1405 4869 Christianos
1431 4811 1549 4870 fieri
1579 4830 1786 4884 cupere
1816 4813 1981 4886 proﬁ-
2086 4826 2196 4884 tur,
2225 4830 2275 4876 et
2312 4819 2573 4890 paulatim
2602 4820 2888 4877 venientes
2909 4820 2978 4878 ad
3011 4821 3172 4880 fidem
3220 4821 3426 4880 Christi
3476 4819 3714 4886 Iudaeos

371 4903 651 4961 teba'ntur.~
672 4904 905 4961 Centum
935 4903 1158 4979 quidam
1189 4915 1244 4962 et
1261 4905 1410 4964 duos
1439 4908 1524 4980 (ut
1545 4909 1821 4978 asserunt)
1849 4921 1980 4967 τεία-
2075 4913 2261 4984 pluvia
2317 4915 2711 4984 praecedebat:
2763 4918 2836 4972 ita
2885 4927 2946 4972 ttt
2990 4918 3096 4974 hoc
3145 4916 3709 4990 animachrtentes,

365 4997 442 5053 tis
462 5005 628 5070 atque
659 4997 902 5068 perfidia:
959 5012 1076 5054 sua:
1131 4998 1346 5057 habens
1393 5015 1592 5068 annos,
1641 5003 1762 5058 sine
1810 5002 1975 5060 trium
2081 5009 2242 5080 vulgo
2268 5007 2413 5079 inter
2443 5023 2546 5065 nos
2572 4993 3148 5082 etquasijoculariter
3171 5009 3711 5072 diceremus:Ecco

365 5092 801 5147 commutatione
841 5089 1164 5162 verberum,
1215 5108 1314 5165 spe
1359 5092 1558 5151 futura:
1594 5095 1720 5151 vita:
1770 5095 1976 5166 alacer,
2078 5101 2194 5174 jam
2246 5102 2407 5175 pluit,
2453 5104 2650 5160 scitote
2691 5119 3078 5177 quoscumque
3121 5103 3345 5162 Judazos
3384 5105 3452 5163 ad
3482 5103 3710 5166 Christi

361 5183 702 5255 decrepitus,
751 5195 949 5258 optare
979 5201 1041 5244 se
1073 5197 1132 5243 ut
1165 5188 1220 5243 in
1249 5185 1360 5244 line
1401 5195 1710 5261 temporum
1748 5206 1976 5249 suorum

360 5293 465 5351 per
493 5278 655 5336 [idem
679 5279 891 5336 Christi
919 5279 988 5336 ad
1018 5279 1366 5352 spiritualem
1390 5294 1765 5340 reverteretur
1795 5285 1971 5341 infan-

361 5373 528 5444 tiam;
578 5376 848 5446 nobisque
901 5375 1209 5448 putrefacta
1248 5377 1360 5448 jam
1407 5379 1574 5434 senio
1619 5381 1887 5448 membra,
1915 5390 1973 5437 ut

358 5471 691 5545 quantocius
715 5486 812 5543 per
841 5472 1176 5543 baptismum
1198 5482 1651 5546 regeneraretur,
1681 5475 1928 5546 ingessit.

430 5561 678 5620 Fuerunt
712 5563 934 5635 quidam
985 5563 1186 5632 Judmi,
1225 5568 1320 5636 qui
1371 5577 1794 5636 praetereuntes,
1841 5567 1968 5626 illuc

354 5655 608 5730 appulsi,
639 5659 1109 5728 opportunitatem
1160 5661 1431 5727 temporis
1476 5670 1644 5727 atque
1672 5669 1965 5718 ventorum

353 5749 798 5821 occupabantur:
829 5750 949 5820 qui,
1000 5751 1292 5824 navigandi
1339 5767 1603 5810 concessa
1645 5755 1969 5828 opportuni-

240 5893 247 5898 .
352 5846 489 5910 tate,
532 5841 764 5900 credere
787 5841 1120 5900 maluerunt.
1139 5843 1459 5916 Tresigitur
1478 5853 1689 5904 tantum
1712 5847 1961 5918 feminas,

2082 5197 2249 5255 fidem
2281 5214 2628 5257 accessuros.
2683 5198 2881 5257 Mirum
2932 5200 3110 5269 dictu,
3157 5198 3507 5272 frequenter,
3559 5201 3707 5280 dum

2079 5292 2260 5348 adhuc
2289 5294 2412 5349 talia
2444 5294 2815 5367 loqueremur,
2867 5310 2900 5351 a
2941 5294 3269 5366 quibusdam
3309 5294 3523 5354 Judcis
3552 5282 3697 5358 fidei

2074 5384 2240 5457 forma
2270 5387 2625 5459 pulsabatur:
2658 5403 2760 5446 nec
2781 5391 3080 5457 immerito,
3103 5391 3249 5447 sicut
3269 5391 3532 5463 scriptum
3560 5401 3655 5450 est
3679 5407 3701 5454 :

2078 5477 2325 5534 Pluviam
2392 5479 2757 5537 voluntariam
2817 5483 3130 5554 segrcgubit
3163 5477 3508 5542 'hteredltati
3568 5498 3700 5545 sua

2073 5571 2338 5630 Dominus
2369 5573 2544 5648 (Paul.
2569 5582 2761 5646 mn).
2796 5575 3042 5647 Desuper
3078 5586 3236 5634 erant
3263 5577 3524 5649 feminas,
3559 5593 3699 5652 qua

2071 5665 2125 5722 in
2154 5668 2382 5724 odorem
2408 5678 2810 5741 unguentorum
2836 5669 3039 5726 Christi
3062 5685 3292 5728 currere
3321 5670 3692 5732 recusabant.

2144 5759 2450 5820 lnnocentii
2480 5763 2651 5829 illius,
2674 5764 2834 5836 cujus
2860 5779 3026 5837 supra
3053 5763 3282 5821 fecimus
3309 5765 3698 5840 mentionem,

2069 5863 2319 5913 matrona
2350 5872 2475 5912 cum
2507 5858 2663 5929 prole
2688 5874 2808 5923 sua,
2839 5858 3174 5916 venerabilis
3199 5858 3367 5932 (sicut
3399 5859 3546 5919 fama
3569 5864 3696 5944 est)
