3896 6222
399 323 513 382 ’165

1603 327 1854 388 SANCTI
1890 328 2236 390 BONIFACII
2274 329 2315 401 1,
2360 330 2583 402 ΡΑΡᾹΏ,

3620 333 3732 396 τοι

389 443 820 503 .snaPatrenses
851 447 1034 521 pepuli
1063 450 1231 505 unitre
1263 460 1401 516 voce
1444 447 1903 507 contradictionis
1927 465 2013 507 ar-
2040 453 2092 517 Α
2193 451 2518 507 examinare:
2537 496 2554 522 ,
2597 451 2679 507 uel
2707 452 2863 507 etiam
2892 452 3192 510 emendaret
3214 493 3232 520 ,
3279 455 3534 512 direxisse
3563 472 3619 513 se
3657 455 3737 513 si-

406 541 645 621 derent?
671 540 782 599 Sed
813 552 1021 615 quanto
1053 553 1079 582 ιι
1109 544 1409 600 inclinatus
1441 543 1541 601 fuit
1563 589 1578 613 ,
1619 561 1744 603 cum
1776 562 1900 604 eum
1931 561 2024 603 or-

405 633 658 692 dinatum
689 651 856 694 nemo
883 639 1169 710 suscepit,
1201 648 1357 696 tanto
1384 641 1678 696 sublimior
1722 656 1869 698 nunc
1905 651 2021 712 est,

412 741 541 788 cum
560 745 594 787 a
613 732 1024 804 suis-poscitur,
1055 734 1149 804 qui
1175 733 1247 790 ab
1265 736 1508 791 externis
1529 735 1704 792 fuerat
1730 737 2020 793 refutatus.

411 823 658 882 Evidens
687 828 834 883 enim
859 824 959 883 Dei
983 827 1450 901 manifestumque
1470 828 1757 898 judicium,
1783 831 1874 900 qui
1897 832 2022 886 eum

403 917 469 976 id
498 920 758 990 temporis
795 921 970 976 voluit
1007 921 1353 992 praestolari,
1402 932 1520 994 quo
1555 931 1866 980 mereretur
1893 922 2024 980 huic

412 1012 664 1070 ecclesias
696 1012 1023 1085 praesidere,
1057 1013 1112 1068 in
1138 1029 1246 1086 qua
1271 1022 1332 1070 et
1361 1010 1524 1070 natus
1555 1013 1834 1072 asseritur
1853 1023 1912 1072 et
1926 1028 2024 1072 re-

416 1115 602 1162 natus.
1076 1156 1078 1158 ,
1849 1113 1856 1124 ’
1967 1101 1999 1131 ‘

487 1199 545 1256 4.
577 1199 774 1257 Frater
809 1200 838 1240 ι’
877 1189 1244 1269 cbarissime,
1268 1200 1525 1274 quoniam
1563 1201 1872 1274 prudentia:
1919 1213 2026 1260 tum

418 1294 794 1366 injunetorom
847 1296 938 1351 vel
992 1295 1378 1368 delegatorum
1431 1296 1645 1369 pondus
1705 1298 2022 1367 incumbit,

421 1399 447 1431 ο
462 1390 663 1462 petitio
681 1390 997 1461 supplicum
1013 1392 1110 1446 vel
1134 1391 1436 1464 diligentiae
1455 1401 1562 1449 tum
1584 1393 1780 1450 electa:
1805 1390 2028 1464 jamdu-

415 1479 550 1539 dum
579 1483 667 1540 vel
693 1483 990 1542 vicinitatis
1033 1485 1254 1542 ratione
1279 1497 1336 1543 te
1374 1495 1672 1558 respectat.
1697 1488 1874 1556 Quam
1904 1486 2026 1559 qui-

415 1575 545 1635 dem
569 1579 892 1650 petitionem
917 1595 1025 1637 non
1050 1580 1260 1654 absque
1279 1581 1651 1639 admiratione
1666 1583 2025 1655 perlegimus,

417 1684 712 1745 propterea
753 1673 900 1747 quod
935 1676 1048 1731 tuis
1091 1677 1344 1748 epistolis
1385 1678 1714 1748 privaretur.
1756 1677 2027 1735 Omnibus

418 1779 508 1837 eo,
543 1781 706 1839 quem
738 1783 828 1824 res
871 1771 1129 1842 exigunt,
1160 1771 1357 1828 ordine
1385 1772 1681 1829 celebratis
1701 1815 1716 1840 ,
1750 1773 1928 1845 aliqua
1955 1775 2022 1830 ad

2195 543 2433 617 gniﬁcat.

2197 725 2250 781 ί.
2294 722 2565 781 Noveram
2606 734 2658 781 te
2682 724 2902 796 quidem
2950 725 3094 782 fama
3138 726 3505 785 celeberrima
3531 728 3740 800 pretii.

2125 827 2284 876 caute
2307 860 2327 888 ,
2349 828 2407 875 et
2435 820 2894 890 frequentissimis
2915 829 3081 896 atque
3108 823 3487 879 veracissimis
3517 823 3738 889 nuntiis

2125 919 2329 984 quanta
2354 925 2510 969 esses
2543 913 2642 969 Dei
2667 915 2844 986 gratia
2878 915 3073 986 plenus
3101 930 3426 988 acceperam
3522 917 3741 976 beatisv

2125 1006 2268 1062 sitne
2310 1015 2476 1077 atque
2514 1002 2828 1064 venerande
2867 1023 3008 1081 papa
3037 1008 3305 1067 Bonifaci.
3355 1010 3464 1070 Sed
3509 1023 3739 1086 poster

2125 1117 2289 1174 quant
2319 1112 2374 1159 te
2401 1101 2566 1158 etiam
2603 1104 2898 1174 praesentia
2927 1106 3199 1176 corporali
3221 1107 3389 1162 frater
3405 1121 3566 1164 meus
3593 1108 3742 1167 vidit

2125 1200 2390 1272 Alypius,
2413 1213 2813 1275 acceptusque
2854 1219 2886 1260 a
2928 1213 2980 1262 te
3011 1205 3410 1276 benignissime
3444 1221 3512 1264 ac
3545 1209 3741 1263 since-

2126 1295 2350 1352 rissime
2372 1306 2561 1352 mutua
2591 1297 2815 1353 miscuit
2829 1296 3073 1354 dictante
3100 1298 3402 1356 dilectione
3427 1299 3738 1372 colloquia,

2127 1397 2417 1462 tecumque
2435 1390 2757 1457 convivens,
2787 1399 2847 1447 et
2871 1405 3042 1463 parvo
3070 1391 3204 1450 licet
3231 1400 3505 1465 tempore,
3533 1407 3742 1465 magno

2129 1483 2224 1540 tibi
2256 1482 2484 1554 junctus
2519 1483 2715 1540 affectu
2743 1527 2759 1552 ,
2791 1497 2854 1544 ac
2900 1483 3065 1541 simul
3095 1495 3266 1542 etme
3299 1485 3509 1542 refudit
3544 1487 3744 1543 animo

2129 1587 2226 1634 tuo
2245 1621 2265 1647 ,
2297 1587 2459 1649 teque
2484 1577 2616 1634 mihi
2653 1578 2965 1650 reportavit
3000 1579 3058 1636 in
3095 1595 3230 1650 suo,
3255 1589 3410 1637 tanto
3439 1579 3618 1652 major
3647 1595 3747 1638 me

2129 1682 2238 1728 tua:
2261 1672 2585 1730 Ssnctitatis
2606 1685 2689 1729 est
2715 1674 2860 1729 facta
2883 1674 3105 1742 notitia,
3129 1683 3339 1746 quanto
3363 1677 3576 1731 certior
3599 1674 3746 1732 arni-

2127 1769 2280 1825 citia.
2311 1767 2660 1842 Nequeenim
2703 1769 3020 1842 dedignaris
3048 1815 3063 1842 ,
3103 1771 3197 1844 qui
3239 1787 3346 1828 non
3390 1771 3501 1827 alta
3541 1771 3747 1842 sapis,

421 1875 525 1917 nos
555 1861 759 1932 scripta
791 1867 1137 1922 transmittas
1168 1884 1180 1920 :
1211 1866 1466 1922 nolumus
1505 1867 1652 1923 enim
1697 1869 2028 1939 coepiscopo
2057 1859 2105 1921 B
2131 1863 2382 1938 quamvis
2401 1865 2569 1921 altius
2593 1862 2915 1936 praesideas,
2945 1877 3070 1922 esse
3098 1865 3311 1922 amicus
3337 1864 3658 1936 humilium,
3684 1872 3762 1923 et,

417 1951 952 2026 Perigenimostram
999 1957 1255 2030 paginam
1302 1959 1583 2016 destinare
1627 1960 1814 2030 prius,
1863 1975 2027 2032 quam

417 2053 541 2104 tuas
569 2048 903 2120 accipiamus
929 2051 1232 2123 epistolas,
1272 2052 1432 2123 cujus
1471 2053 1812 2111 onlinatieui
1839 2053 2032 2111 viden-

418 2151 510 2198 tur
531 2143 721 2199 onnia
745 2141 1013 2216 delegata.
1051 2145 1402 2203 Accelerabis
1423 2147 1479 2203 id
1500 2152 1663 2220 agere
1691 2158 1920 2220 propter
1935 2137 2033 2207 de-

419 2235 1136 2308 siderium-postulantium.
1166 2239 1359 2296 Melius
1384 2241 1535 2297 enim
1562 2257 1732 2299 nosse
1757 2242 2028 2315 dignaris,

418 2342 520 2387 eos
539 2331 593 2386 in
613 2333 755 2387 hanc
773 2346 1003 2400 precem
1021 2333 1162 2400 sola,
1182 2341 1248 2390 ut
1269 2336 1535 2406 arbitror,
1556 2351 1684 2410 erga
1708 2339 2028 2410 religionem

419 2423 714 2481 devotione
745 2425 961 2483 fervere
993 2444 1008 2482 :
1038 2429 1278 2487 maxime
1300 2443 1427 2486 cum
1466 2431 2032 2504 irreprehensihiliter

419 2525 548 2578 eum
575 2529 831 2577 asserant
869 2536 972 2593 per
1011 2538 1191 2581 annos
1237 2523 1563 2583 innumeros
1601 2527 1655 2584 in
1705 2528 2031 2602 presbyterii

421 2613 631 2672 honore
653 2615 912 2682 durasse.
943 2628 999 2674 et
1025 2633 1140 2675 non
1166 2619 1419 2677 indebito
1443 2621 1590 2678 saltu
1616 2665 1633 2691 ,
1663 2623 1760 2681 sed
1787 2623 1855 2681 ad
1879 2639 2030 2681 sum-

419 2717 574 2766 mum
601 2710 874 2782 gradatim
901 2713 1126 2772 venisse
1171 2711 1467 2787 fastigium.
1499 2714 1602 2772 Cui
1640 2717 1710 2772 ad
1736 2717 2035 2789 plenitudi-

423 2816 552 2860 nem
578 2803 1014 2862 conlirmationis
1039 2807 1387 2879 episcopatus
1419 2811 1505 2865 sui
1545 2810 1865 2868 hocsolu‘rn
1889 2812 2031 2869 resi-

419 2896 545 2965 det,
575 2899 721 2972 quod
763 2908 992 2958 nostros
1029 2902 1083 2959 in
1134 2903 1345 2960 honore
1380 2919 1488 2961 suo
1516 2903 1748 2961 necdum
1787 2908 2033 2978 suscepit

417 2990 639 3051 allatus.
672 2991 995 3068 Intelligere
1025 2983 1212 3053 auteiu
1232 3007 1394 3053 ‘tttam
1439 3013 1549 3055 non
1597 3001 1818 3073 ambigo
1845 3000 2030 3058 chari-

418 3095 592 3144 tatem
633 3087 741 3145 hoc
771 3103 880 3144 non
923 3089 1576 3167 absqueadmiratioue,
1622 3093 1770 3165 quod
1807 3103 1864 3151 et
1906 3095 2031 3152 huic

419 3181 678 3238 videmur
710 3190 953 3239 nostram
1007 3183 1265 3256 paginam
1312 3201 1420 3241 non
1473 3186 1722 3254 misisse,
1759 3197 1815 3246 et
1845 3186 2034 3262 (Forte

2130 1975 2380 2017 amorem
2417 1960 2726 2032 rependere
2753 1959 3084 2030 impensum.
3116 1959 3256 2029 Quid
3287 1969 3375 2017 est
3399 1961 3547 2016 enim
3588 1959 3747 2018 aliud

2119 2056 2374 2113 amicitia
2395 2100 2412 2126 ,
2443 2072 2567 2129 qua:
2610 2072 2718 2112 non
2746 2054 2969 2112 aliunde
3009 2071 3171 2126 quam
3199 2071 3265 2112 ea
3299 2070 3492 2112 amore
3531 2068 3745 2114 nomen

2129 2148 2378 2222 accepit,
2407 2159 2462 2204 et
2493 2163 2758 2220 nusquam
2789 2149 2898 2205 nisi
2928 2148 2993 2224 in
3029 2148 3260 2217 Christo.
3284 2147 3465 2206 ﬁdelia
3488 2159 3579 2206 est
3610 2192 3629 2218 ,
3677 2149 3768 2208 in'

2131 2257 2242 2313 quo
2270 2242 2389 2298 solo
2411 2255 2538 2298 esse
2564 2243 2731 2298 etiam
2749 2244 3084 2312 sempiterna
3112 2257 3177 2298 ac
3197 2240 3330 2299 felix
3345 2243 3550 2313 potest?
3571 2239 3746 2302 Unde

2132 2345 2189 2394 et
2216 2347 2440 2408 accepta
2471 2351 2568 2406 per
2591 2352 2720 2392 eum
2745 2335 2993 2405 fratrem,
3021 2352 3118 2408 per
3143 2351 3307 2408 quem
3327 2343 3384 2393 te
3405 2335 3748 2394 familiarius

2095 2429 2334 2501 fdidici,
2367 2429 2577 2501 majore
2615 2428 2810 2485 fiducia
2838 2475 2853 2498 ,
2895 2444 3062 2487 ausus
3097 2444 3218 2486 sum
3247 2429 3454 2501 aliquid
3487 2426 3557 2486 ad
3587 2439 3747 2486 tuam

2130 2523 2543 2582 Beatitudinem
2572 2523 2816 2580 scribere
2847 2523 2916 2580 de
2954 2521 3046 2580 bis
3087 2523 3284 2588 rebus.
3317 2539 3438 2597 qua:
3465 2524 3569 2582 hoc
3599 2534 3747 2581 tem-

2135 2635 2272 2692 pore
2293 2619 2669 2693 episcopalem
2703 2634 2917 2688 curam,
2945 2621 2992 2675 si
3017 2634 3121 2691 qua
3153 2617 3211 2675 iu
3239 2618 3402 2676 nobis
3423 2629 3532 2690 est,
3560 2620 3631 2676 ad
3654 2621 3745 2677 vi-

2133 2716 2416 2789 gilantiam
2464 2729 2566 2788 pro
2607 2727 2773 2787 grege
2823 2714 3105 2770 dominico
3151 2713 3378 2771 stimulo
3433 2715 3753 2774 recentiore

2133 2811 2455 2868 sollicitant.

2205 2904 2262 2960 2.
2285 2902 2432 2982 Novi
2453 2903 2656 2975 quippe
2680 2901 2922 2958 haeretici
2946 2947 2961 2973 ,
2988 2901 3198 2958 inimici
3225 2902 3420 2974 gratia
3445 2901 3586 2970 Dei,
3618 2919 3752 2974 qua

2133 2998 2301 3055 datur
2331 2997 2542 3069 pusillis
2580 3008 2634 3054 et
2662 2997 2880 3068 magnis
2907 3010 3003 3068 per
3029 2995 3216 3052 desum
3239 2995 3520 3053 Christum
3552 2995 3752 3054 Domi-

2135 3111 2273 3152 num
2286 3103 2559 3160 nostrum,
2583 3091 2689 3149 etsi
2711 3091 2828 3165 jam
2852 3088 3087 3148 cavendi
3114 3090 3434 3148 evidentius
3460 3093 3755 3162 apertiore

2137 3187 2542 3258 improbatione
2583 3193 2993 3252 monstrantur,
3043 3199 3156 3240 non
3208 3192 3392 3241 tamen
3452 3187 3758 3258 quiescunt

419 3275 545 3348 nec)
571 3273 913 3349 supplicibus
940 3280 1241 3348 prabuisse
1266 3294 1622 3352 responsum.
1652 3282 1852 3339 Actum
1878 3300 1909 3338 a
1935 3299 2032 3340 no-
2058 3265 2107 3331 (ἶ
2133 3281 2363 3354 scriptis
2389 3279 2505 3338 suis
2538 3282 2722 3350 minus
2750 3288 3040 3337 cantorum
3068 3277 3158 3335 vel
3187 3279 3372 3334 minus
3397 3278 3753 3336 eruditorum

418 3372 505 3431 bis
529 3386 616 3430 est
637 3419 653 3441 ,
685 3384 744 3430 ut
776 3384 833 3429 et
871 3375 1196 3445 apostolica:
1226 3375 1375 3432 sedis
1397 3378 1700 3433 auctoritas
1720 3419 1737 3444 ,
1767 3387 1823 3433 et
1853 3377 2036 3460 Dilec-

419 3468 594 3526 tionis
621 3475 739 3524 tua
786 3469 1211 3526 honorificentia
1260 3481 1602 3527 servaretur.
1631 3470 1765 3528 Data
1799 3485 1895 3529 χιιι
1919 3471 2031 3528 kal.

417 3561 650 3621 Octhr.
688 3563 980 3635 (Septemb.
1015 3565 1108 3634 l9,
1131 3582 1261 3622 anu.
1291 3567 1426 3638 H9)
1457 3566 1714 3625 Monaaie
1737 3583 1791 3624 v.
1821 3583 1875 3624 c.
1911 3584 2035 3624 con-

417 3657 565 3715 dile.
642 3660 656 3704 .“

969 3750 1306 3813 EPISTOLA
1326 3753 1406 3811 γι
1433 3751 1461 3794 ά

514 3908 803 3952 AUGUSTI!“
846 3910 1192 3955 IMNIRSIS
1236 3913 1472 3955 EPISCOPI
1519 3914 1585 3954 ΑΒ
1624 3914 1944 3957 ΙΟΠΙΙἎΟΙΠΙ

1132 4008 1329 4049 ΡΔΡΛΙ.

423 4125 780 4201 Augustinus,
811 4131 1082 4200 prmissa
1125 4129 1396 4202 Bonifatii
1434 4133 1636 4207 eloyio,
1679 4135 2037 4190 necessitatem

495 4224 707 4296 exponit
728 4222 1096 4280 hereticorum
1118 4225 1353 4297 epistolis
1373 4226 1748 4297 respondendi.
1777 4226 1912 4283 Tum
1936 4230 2033 4282 hoc

495 4333 628 4388 opus
652 4317 731 4373 ad
765 4317 922 4376 illum
952 4321 1312 4393 potissimam,
1347 4336 1451 4376 neu
1485 4331 1544 4376 ut
1572 4321 1820 4389 disceret,
1853 4313 1944 4376 sed
1975 4329 2031 4375 ut

497 4545 526 4576 ι
547 4535 788 4595 Subaudi
821 4537 1008 4608 magis.
1047 4537 1148 4594 Hic
1192 4542 1379 4593 autem
1409 4533 1656 4601 hastilia,
1689 4532 1740 4588 id
1770 4542 1855 4591 est
1887 4531 2035 4605 quod

431 4608 736 4667 humilis-et
761 4608 1029 4677 abiectas.

492 4679 521 4720 δ
573 4678 712 4737 Cum
757 4675 1218 4736 aniecedcotihus
1279 4680 1428 4736 nulla
1485 4679 1696 4735 ratione
1752 4675 2038 4733 cohaerent

425 4754 670 4811 subnexa
702 4771 718 4808 :
766 4753 863 4810 sed
901 4755 945 4807 si
973 4769 1165 4810 eorum
1207 4753 1333 4808 loco
1362 4750 1768 4806 substituantur
1799 4750 1916 4804 hmo
1941 4765 2034 4803 su-

422 4825 661 4899 perioris
717 4825 967 4896 epistolae
1005 4841 1160 4880 unm.
1189 4823 1224 4879 4
1266 4843 1278 4879 :
1325 4825 1509 4899 Quare
1554 4837 1807 4877 consensu
1850 4837 2031 4875 eorum

422 4895 513 4972 ᾖκὲ
559 4897 674 4972 illic
701 4895 1062 4952 auctoritatem
1101 4899 1242 4951 sedis
1283 4895 1588 4972 apostolicae
1624 4901 2028 4972 repraesentant,

427 4963 548 5026 eum
569 4971 622 5024 in
644 4980 942 5026 nostrorum
961 4984 1237 5023 numerum
1263 4963 1570 5034 recipimus,
1597 4977 1731 5034 etc.,
1766 4963 1900 5020 nihil
1925 4966 2036 5020 erit.

427 5043 572 5116 quod
601 5058 720 5116 non
736 5041 1032 5116 aptissime
1047 5042 1342 5116 cohaereat.

500 5125 522 5154 ε
550 5115 610 5169 In
636 5109 868 5181 vulgatis
887 5155 902 5178 ,
933 5113 1196 5180 petitionis
1232 5112 1597 5183 supplirum...
1638 5109 1919 5183 uicinitatis
1946 5126 2034 5162 ra-

427 5187 568 5242 tione
621 5180 929 5256 perspectnt.
984 5180 1343 5243 Manifestum
1382 5190 1508 5245 est,
1560 5183 1823 5252 petitionis
1874 5180 2032 5246 loco,

428 5258 612 5329 petitio
657 5256 1062 5312 restituendum
1093 5257 1246 5329 esse.
1289 5256 1441 5329 item
1464 5262 1812 5329 pet-spectet;
1847 5269 1948 5322 pro
1987 5263 2036 5329 te

426 5323 717 5400 respectat,
749 5330 1041 5396 irrepsisse
1082 5326 1278 5382 suadet
1311 5326 1447 5381 illttd
1467 5323 1625 5400 noni.
1646 5326 1685 5380 2
1710 5344 1726 5400 γε
1767 5323 1846 5400 Te
1866 5324 2033 5400 onmis

425 5397 574 5457 cura‘
620 5410 871 5467 respectat
932 5417 1113 5454 eurum
1164 5399 1525 5455 ecclesiarum.
1586 5397 1797 5467 Duplici
1869 5398 2034 5465 igitur

427 5419 556 5457 cura
620 5419 699 5456 res
741 5418 871 5456 eatat
932 5418 1113 5454 eurum
1164 5418 1525 5455 ecclesiarum.
1587 5418 1797 5467 uupttcs
1869 5418 2034 5465 igitur

427 5477 638 5532 ratione
666 5418 1082 5529 C’I’trinthiurum
1111 5473 1437 5542 petitionem
1465 5471 1534 5524 ad
1569 5469 1768 5542 Rufum
1796 5469 2034 5542 attinere

429 5545 741 5602 Bonifacius
763 5545 954 5613 docet,
989 5539 1165 5614 prima
1189 5542 1414 5610 speciali
1443 5586 1456 5604 ,
1491 5557 1594 5612 qua
1623 5541 1824 5595 dudum
1853 5539 2034 5614 ablu-

428 5617 686 5674 uoeentio
731 5617 798 5672 ad
847 5610 1261 5684 cognoscendas
1310 5610 1624 5682 huiusmodi
1681 5626 1877 5667 causas
1920 5610 2031 5681 jam

428 5693 640 5747 electus
663 5690 868 5754 fuerat;
893 5683 1064 5742 altera
1097 5688 1374 5742 communi
1400 5728 1417 5754 ,
1439 5695 1710 5756 quatenus
1727 5683 2033 5739 Corinthiis

425 5763 648 5831 vicinus
678 5770 798 5816 erat
833 5760 1307 5831 metropulitauus.

472 5830 529 5869 Ἀ
557 5833 774 5901 Scripta
802 5844 948 5886 anno
975 5826 1108 5887 ηε).
1142 5830 1237 5886 Est
1272 5828 1494 5901 quidem
1541 5826 2036 5901 exordiamlibro-

430 5897 548 5958 rhtn
569 5897 839 5972 quatitur,
868 5907 1009 5972 quos
1034 5897 1370 5972 Augustinus
1393 5908 1589 5955 contra
1615 5899 1752 5956 duas
1770 5898 2036 5968 epistolas

2136 3377 2306 3433 corda
2342 3384 2580 3431 tentare.
2619 3371 2831 3442 Quibus
2868 3372 3236 3443 utique'esset
3259 3371 3714 3442 respondendum
3736 3417 3752 3443 ,

2135 3489 2209 3532 ne
2257 3487 2318 3529 se
2363 3469 2451 3529 vel
2491 3485 2621 3528 suos
2667 3472 2720 3526 in
2764 3467 2862 3525 illo
2905 3468 3146 3526 nefando
3185 3481 3378 3524 errore
3418 3467 3710 3523 firmarent
3736 3508 3753 3534 ,

2133 3566 2353 3623 etiamsi
2375 3581 2486 3622 non
2505 3571 2875 3620 metueremus
2888 3577 2957 3618 ne
2976 3575 3312 3634 quemquam
3335 3559 3754 3615 Catltolicorum

2133 3661 2424 3720 verisimili
2454 3673 2713 3717 sermone
2739 3657 3087 3728 deciperent.
3117 3653 3253 3711 Cum
3285 3668 3417 3709 vero
3453 3667 3565 3709 non
3595 3652 3753 3709 desi-

2135 3765 2271 3813 nant
2301 3756 2539 3811 fremere
2561 3755 2628 3809 ad
2651 3752 2909 3808 dominici
2922 3749 3114 3824 gregis
3135 3748 3349 3816 caulas,
3380 3754 3548 3818 atque
3568 3745 3640 3802 ad
3667 3745 3758 3817 dig

2113 3849 2115 3851 ’
2143 3849 2424 3921 ripicndas
2453 3858 2607 3903 tanto
2639 3848 2816 3918 pretio
2839 3844 3156 3914 redemptae
3172 3855 3326 3908 oves,
3356 3835 3542 3896 aditus
3567 3837 3762 3920 undeﬁ

2139 3959 2376 4016 cumque
2423 3942 2647 4010 rimari,
2698 3939 3123 4010 communisque
3149 3938 3222 3992 sit
3251 3935 3514 3991 omnibus
3547 3935 3710 3990 nobis
3735 3978 3753 4004 ,

2136 4040 2228 4110 qui
2258 4037 2535 4109 fungimur
2562 4035 2913 4104 episcopatus
2937 4031 3126 4087 ofllcio
3145 4029 3421 4103 (quamvis
3450 4028 3576 4098 ipse
3597 4028 3654 4081 in
3678 4041 3747 4083 ea

2137 4131 2499 4202 praemiueas
2538 4127 2772 4184 celsiore
2815 4123 3093 4198 fastigio),
3136 4123 3363 4195 specula
3406 4121 3752 4193 pastoralis:

2132 4225 2288 4280 faciot
2306 4224 2451 4296 quod
2477 4237 2701 4294 possum
2734 4234 2832 4292 pro
2858 4221 2965 4278 mei
2984 4218 3254 4290 particula
3276 4213 3549 4285 muneris,
3573 4231 3754 4288 quan-

2133 4328 2256 4395 tum
2305 4318 2443 4376 mihi
2493 4319 2758 4376 Dominus
2807 4317 3202 4390 adiuvantibus
3245 4313 3600 4372 orationibus
3645 4311 3760 4370 tuis

2135 4530 2557 4603 Pelagianorum
2582 4531 2935 4603 conscripsit,
2966 4541 3018 4587 et
3051 4527 3339 4603 Bonifacio
3365 4525 3757 4603 nuncupavit:

2139 4605 2234 4659 sed
2269 4597 2403 4658 nihil
2432 4613 2583 4659 vetat
2627 4597 2928 4672 quominus
2967 4602 3284 4673 appelletur,
3311 4597 3609 4673 epistola,
3640 4615 3761 4659 ma-

2139 4676 2284 4731 xime
2320 4692 2446 4729 cum
2475 4687 2530 4731 et
2568 4669 2850 4746 epistulari
2879 4669 3099 4730 ratione
3131 4669 3523 4746 concinnatum
3551 4669 3674 4746 sit,
3704 4681 3761 4728 et

2140 4746 2390 4814 epistolae
2432 4741 2657 4803 nomine
2695 4747 2888 4803 donari
2928 4748 3146 4802 soleam
3184 4741 3497 4814 huiusmodi
3533 4742 3761 4800 dedica-

2141 4820 2343 4875 tiones.
2390 4818 2521 4874 ideo
2559 4828 2746 4875 autem
2787 4818 3125 4889 Augustinus
3168 4831 3306 4889 opus
3329 4861 3343 4885 ,
3366 4816 3444 4889 in
3472 4816 3757 4889 quoduas

2139 4890 2555 4960 Pelagianorum
2604 4887 3160 4962 epistolas—'coiifutat
3177 4929 3206 4962 ,ξ
3233 4887 3526 4962 ζΒίιηίΐιεῇο
3562 4887 3759 4944 dicae.

2134 4957 2491 5030 duufduxit,
2522 4957 2657 5033 quia
2681 4963 2810 5018 illas
2841 4963 3105 5032 epistolas
3145 4959 3248 5016 sibi
3274 4959 3348 5033 ab
3381 4957 3584 5033 epdem
3614 4973 3758 5033 papa

2135 5029 2495 5090 transmissus
2517 5029 2824 5103 acceperat.
2860 5029 2964 5090 Eas
2987 5035 3244 5089 nimirum
3273 5029 3756 5104 Bonifaciushly-

2140 5106 2229 5175 pio
2279 5105 2499 5161 tradens
2541 5102 2715 5162 Bonis
2762 5109 2815 5161 in
2845 5105 3087 5161 Africam
3124 5102 3473 5175 revertenti,
3507 5102 3613 5172 ipsi
3645 5102 3759 5158 Ait-

2136 5173 2385 5249 gustino.
2419 5178 2578 5248 cujus
2604 5193 2807 5234 nomen
2833 5219 2847 5242 ,
2882 5185 2943 5232 ut
2981 5177 3085 5249 lib.
3111 5192 3150 5231 tt
3190 5173 3342 5249 lietr.
3369 5173 3510 5249 c._6l
3550 5176 3758 5249 tuemi-

2139 5244 2242 5318 nit,
2274 5244 2598 5305 calumniose
2617 5251 2980 5323 interpositum
3006 5247 3320 5316 oﬂ'ertdebat,
3347 5244 3526 5302 noluit
3550 5244 3748 5304 latere.

2147 5321 2300 5377 Unde
2352 5333 2568 5388 tempus
2608 5323 2870 5388 colligere
2904 5331 2992 5377 est
3013 5361 3028 5386 ,
3059 5334 3169 5388 quo
3198 5317 3316 5374 haec
3350 5316 3584 5388 epistola
3621 5333 3750 5379 cum

2195 5336 2300 5376 mle
2352 5336 2568 5386 tempus
2608 5336 2870 5386 contigere
2904 5336 2992 5377 est
3013 5361 3028 5386 ,
3059 5336 3169 5386 quo
3198 5336 3316 5374 nam
3350 5336 3584 5386 epistota
3621 5336 3696 5379 cn

2147 5337 2300 5377 unus
2352 5337 2568 5392 tempus
2608 5337 2870 5392 COlllgt‘l'c
2904 5337 2992 5377 est
3013 5361 3028 5386 ,
3059 5337 3169 5390 quo
3198 5337 3316 5374 nam
3350 5337 3584 5388 epistota
3621 5337 3750 5379 curn

2143 5395 2358 5465 reliquo
2383 5409 2553 5466 opere
2582 5393 2844 5449 adornata
2883 5393 3240 5466 sit.Alypiug
3264 5389 3413 5466 enim
3445 5390 3750 5466 sublinere

2141 5455 2404 5522 anni-419
2423 5455 2615 5520 dicina
2651 5480 2903 5520 reversus
2946 5455 3168 5519 dicitur.
3194 5461 3274 5518 Et
3299 5462 3442 5516 ordo
3483 5461 3709 5532 quidem
3732 5503 3748 5526 ,

2141 5553 2302 5608 quem
2353 5537 2409 5594 in
2467 5536 2623 5592 libris
2675 5535 3147 5608 Retractationum
3194 5533 3491 5608 Augustini
3508 5533 3754 5608 ‘obtiaet

2142 5601 2260 5664 haec
2305 5608 2648 5676 lucubratio,
2696 5610 3052 5683 suadeteam
3083 5605 3150 5662 ad
3189 5601 3400 5683 puniunt
3424 5601 3542 5683 {20-
3580 5605 3754 5683 perti-

2141 5696 2296 5737 nere.
2322 5675 2699 5752 liamiquoque
2729 5694 2827 5751 per
2854 5679 3110 5752 Alypium
3137 5677 3207 5734 ad
3237 5675 3592 5752 Bonifaciutn
3623 5677 3754 5752 inla-

2139 5767 2257 5810 satn
2285 5766 2406 5809 esse
2441 5747 2689 5809 Julianus
2710 5747 2854 5822 apud
2880 5747 3244 5822 Augustinum
3263 5789 3283 5817 ,
3316 5747 3413 5804 lib.
3451 5760 3480 5806 a
3511 5747 3618 5819 ορ.
3649 5749 3756 5812 ill-

2140 5825 2277 5896 Ρθΐίο
2303 5839 2358 5881 ο·
2391 5823 2486 5891 85,
2514 5840 2616 5895 pro
2633 5837 2791 5883 certo
2815 5823 2986 5894 ponit.
3445 5833 3448 5835 λ
3519 5861 3526 5866 .
3627 5859 3634 5868 ,
3721 5847 3726 5850 -
