3896 6222
497 312 596 386 Πῖί

1443 327 1523 382 5..
1545 328 1996 389 GAUlllCN'I'lCS
2029 331 2412 403 ‘EPISCOPUS
2454 337 2855 399 BRIXIANUS.

3690 355 3809 411 796

476 501 478 506 _
565 445 815 513 Suscepit
861 441 1160 498 Calcat-dus
1206 440 1498 496 Gandcntii
1551 424 1752 499 edendi
1788 428 2078 502 consilium
2109 451 2159 512 Α
2185 467 2254 506 ex
2279 454 2555 522 prioribus
2583 447 2635 513 in
2659 460 2855 517 melius
2881 458 3210 521 refer-metas
3229 465 3440 541 dicens,
3474 469 3582 526 Sed
3609 474 3808 542 primo

492 551 661 594 suasu
709 551 772 590 ac
824 533 1062 603 impulsu
1093 533 1343 602 pra'sulis
1375 532 1462 586 Jo.
1519 532 1718 590 Franr.
1777 536 2079 611 Bnrbadici,

493 644 688 689 recens
722 640 848 682 tunc
879 642 908 680 a
941 625 1244 680 Veronensi
1276 627 1600 696 episcopatu
1650 629 1716 684 ad
1763 630 2081 689 Brixiannm

449 789 452 792 ,
493 699 764 792 translati,
815 718 1010 787 quiet
1052 710 1248 787 opibus
1299 731 1353 773 et
1407 720 1559 776 nulla
1602 737 1712 778 non
1761 737 1928 794 opera
1947 741 2080 803 eum

480 815 621 888 juvit
641 813 948 885 meritoque
973 811 1179 867 nomini
1208 827 1308 867 suo
1328 813 1662 884 inscriptum
1695 816 1850 871 vidit.
1880 818 2084 876 Nactus

488 923 620 965 vero
648 907 831 984 editor
855 905 1126 984 praeclara
1153 921 1222 963 ex
1254 907 1416 964 codd.
1451 924 1586 965 mss.
1619 910 1924 981 Vaticanis,
1959 909 2083 970 Flo-

486 1001 725 1068 rentino,
777 998 1071 1079 Urbinate,
1120 1009 1177 1054 et
1225 999 1498 1056 Brixianis
1561 1003 2083 1079 subsidiaaassiduo

488 1094 670 1151 studio
699 1077 1076 1152 emendatibni
1105 1097 1350 1151 auctoris
1375 1095 1822 1166 depravatissimi
1842 1077 2081 1170 vacavit,

483 1187 561 1244 ita
606 1197 788 1242 tamen
819 1196 897 1253 ut,
954 1169 1292 1258 ubicumque
1323 1187 1533 1261 aliquid
1567 1189 1888 1245 innovatum
1915 1169 2082 1259 eSset,

488 1285 558 1339 de
590 1297 656 1337 eo
688 1282 954 1336 lectorem
985 1279 1332 1337 admoneret.
1356 1281 1412 1337 lu
1447 1283 1792 1339 variantibus
1833 1284 2087 1340 lectioni-

485 1374 591 1432 bus
615 1373 962 1444 apponendis
983 1381 1040 1426 et
1061 1373 1421 1430 recensendis
1444 1373 1762 1444 religiosior
1789 1391 1930 1445 pene
1951 1375 2082 1434 luit:

488 1467 763 1543 maluisse,
802 1464 948 1521 enim
1008 1455 1185 1536 inquit
1214 1465 1593 1534 sedulitatem
1631 1481 1784 1523 suam
1827 1469 2086 1526 delicatis
2145 1469 2148 1472 ’

488 1557 802 1616 hominibus
827 1556 1048 1613 nimiam
1075 1566 1169 1633 aut
1198 1572 1476 1613 morosum
1509 1557 1709 1624 rideri,
1731 1574 1894 1631 quam
1921 1559 2084 1616 iidem

488 1649 630 1722 apud
659 1647 941 1706 studiosos
971 1659 1030 1704 et
1065 1648 1257 1716 doctos
1300 1651 1541 1706 lectores
1575 1651 1895 1724 periclitari.
1954 1653 2085 1707 Ani-

485 1742 900 1798 madversioues
947 1742 1190 1798 rariores
1242 1743 1466 1814 adjecit,
1499 1745 1555 1798 in
1604 1744 1802 1814 quibus
1827 1759 1916 1812 ea,
1961 1760 2084 1816 qua:
2136 1766 2139 1768 ·

2187 545 2367 630 statim
2429 547 2622 604 obtutu
2674 555 3051 625 unusquisque
3121 555 3286 613 facile
3345 559 3803 634 animadvert-~t,

2182 625 2347 708 quam
2378 655 2525 713 saepe
2555 642 2688 698 illud
2717 655 2772 699 et
2796 662 2958 713 quam
2987 651 3273 722 praeclare
3320 650 3520 708 factum
3549 656 3645 710 sit.
3679 625 3805 714 hil;

2183 731 2376 800 primis
2403 744 2587 802 autem
2609 736 2678 792 de
2706 739 2895 796 codice
2924 755 3032 796 non
3067 735 3277 814 magna:
3304 745 3527 815 quidem
3556 746 3808 823 anliqui~

2185 826 2335 890 tatis,
2366 826 2460 882 sed
2487 829 2721 900 egregia:
2746 830 2999 889 lectionis
3017 846 3074 891 et
3104 837 3587 896 ennmrlationihus
3615 842 3802 900 Octa-

2186 917 2262 972 vii
2306 917 2635 991 Pantagatlii
2684 923 2834 981 Brix.
2877 940 3040 982 manu
3091 928 3349 999 ascriptis
3404 943 3634 1001 repente
3682 939 3800 994 sibi

2187 1009 2370 1065 oblato
2410 1010 2646 1085 letatur,
2677 1029 2744 1071 ex
2776 1031 2886 1087 quo
2916 1019 3204 1077 innumera
3237 1025 3344 1079 sibi
3375 1027 3627 1084 restituta
3665 1045 3800 1086 esse

2187 1099 2443 1158 afﬁrmat.

2260 1193 2426 1249 1757.
2466 1181 2716 1268 Augustis
2743 1197 3145 1258 .Vindelicorum
3183 1204 3377 1275 sumpt.
3404 1207 3614 1282 lgmtlii
3639 1214 3799 1269 Ada-

2185 1289 2260 1341 mi
2285 1296 2330 1342 et
2357 1284 2551 1375 Franc.
2584 1289 2710 1346 Ant.
2753 1291 2928 1350 Veith.
2959 1295 3014 1351 in
3043 1295 3102 1353 4°
3141 1297 3201 1354 S.
3242 1282 3535 1360 Gaudentii
3571 1306 3664 1363 Br.
3697 1323 3798 1378 ep.

2189 1394 2494 1449 sermones,
2521 1391 2629 1439 etc.
2667 1383 2847 1441 Editio
2874 1385 3136 1444 Patavina
3157 1391 3224 1446 ad
3244 1408 3479 1464 unguem
3503 1411 3796 1467 expressa.

2257 1473 2498 1545 Codices,
2529 1477 2622 1545 qui
2648 1474 2918 1536 Galeardo
2937 1482 3141 1539 auxilio
3171 1484 3415 1553 fuerunt,
3445 1491 3644 1558 partim
3672 1494 3801 1550 uni-

2185 1580 2344 1623 versa
2366 1581 2544 1638 opera'
2562 1584 2738 1640 usque
2763 1581 2878 1628 tum
2907 1572 3078 1642 edita,
3109 1577 3306 1646 partim
3329 1594 3502 1635 unum
3534 1582 3624 1637 vel
3653 1582 3802 1639 alte-

2187 1675 2308 1716 rum
2337 1676 2531 1718 recens
2570 1652 2881 1720 additorum
2912 1681 3234 1724 sermonum
3277 1670 3591 1742 singulatim
3638 1690 3804 1732 com-

2187 1750 2603 1825 plectebantur.
2620 1754 2848 1813 Illorum
2869 1759 3097 1833 quinque
3115 1771 3297 1834 erant,
3321 1763 3514 1822 horum
3533 1757 3799 1838 quatuor.

488 1835 866 1908 locationibus
912 1836 1258 1894 lllustrandis
1302 1838 1629 1908 inserviunt,
1674 1841 2086 1910 comparatione
2115 1848 2161 1909 B
2263 1848 2326 1902 1°
2365 1837 2582 1906 Codices
2620 1866 2749 1908 mu.
2780 1849 2922 1910 Bibl.
2954 1853 3227 1914 Vaticana
3252 1872 3309 1922 η.
3345 1859 3486 1917 1245
3535 1835 3590 1919 et
3615 1862 3798 1934 4580,

478 1924 610 1990 lere
655 1931 898 2002 locorum
950 1932 1212 1990 similium
1266 1933 1408 2004 apud
1455 1935 1609 1997 alios
1648 1935 1954 2006 scriptores
1986 1951 2085 1992 oc-

494 2025 833 2082 currentium
873 2022 1170 2094 constant,
1216 2021 1499 2098 non'nullaz
1543 2042 1631 2084 res
1673 2029 2090 2086 ecclesiasticas

495 2114 797 2187 attingunt,
839 2109 1137 2189 utrumque
1175 2134 1349 2189 genus
1389 2119 1531 2175 haud
1583 2135 1792 2192 magna:
1837 2121 2088 2178 lectionis

409 2230 412 2232 τ
471 2210 861 2267 eruditionem
887 2210 1088 2281 prodit.
1113 2211 1289 2267 Tanto
1312 2227 1442 2269 vero
1459 2213 1763 2285 insigniora
1816 2223 2089 2286 suntquae

496 2302 552 2356 in
586 2301 911 2371 praefatione
933 2301 1002 2358 de
1027 2302 1169 2370 Vita,
1203 2290 1499 2360 virtutibus
1518 2317 1569 2359 et
1602 2305 1784 2370 laude,
1814 2319 1920 2375 qua
1943 2305 2092 2376 apud

493 2395 735 2466 equales
759 2405 818 2450 et
848 2389 1100 2466 posteros
1142 2396 1406 2452 claruerit
1440 2396 1800 2464 Gaudentius,
1846 2398 1915 2454 de
1945 2399 2088 2455 scri-

450 2553 451 2556 η
492 2487 600 2558 ptis
628 2486 750 2556 ejus
778 2489 1036 2558 genuinis
1065 2489 1523 2560 etsupposititiis,
1566 2505 1870 2562 eorumque
1901 2491 2090 2549 indole"

494 2578 780 2637 disseruit.
827 2582 944 2649 Qua
986 2585 1279 2640 occasione
1311 2584 1375 2657 (ᾗ
1408 2583 1484 2655 ll)
1531 2588 1773 2656 graviter
1816 2588 1982 2642 etiam
2032 2587 2086 2642 in

497 2672 818 2745 Dupin-ium,
853 2676 1114 2746 iniquius,
1155 2687 1216 2733 ut
1245 2678 1348 2749 ipsi
1380 2679 1552 2734 visum
1585 2689 1692 2745 est,
1735 2679 1804 2735 de
1833 2678 2091 2737 Gauden-

493 2767 575 2822 tio
614 2777 974 2834 statucntem,
1010 2768 1308 2838 invehitur.
1353 2771 1645 2829 Postremo
1670 2773 1740 2828 de
1768 2771 2005 2828 consilio
2032 2779 2109 2829 et

443 2867 447 2871 ‘
493 2859 685 2916 ordine
712 2859 872 2928 hujus
896 2861 1176 2933 editionis,
1211 2864 1521 2934 superiores
1552 2865 1790 2920 breviter
1823 2863 2091 2935 perst'rino

489 2965 644 3022 gens,
672 2951 906 3009 let-tores
932 2953 1218 3030 admonet,
1257 2955 1352 3011 His
1390 2956 1643 3012 omnibus
1672 2955 1895 3025 insuper
1937 2956 2090 3011 testi-

495 3046 680 3101 monia
735 3046 802 3102 de
839 3045 1180 3118 Gaudentio,
1223 3063 1432 3105 necnon
1483 3051 1641 3104 index
1688 3048 1950 3106 locorum
1984 3049 2085 3106 SS.

492 3137 676 3194 addita
708 3148 855 3195 sunt.
882 3138 1252 3213 Rerum‘vero
1276 3141 1438 3199 index
1459 3141 1815 3212 Rampertum
1847 3144 2005 3199 simul
2034 3149 2092 3197 et

495 3232 891 3290 Adelmannum
935 3234 1342 3300 complectitur.

570 3324 729 3379 1721.
772 3323 1090 3398 Hamlmrgi,
1121 3327 1176 3380 in
1200 3325 1281 3382 8°.
1309 3326 1429 3383 Vita
1451 3327 1510 3384 S.
1538 3329 1820 3386 Pliilastrii
1847 3333 2086 3403 episcopi

500 3414 644 3470 Brix.
668 3431 761 3485 per
785 3416 842 3471 S.
859 3417 1224 3494 Gaudentium
1243 3419 1364 3483 ejus
1381 3434 1761 3477 successorem
1777 3426 2087 3494 conscripta

495 3509 694 3577 quaeha
705 3509 858 3564 betur
874 3495 1083 3564 in‘libro
1100 3520 1312 3565 vetusto
1326 3511 1566 3568 Sacrarii
1581 3515 1834 3571 ecclesiae
1853 3517 2094 3572 Brixien-

413 3643 415 3645 .
495 3598 594 3664 sis,
613 3612 806 3670 eetqne
820 3615 878 3655 se
889 3617 1004 3655 rtno
1027 3601 1242 3658 habitus
1265 3603 1318 3659 in
1344 3606 1716 3662 anniversario
1733 3608 1822 3664 die
1840 3609 2092 3668 solemni-

501 3691 630 3744 tatis
655 3687 774 3758 ejus
801 3708 815 3747 :
861 3708 978 3746 cum
1010 3693 1321 3762 Philastrio,
1354 3698 1440 3753 ed.
1477 3714 1509 3751 a
1549 3697 1639 3753 Jo.
1665 3701 1781 3754 Alb.
1813 3698 2085 3757 Fabricio.

575 3779 732 3835 1758.
773 3781 989 3851 Brixia,
1035 3800 1100 3838 ea:
1123 3795 1349 3856 typogr.
1379 3785 1472 3842 Jo.
1506 3785 1693 3844 Maria:
1735 3790 2000 3860 Rizzardi,
2033 3793 2088 3863 in

503 3870 601 3940 fol.
628 3870 687 3925 8.
716 3870 1008 3929 Gaudentii
1053 3874 1250 3932 Brixia:
1285 3893 1372 3947 ep.
1405 3885 1805 3952 sermuncsqui
1845 3876 2111 3952 exstant,

500 3963 566 4017 ad
597 3963 758 4020 fidem
789 3980 920 4034 mss.
950 3968 1115 4025 codd.
1149 3971 1412 4040 reengniti
1439 3980 1496 4027 et
1522 3977 1827 4042 emendati;
1873 3976 1928 4032 in
1967 3977 2090 4034 Col-

484 4051 718 4133 .lectione
755 4055 870 4111 Yet.
911 4055 1032 4114 PP.
1075 4059 1243 4115 Brix.
1271 4060 1521 4118 Ecclesia:
1572 4065 1916 4132 Quiriniana,
1958 4083 1988 4122 a
2033 4085 2089 4139 p.

508 4147 609 4204 185
641 4163 816 4219 usque
837 4150 906 4204 ad
934 4151 1062 4207 579.
1091 4148 1390 4209 Recensuit
1416 4154 1594 4210 denuo
1625 4166 1679 4211 et
1702 4157 1866 4211 Notas
1895 4173 2090 4230 secuns

497 4237 577 4294 dis
598 4253 664 4296 cu
676 4241 750 4296 ris
774 4250 960 4297 auctas
988 4242 1192 4314 adjecit
1218 4242 1421 4299 Paulus
1441 4243 1755 4315 Galcardus,
1783 4263 1906 4306 can.
1937 4250 2089 4306 Brix.

489 4357 498 4376 ν
570 4335 712 4402 Quid
755 4351 918 4391 novre
962 4337 1125 4405 hujus
1162 4338 1426 4394 editionis
1455 4336 1744 4409 occasione
1768 4357 1798 4396 a
1825 4342 2092 4400 Galeardo

501 4429 802 4499 prrestitum
831 4441 937 4497 est,
980 4432 1098 4501 ipse
1133 4431 1350 4501 quidem
1385 4434 1653 4489 modestia
1692 4436 1746 4490 in
1778 4435 1925 4491 Italis
1955 4438 2094 4493 seria
2137 4451 2150 4460 ·

498 4528 716 4589 piorum
748 4516 1240 4576 coclesi:tstic01-ttm
1264 4523 1563 4580 editoribus
1589 4528 1933 4599 sequentium
1960 4540 2096 4584 tem-

2191 1947 2422 2012 uterque
2453 1957 2816 2015 papyraceus.
2867 1968 2872 1975 -

2258 2032 2322 2090 2°
2361 2032 2541 2090 Codex
2568 2052 2665 2090 ms.
2703 2035 3069 2096 Urbinatensis
3090 2037 3548 2108 membranaceus
3598 2062 3660 2103 n.
3693 2048 3798 2116 75,

2189 2125 2652 2197 elegantissimus,
2677 2128 2876 2186 litteris
2898 2130 3197 2189 initialibus
3220 2135 3383 2205 pictis
3407 2123 3465 2192 et
3485 2133 3800 2195 deauratis.

2259 2219 2534 2276 Craterum
2568 2237 2676 2277 non
2708 2231 2982 2280 vetustate
3031 2226 3252 2296 quidem
3299 2237 3572 2300 praestare
3615 2230 3804 2289 hosce

2191 2313 2432 2380 codices,
2474 2316 2733 2386 praeclara
2771 2327 2954 2374 tamen
2984 2316 3234 2387 plurimis
3269 2322 3322 2376 in
3356 2320 3493 2378 locis
3531 2324 3600 2378 ad
3643 2323 3804 2381 Gau-

2189 2406 2362 2462 dentii
2391 2407 2829 2465 emendationem
2874 2410 3193 2480 contulisse,
3225 2411 3527 2470 Galeardus
3572 2417 3802 2474 scribit.

2195 2499 2537 2571 Excerpendi
2567 2516 2780 2568 curam,
2811 2513 3101 2573 postquam
3135 2515 3382 2575 potestas
3411 2522 3440 2563 a
3477 2506 3536 2562 P.
3569 2508 3629 2565 S.
3667 2511 3804 2566 Cle-

2190 2601 2376 2648 mente
2404 2590 2478 2646 XI
2508 2591 2647 2647 facta
2676 2583 2844 2658 esset,
2874 2594 3204 2651 Franciscus
3228 2596 3568 2654 Blancbiuus
3595 2609 3654 2655 ct
3683 2599 3803 2656 Ca-

2189 2687 2340 2742 rolus
2367 2685 2639 2757 Majellus,
2667 2687 2806 2743 Bibl.
2825 2687 2959 2746 .Vat.
2993 2691 3309 2760 praefectus,
3359 2677 3586 2765 uterque
3611 2693 3680 2750 P.
3717 2694 3794 2751 Μ.

2190 2777 2259 2832 ab
2286 2767 2492 2834 honore
2521 2779 2662 2836 sacri
2684 2779 2923 2836 cubiculi
2946 2780 3349 2858 sustinuerant.
3421 2773 3424 2777 ’

2259 2869 2317 2924 3°
2331 2868 2506 2933 Codex
2519 2888 2642 2927 mu.
2661 2864 3004 2936 Flor-eminus
3013 2860 3365 2932 Bibliotheca:
3376 2875 3610 2932 S.Marci
3625 2879 3800 2934 char-

2191 2975 2397 3030 taccus,
2438 2963 2596 3034 cujus
2637 2963 2798 3019 Joan.
2839 2964 3188 3021 Mabillonius
3213 2969 3283 3021 in
3330 2967 3456 3022 Itin.
3508 2969 3796 3026 meminit.

2187 3037 2554 3110 collationem
2582 3066 2873 3111 curaverat
2899 3066 3061 3127 atque
3081 3058 3364 3114 variantes
3401 3057 3672 3116 lectiones
3701 3061 3797 3116 di-

2190 3148 2420 3218 ligenter
2446 3148 2967 3219 excerptas-editori
3001 3151 3377 3206 transmiserat
3403 3150 3466 3207 P.
3512 3153 3792 3212 Albertus
3850 3159 3854 3162 ‘

2111 3232 2158 3295 C
2191 3238 2360 3302 Salvi,
2391 3239 2636 3307 ejusdem
2662 3239 3049 3296 MonasteriiS.
3080 3241 3248 3302 Marci
3277 3241 3579 3300 Florentia:
3598 3243 3794 3300 Prior.

2262 3328 2325 3382 4ο
2368 3325 2545 3383 Codex
2568 3345 2665 3385 ms.
2711 3329 2911 3385 Octavii
2940 3328 3260 3402 Pantagathi
3297 3317 3562 3400 Brixiani,
3598 3329 3793 3408 magni

2193 3433 2309 3474 aevo
2331 3436 2429 3474 suo
2458 3421 2914 3478 interLitteratos
2937 3424 3174 3480 nominis
3193 3408 3296 3481 viri
3320 3425 3442 3498 (α).
3470 3427 3571 3496 Qui
3595 3444 3765 3499 quam
3783 3461 3798 3472 ε

2192 3525 2352 3580 quam
2377 3527 2477 3567 nec
2499 3511 2613 3578 ipse
2635 3529 2844 3585 magna:
2870 3511 3152 3571 vetustatis
3173 3522 3607 3585 erat,'attamen,
3638 3522 3794 3590 quod

2191 3611 2376 3657 contra
2401 3603 2641 3673 opinanti
2677 3603 2943 3660 Galeardo
2978 3607 3198 3672 accidit,
3241 3607 3514 3664 lectiones
3542 3611 3796 3678 optimas

2190 3708 2218 3747 a
2247 3693 2627 3762 superioribus
2650 3694 3026 3764 discrepantes
3057 3696 3365 3768 frequentes
3387 3700 3790 3770 suppeditavit.

2165 3783 2460 3842 'Prtctcrea
2489 3785 2809 3856 Pantagathi
2844 3785 2994 3842 illius
3019 3785 3182 3842 manu
3214 3788 3414 3858 passim
3439 3791 3793 3865 emendatio-

2192 3893 2289 3934 nes
2319 3879 2549 3950 margini
2579 3890 2736 3935 erant
2783 3883 3059 3951 ascriptis,
3107 3881 3307 3951 quibus
3337 3881 3479 3937 haud
3507 3870 3790 3941 modicum

2189 3975 2382 4026 statuit
2423 3971 2658 4041 pretium
2691 3969 2892 4027 editor.
2922 3968 2924 3970 ’
3196 4031 3200 4036 ,

2264 4063 2320 4119 δ’
2359 4062 2535 4119 Codex
2561 4080 2657 4119 ms.
2696 4062 2924 4119 Urbinas
2950 4062 3004 4118 n.
3035 4060 3162 4130 150,
3191 4064 3665 4123 membranaceus.
3766 4071 3780 4080 ‘

2263 4157 2320 4212 6°
2361 4155 2537 4212 Codex
2576 4174 2694 4211 τηε.-
2723 4149 3012 4227 Vaticanus
3041 4173 3096 4212 n.
3128 4156 3290 4222 19.55,
3333 4160 3792 4217 membran'aceus

2162 4309 2174 4318 ,
2193 4249 2415 4320 pariter.
2440 4249 2685 4327 Uterque,
2707 4264 2776 4305 ex
2801 4249 2889 4304 his
2913 4248 3129 4304 duobus
3153 4247 3469 4304 Sermonem
3501 4248 3790 4307 Gaudenti:

2192 4345 2256 4399 de
2285 4341 2442 4397 Petro
2470 4351 2520 4398 et
2545 4340 3137 4402 Paulo‘cxhihentibus
3174 4338 3415 4396 Zenonis
3458 4343 3623 4398 etiam
3657 4341 3786 4399 Ser-
3829 4334 3833 4338 ⁷

2195 4447 2382 4491 mones
2406 4433 2740 4506 continebat.
3329 4465 3334 4470 -
3400 4438 3407 4447 ’

2265 4527 2328 4581 7ο
2370 4525 2581 4580 Codices
2607 4539 2732 4579 mss.
2766 4518 2875 4578 duo
2920 4521 3159 4577 Brixiani
3187 4521 3617 4590 membm‘tacci,
3653 4539 3794 4595 quo-

497 4624 692 4680 porum
725 4626 850 4666 raro
877 4614 1032 4668 obvia
1063 4614 1286 4680 indicat,
1316 4616 1594 4685 inspersas
1622 4634 1744 4676 esse
1787 4635 1955 4676 novas
1983 4623 2090 4679 huc
2117 4602 2170 4665 Ῑ)
2193 4636 2315 4677 rum
2335 4609 2624 4689 antiquior
2652 4610 2872 4688 prmfeﬂ
2919 4625 3103 4670 "013m
3133 4614 3326 4671 850w"
3365 4630 3444 4681 ιι,
3479 4613 3791 4673 Sermone?"

493 4701 625 4758 illuc
655 4704 824 4759 textui
847 4705 1226 4766 Gaudentiauo
1249 4702 1579 4777 natationes,
1605 4715 1898 4770 nonnullas
1921 4715 2083 4772 etiam

2151 4786 2154 4790 .
2195 4715 2261 4770 de
2291 4712 2677 4768 Vituet'Obitu
2706 4709 2774 4765 Β.
2809 4709 3085 4765 Philastrii
3117 4707 3470 4765 exhibentes.

565 4825 592 4855 ³·
615 4817 951 4899 coaevorum
964 4821 1033 4899 _de
1055 4837 1123 4899 eo
1143 4824 1631 4899 testimoniahnud
1656 4815 2005 4897 praetermisit
2035 4827 2356 4897 Galeardus,
2389 4843 2585 4899 nempe
2615 4826 2722 4882 Lil.
2751 4806 2906 4898 (ἐφέρ.
2930 4825 3295 4899 Giraldi‘Qial.
3326 4823 3364 4880 2
3384 4824 3456 4882 de
3484 4815 3643 4884 Poet.
3678 4841 3791 4884 suae

459 4896 622 4957 _azt.;
653 4890 874 4963 August.
906 4890 1112 4948 Thuani
1135 4893 1344 4950 Comm.
1379 4895 1445 4952 de
1468 4897 1585 4952 Vita
1617 4890 1713 4954 sua
1755 4900 1847 4955 lib.
1880 4901 1934 4970 ις
1981 4899 2238 4974 Onuplmi
2271 4890 2609 4956 Ponuinii'ad
2634 4899 2726 4954 lib.
2757 4890 3066 4964 Pas-torum,
3099 4913 3152 4986 p.
3179 4895 3309 4954 390.
3575 4959 3581 4964 ,
3607 4910 3612 4915 ‘

495 5011 3588 5041 ...κ-*ΝΜ

1153 5131 1995 5272 ΡΗΑΕΕΑΤΙΟ
2067 5167 2214 5272 P.
2293 5165 3102 5280 GALEARD]
3196 5108 3200 5112 ’

1366 5335 1444 5396 IN
1489 5337 1872 5402 EDITIONE
1916 5343 2247 5409 OPERUM
2291 5345 2354 5406 s.
2405 5327 2874 5406 GAUDENTIL

561 5547 612 5600 1.
637 5545 994 5611 Gaudentius,
1023 5551 1219 5606 Brixiae
1241 5553 1671 5624 episcopus,sub
1699 5557 1861 5614 linem
1894 5557 2076 5628 quarti

489 5639 672 5692 saeculi
702 5639 915 5705 ﬂoruit,
953 5657 1018 5696 eo
1047 5644 1261 5700 scilicet
1313 5654 1557 5716 tempore
1607 5663 1715 5718 quo
1762 5664 1927 5704 aurea
1977 5641 2079 5703 Ec-

495 5723 675 5784 clesiae
697 5743 829 5786 tctus
855 5734 1265 5806 Hieronymum,
1292 5739 1660 5802 Ambrosium.
1693 5741 2075 5813 Augustinum,

444 5842 448 5845 -
502 5817 747 5888 aliosque
762 5833 955 5893 praesta
969 5827 1246 5886 ntiss'tmos
1261 5831 1406 5888 viros
1421 5833 1561 5890 tulit.
1578 5834 1713 5889 Eum
1731 5835 1784 5890 in
1803 5835 2081 5891 Orientem

2185 5559 2464 5629 religionis
2493 5557 2659 5615 causa
2691 5572 2924 5630 peregre
2959 5555 3289 5626 profectum,
3343 5553 3639 5610 Philastrio
3675 5555 3792 5626 epi-

2187 5663 2353 5718 scopo
2393 5650 2501 5705 vita
2547 5650 2757 5717 functo,
2803 5651 3097 5705 Brixianus
3142 5648 3376 5720 populus
3408 5661 3793 5733 successorem

2189 5742 2474 5810 expetivit,
2499 5744 2798 5800 accedente
2821 5741 3082 5813 suffragio
3110 5741 3530 5822 episcoporum;
3546 5741 3718 5812 atque
3741 5741 3796 5796 in

2190 5835 2382 5904 primis
2411 5837 2689 5895 Ambrosii
2721 5835 3147 5916 Mediola’nensis
3185 5834 3484 5905 antistitis,
3524 5831 3691 5905 cujus
3731 5847 3798 5890 ea
