  <div class='ocr_page' id='page_1' title='image "/cluster/home/n/w/nwhite01/storage/ocr_20150623/20-21/uva.x000826555/496.png"; bbox 0 0 3856 6230; ppageno 0'>
   <div class='ocr_carea' id='block_1_1' title="bbox 156 304 3449 393">
    <p class='ocr_par' dir='ltr' id='par_1_1' title="bbox 156 304 3449 393">
     <span class='ocr_line' id='line_1_1' title="bbox 156 304 3449 393; baseline -0.001 -25"><span class='ocrx_word' id='word_1_1' title='bbox 156 312 246 369; x_wconf 77' lang='grc'><strong>977</strong></span> <span class='ocrx_word' id='word_1_2' title='bbox 903 311 1141 371; x_wconf 70' lang='lat' dir='ltr'><strong>SERMO</strong></span> <span class='ocrx_word' id='word_1_3' title='bbox 1184 312 1373 380; x_wconf 75' lang='lat' dir='ltr'><strong>XVIII,</strong></span> <span class='ocrx_word' id='word_1_4' title='bbox 1417 313 1506 371; x_wconf 82' lang='lat' dir='ltr'><strong>DE</strong></span> <span class='ocrx_word' id='word_1_5' title='bbox 1545 314 1871 393; x_wconf 63' lang='lat' dir='ltr'><strong>DIVERSIS</strong></span> <span class='ocrx_word' id='word_1_6' title='bbox 1907 313 2274 372; x_wconf 73' lang='lat' dir='ltr'><strong>CAPITULIS</strong></span> <span class='ocrx_word' id='word_1_7' title='bbox 2310 313 2660 372; x_wconf 74' lang='lat' dir='ltr'><strong>OCTAVUS.</strong></span> <span class='ocrx_word' id='word_1_8' title='bbox 3150 304 3160 307; x_wconf 65' lang='grc'><em>’</em></span> <span class='ocrx_word' id='word_1_9' title='bbox 3340 304 3449 366; x_wconf 77' lang='grc' dir='ltr'><strong>9ἳ8</strong></span> 
     </span>
    </p>
   </div>
   <div class='ocr_carea' id='block_1_2' title="bbox 154 429 3449 505">
    <p class='ocr_par' dir='ltr' id='par_1_2' title="bbox 154 429 3449 505">
     <span class='ocr_line' id='line_1_2' title="bbox 154 429 3449 505; baseline 0 -19"><span class='ocrx_word' id='word_1_10' title='bbox 154 433 308 489; x_wconf 63' lang='lat' dir='ltr'><strong>multis</strong></span> <span class='ocrx_word' id='word_1_11' title='bbox 332 432 376 505; x_wconf 88' lang='lat' dir='ltr'><strong>(l</strong></span> <span class='ocrx_word' id='word_1_12' title='bbox 398 432 536 489; x_wconf 79' lang='lat' dir='ltr'><strong>Tim.</strong></span> <span class='ocrx_word' id='word_1_13' title='bbox 568 433 779 505; x_wconf 61' lang='lat'><strong>“.10).</strong></span> <span class='ocrx_word' id='word_1_14' title='bbox 810 431 944 490; x_wconf 78' lang='lat' dir='ltr'><strong>Nam</strong></span> <span class='ocrx_word' id='word_1_15' title='bbox 973 443 997 472; x_wconf 74' lang='grc' dir='ltr'><strong><em>ο</em></strong></span> <span class='ocrx_word' id='word_1_16' title='bbox 1030 433 1405 503; x_wconf 81' lang='lat' dir='ltr'><strong>perniciosum</strong></span> <span class='ocrx_word' id='word_1_17' title='bbox 1429 432 1555 490; x_wconf 79' lang='lat' dir='ltr'><strong>ﬁdei</strong></span> <span class='ocrx_word' id='word_1_18' title='bbox 1586 448 1743 490; x_wconf 85' lang='lat' dir='ltr'><strong>erro-</strong></span> <span class='ocrx_word' id='word_1_19' title='bbox 1765 436 1818 499; x_wconf 78' lang='grc' dir='ltr'><strong>Α</strong></span> <span class='ocrx_word' id='word_1_20' title='bbox 1844 432 2039 489; x_wconf 85' lang='lat' dir='ltr'><strong>domos</strong></span> <span class='ocrx_word' id='word_1_21' title='bbox 2063 448 2194 489; x_wconf 86' lang='lat' dir='ltr'><strong>suas</strong></span> <span class='ocrx_word' id='word_1_22' title='bbox 2228 432 2361 489; x_wconf 87' lang='lat' dir='ltr'><strong>falsa</strong></span> <span class='ocrx_word' id='word_1_23' title='bbox 2391 433 2732 503; x_wconf 86' lang='lat' dir='ltr'><strong>benignitate</strong></span> <span class='ocrx_word' id='word_1_24' title='bbox 2758 432 2969 490; x_wconf 75' lang='lat' dir='ltr'><strong>seducti</strong></span> <span class='ocrx_word' id='word_1_25' title='bbox 3002 429 3290 503; x_wconf 76' lang='lat' dir='ltr'><strong>recipiant,</strong></span> <span class='ocrx_word' id='word_1_26' title='bbox 3321 442 3449 486; x_wconf 80' lang='lat' dir='ltr'><strong>cum</strong></span> 
     </span>
    </p>
   </div>
   <div class='ocr_carea' id='block_1_3' title="bbox 152 525 3452 600">
    <p class='ocr_par' dir='ltr' id='par_1_3' title="bbox 152 525 3452 600">
     <span class='ocr_line' id='line_1_3' title="bbox 152 525 3452 600; baseline -0.002 -15"><span class='ocrx_word' id='word_1_27' title='bbox 152 543 251 585; x_wconf 83' lang='lat' dir='ltr'><strong>rem</strong></span> <span class='ocrx_word' id='word_1_28' title='bbox 293 530 519 600; x_wconf 81' lang='lat' dir='ltr'><strong>patitur,</strong></span> <span class='ocrx_word' id='word_1_29' title='bbox 567 538 627 586; x_wconf 87' lang='lat' dir='ltr'><strong>et</strong></span> <span class='ocrx_word' id='word_1_30' title='bbox 655 528 851 586; x_wconf 88' lang='lat' dir='ltr'><strong>inserit</strong></span> <span class='ocrx_word' id='word_1_31' title='bbox 885 542 947 585; x_wconf 88' lang='lat' dir='ltr'><strong>se</strong></span> <span class='ocrx_word' id='word_1_32' title='bbox 994 528 1281 585; x_wconf 79' lang='lat' dir='ltr'><strong>doloribus</strong></span> <span class='ocrx_word' id='word_1_33' title='bbox 1309 528 1517 595; x_wconf 89' lang='lat' dir='ltr'><strong>multis,</strong></span> <span class='ocrx_word' id='word_1_34' title='bbox 1556 528 1647 600; x_wconf 87' lang='lat' dir='ltr'><strong>qui</strong></span> <span class='ocrx_word' id='word_1_35' title='bbox 1677 543 1741 585; x_wconf 83' lang='lat' dir='ltr'><strong>a-</strong></span> <span class='ocrx_word' id='word_1_36' title='bbox 1840 527 1961 598; x_wconf 85' lang='lat' dir='ltr'><strong>ipso</strong></span> <span class='ocrx_word' id='word_1_37' title='bbox 1982 528 2037 584; x_wconf 90' lang='lat' dir='ltr'><strong>in</strong></span> <span class='ocrx_word' id='word_1_38' title='bbox 2070 538 2394 600; x_wconf 87' lang='lat' dir='ltr'><strong>perpetuum</strong></span> <span class='ocrx_word' id='word_1_39' title='bbox 2414 525 2724 595; x_wconf 74' lang='lat' dir='ltr'><strong>iudicandi.</strong></span> <span class='ocrx_word' id='word_1_40' title='bbox 2750 525 3001 597; x_wconf 58' lang='lat' dir='ltr'><strong>&quot;agnum</strong></span> <span class='ocrx_word' id='word_1_41' title='bbox 3028 525 3295 598; x_wconf 80' lang='lat' dir='ltr'><strong>siquidem</strong></span> <span class='ocrx_word' id='word_1_42' title='bbox 3316 539 3452 595; x_wconf 65' lang='lat' dir='ltr'><strong>sup.</strong></span> 
     </span>
    </p>
   </div>
   <div class='ocr_carea' id='block_1_4' title="bbox 152 616 3448 691">
    <p class='ocr_par' dir='ltr' id='par_1_4' title="bbox 152 616 3448 691">
     <span class='ocr_line' id='line_1_4' title="bbox 152 616 3448 691; baseline -0.002 -11"><span class='ocrx_word' id='word_1_43' title='bbox 152 637 283 680; x_wconf 81' lang='lat' dir='ltr'><strong>more</strong></span> <span class='ocrx_word' id='word_1_44' title='bbox 321 622 696 689; x_wconf 87' lang='lat' dir='ltr'><strong>terrestrium,</strong></span> <span class='ocrx_word' id='word_1_45' title='bbox 742 625 887 679; x_wconf 86' lang='lat' dir='ltr'><strong>sicut</strong></span> <span class='ocrx_word' id='word_1_46' title='bbox 912 623 1233 680; x_wconf 72' lang='lat' dir='ltr'><strong>adolescens</strong></span> <span class='ocrx_word' id='word_1_47' title='bbox 1281 623 1413 691; x_wconf 89' lang='lat' dir='ltr'><strong>iste,</strong></span> <span class='ocrx_word' id='word_1_48' title='bbox 1441 623 1676 680; x_wconf 73' lang='lat' dir='ltr'><strong>discedit</strong></span> <span class='ocrx_word' id='word_1_49' title='bbox 1703 638 1736 681; x_wconf 90' lang='lat' dir='ltr'><strong>a</strong></span> <span class='ocrx_word' id='word_1_50' title='bbox 1839 621 2020 689; x_wconf 88' lang='lat' dir='ltr'><strong>pliciis</strong></span> <span class='ocrx_word' id='word_1_51' title='bbox 2069 620 2183 676; x_wconf 81' lang='lat' dir='ltr'><strong>suis</strong></span> <span class='ocrx_word' id='word_1_52' title='bbox 2220 620 2478 676; x_wconf 82' lang='lat' dir='ltr'><strong>diabolus</strong></span> <span class='ocrx_word' id='word_1_53' title='bbox 2513 627 2672 690; x_wconf 92' lang='lat' dir='ltr'><strong>putat</strong></span> <span class='ocrx_word' id='word_1_54' title='bbox 2714 620 2822 676; x_wconf 88' lang='lat' dir='ltr'><strong>hoc</strong></span> <span class='ocrx_word' id='word_1_55' title='bbox 2848 635 2975 677; x_wconf 82' lang='lat' dir='ltr'><strong>esse</strong></span> <span class='ocrx_word' id='word_1_56' title='bbox 3014 620 3352 688; x_wconf 82' lang='lat' dir='ltr'><strong>remedium,</strong></span> <span class='ocrx_word' id='word_1_57' title='bbox 3396 616 3448 676; x_wconf 84' lang='lat' dir='ltr'><strong>si</strong></span> 
     </span>
    </p>
   </div>
   <div class='ocr_carea' id='block_1_5' title="bbox 150 712 3447 791">
    <p class='ocr_par' dir='ltr' id='par_1_5' title="bbox 150 712 3447 791">
     <span class='ocr_line' id='line_1_5' title="bbox 150 712 3447 791; baseline -0.002 -18"><span class='ocrx_word' id='word_1_58' title='bbox 150 715 383 779; x_wconf 84' lang='lat' dir='ltr'><strong>Christo;</strong></span> <span class='ocrx_word' id='word_1_59' title='bbox 436 717 569 773; x_wconf 90' lang='lat' dir='ltr'><strong>dum</strong></span> <span class='ocrx_word' id='word_1_60' title='bbox 609 718 1095 791; x_wconf 39' lang='lat' dir='ltr'><strong>mandatumxjus</strong></span> <span class='ocrx_word' id='word_1_61' title='bbox 1131 716 1497 791; x_wconf 79' lang='lat' dir='ltr'><strong>subterfugit;</strong></span> <span class='ocrx_word' id='word_1_62' title='bbox 1546 718 1676 774; x_wconf 88' lang='lat' dir='ltr'><strong>dum</strong></span> <span class='ocrx_word' id='word_1_63' title='bbox 1703 734 1735 775; x_wconf 83' lang='lat' dir='ltr'><strong>a</strong></span> <span class='ocrx_word' id='word_1_64' title='bbox 1838 727 2124 785; x_wconf 68' lang='lat' dir='ltr'><strong>pinnarum</strong></span> <span class='ocrx_word' id='word_1_65' title='bbox 2153 713 2339 769; x_wconf 85' lang='lat' dir='ltr'><strong>socios</strong></span> <span class='ocrx_word' id='word_1_66' title='bbox 2362 714 2569 769; x_wconf 88' lang='lat' dir='ltr'><strong>multos</strong></span> <span class='ocrx_word' id='word_1_67' title='bbox 2591 715 2862 784; x_wconf 80' lang='lat' dir='ltr'><strong>acquirat.</strong></span> <span class='ocrx_word' id='word_1_68' title='bbox 2896 712 3032 769; x_wconf 83' lang='lat' dir='ltr'><strong>Nam</strong></span> <span class='ocrx_word' id='word_1_69' title='bbox 3058 712 3295 770; x_wconf 86' lang='lat' dir='ltr'><strong>callidus</strong></span> <span class='ocrx_word' id='word_1_70' title='bbox 3316 712 3447 787; x_wconf 78' lang='lat' dir='ltr'><strong>bos-</strong></span> 
     </span>
    </p>
   </div>
   <div class='ocr_carea' id='block_1_6' title="bbox 149 788 3453 887">
    <p class='ocr_par' dir='ltr' id='par_1_6' title="bbox 149 788 3453 887">
     <span class='ocr_line' id='line_1_6' title="bbox 149 788 3453 887; baseline -0.002 -21"><span class='ocrx_word' id='word_1_71' title='bbox 149 822 421 881; x_wconf 83' lang='lat' dir='ltr'><strong>conspectu</strong></span> <span class='ocrx_word' id='word_1_72' title='bbox 457 812 702 878; x_wconf 88' lang='lat' dir='ltr'><strong>Domini,</strong></span> <span class='ocrx_word' id='word_1_73' title='bbox 733 788 933 878; x_wconf 58' lang='lat' dir='ltr'><strong>tristi/8,</strong></span> <span class='ocrx_word' id='word_1_74' title='bbox 961 828 1025 870; x_wconf 87' lang='lat' dir='ltr'><strong>ac</strong></span> <span class='ocrx_word' id='word_1_75' title='bbox 1050 813 1268 885; x_wconf 75' lang='lat' dir='ltr'><strong>lugens,</strong></span> <span class='ocrx_word' id='word_1_76' title='bbox 1292 813 1357 869; x_wconf 87' lang='lat' dir='ltr'><strong>ad</strong></span> <span class='ocrx_word' id='word_1_77' title='bbox 1384 788 1575 887; x_wconf 63' lang='lat' dir='ltr'><strong>pinnas</strong></span> <span class='ocrx_word' id='word_1_78' title='bbox 1600 826 1735 870; x_wconf 75' lang='lat' dir='ltr'><strong>ava.’</strong></span> <span class='ocrx_word' id='word_1_79' title='bbox 1834 808 1929 872; x_wconf 89' lang='lat' dir='ltr'><strong>tis,</strong></span> <span class='ocrx_word' id='word_1_80' title='bbox 1969 807 2300 864; x_wconf 80' lang='lat' dir='ltr'><strong>adveniente</strong></span> <span class='ocrx_word' id='word_1_81' title='bbox 2324 816 2382 865; x_wconf 91' lang='lat' dir='ltr'><strong>et</strong></span> <span class='ocrx_word' id='word_1_82' title='bbox 2408 807 2791 864; x_wconf 83' lang='lat' dir='ltr'><strong>comminante</strong></span> <span class='ocrx_word' id='word_1_83' title='bbox 2809 806 3032 863; x_wconf 81' lang='lat' dir='ltr'><strong>Christo</strong></span> <span class='ocrx_word' id='word_1_84' title='bbox 3054 806 3327 872; x_wconf 83' lang='lat' dir='ltr'><strong>turbatus,</strong></span> <span class='ocrx_word' id='word_1_85' title='bbox 3350 820 3453 862; x_wconf 84' lang='lat' dir='ltr'><strong>ex-</strong></span> 
     </span>
    </p>
   </div>
   <div class='ocr_carea' id='block_1_7' title="bbox 148 886 3471 979">
    <p class='ocr_par' dir='ltr' id='par_1_7' title="bbox 148 886 3471 979">
     <span class='ocr_line' id='line_1_7' title="bbox 148 886 3471 979; baseline -0.002 -22"><span class='ocrx_word' id='word_1_86' title='bbox 148 905 213 961; x_wconf 81' lang='lat' dir='ltr'><strong>ris</strong></span> <span class='ocrx_word' id='word_1_87' title='bbox 235 914 286 960; x_wconf 82' lang='lat' dir='ltr'><strong>et</strong></span> <span class='ocrx_word' id='word_1_88' title='bbox 309 886 811 977; x_wconf 36' lang='lat' dir='ltr'><strong>contemptoribiist&#39;</strong></span> <span class='ocrx_word' id='word_1_89' title='bbox 833 917 1187 978; x_wconf 61' lang='lat' dir='ltr'><strong>praeparatas,</strong></span> <span class='ocrx_word' id='word_1_90' title='bbox 1220 916 1519 979; x_wconf 71' lang='lat' dir='ltr'><strong>spontanea</strong></span> <span class='ocrx_word' id='word_1_91' title='bbox 1571 910 1733 966; x_wconf 56' lang='lat' dir='ltr'><strong>cui.</strong></span> <span class='ocrx_word' id='word_1_92' title='bbox 1834 901 2098 971; x_wconf 70' lang='lat' dir='ltr'><strong>cogitavit</strong></span> <span class='ocrx_word' id='word_1_93' title='bbox 2126 912 2399 960; x_wconf 86' lang='lat' dir='ltr'><strong>venenato</strong></span> <span class='ocrx_word' id='word_1_94' title='bbox 2419 902 2947 974; x_wconf 73' lang='lat' dir='ltr'><strong>cunsilin,qualiter</strong></span> <span class='ocrx_word' id='word_1_95' title='bbox 2975 900 3030 959; x_wconf 86' lang='lat' dir='ltr'><strong>bi</strong></span> <span class='ocrx_word' id='word_1_96' title='bbox 3060 902 3222 960; x_wconf 86' lang='lat' dir='ltr'><strong>etiam</strong></span> <span class='ocrx_word' id='word_1_97' title='bbox 3254 900 3344 972; x_wconf 85' lang='lat' dir='ltr'><strong>qui</strong></span> <span class='ocrx_word' id='word_1_98' title='bbox 3377 898 3471 957; x_wconf 54' lang='grc' dir='ltr'><strong>εἰς</strong></span> 
     </span>
    </p>
   </div>
   <div class='ocr_carea' id='block_1_8' title="bbox 148 996 3438 1075">
    <p class='ocr_par' dir='ltr' id='par_1_8' title="bbox 148 996 3438 1075">
     <span class='ocr_line' id='line_1_8' title="bbox 148 996 3438 1075; baseline 0.001 -26"><span class='ocrx_word' id='word_1_99' title='bbox 148 1005 242 1052; x_wconf 82' lang='lat' dir='ltr'><strong>tate</strong></span> <span class='ocrx_word' id='word_1_100' title='bbox 261 997 570 1055; x_wconf 69' lang='lat' dir='ltr'><strong>dalucitur.</strong></span> <span class='ocrx_word' id='word_1_101' title='bbox 595 1001 654 1057; x_wconf 91' lang='lat' dir='ltr'><strong>ln</strong></span> <span class='ocrx_word' id='word_1_102' title='bbox 682 1002 904 1075; x_wconf 80' lang='lat' dir='ltr'><strong>sinistra</strong></span> <span class='ocrx_word' id='word_1_103' title='bbox 932 1000 1077 1058; x_wconf 86' lang='lat' dir='ltr'><strong>enim</strong></span> <span class='ocrx_word' id='word_1_104' title='bbox 1112 1010 1288 1072; x_wconf 87' lang='lat' dir='ltr'><strong>parte,</strong></span> <span class='ocrx_word' id='word_1_105' title='bbox 1319 1002 1732 1059; x_wconf 84' lang='lat' dir='ltr'><strong>infructuosita—</strong></span> <span class='ocrx_word' id='word_1_106' title='bbox 1834 996 1945 1052; x_wconf 90' lang='lat' dir='ltr'><strong>lum</strong></span> <span class='ocrx_word' id='word_1_107' title='bbox 1971 1007 2393 1069; x_wconf 83' lang='lat' dir='ltr'><strong>persequentem</strong></span> <span class='ocrx_word' id='word_1_108' title='bbox 2425 997 2739 1069; x_wconf 77' lang='lat' dir='ltr'><strong>fugiebant,-</strong></span> <span class='ocrx_word' id='word_1_109' title='bbox 2774 999 3063 1054; x_wconf 84' lang='lat' dir='ltr'><strong>cedentem</strong></span> <span class='ocrx_word' id='word_1_110' title='bbox 3109 1006 3438 1066; x_wconf 77' lang='lat' dir='ltr'><strong>sequantur.</strong></span> 
     </span>
    </p>
   </div>
   <div class='ocr_carea' id='block_1_9' title="bbox 149 1090 3517 1165">
    <p class='ocr_par' dir='ltr' id='par_1_9' title="bbox 149 1090 3517 1165">
     <span class='ocr_line' id='line_1_9' title="bbox 149 1090 3517 1165; baseline 0.001 -20"><span class='ocrx_word' id='word_1_111' title='bbox 149 1092 204 1146; x_wconf 83' lang='lat' dir='ltr'><strong>lis</strong></span> <span class='ocrx_word' id='word_1_112' title='bbox 248 1093 440 1148; x_wconf 85' lang='lat' dir='ltr'><strong>merito</strong></span> <span class='ocrx_word' id='word_1_113' title='bbox 489 1092 807 1150; x_wconf 79' lang='lat' dir='ltr'><strong>constitutis</strong></span> <span class='ocrx_word' id='word_1_114' title='bbox 860 1093 1107 1151; x_wconf 82' lang='lat' dir='ltr'><strong>dicetur:</strong></span> <span class='ocrx_word' id='word_1_115' title='bbox 1161 1093 1428 1151; x_wconf 73' lang='lat' dir='ltr'><strong>Discedite</strong></span> <span class='ocrx_word' id='word_1_116' title='bbox 1479 1112 1623 1149; x_wconf 81' lang='lat' dir='ltr'><strong>ante</strong></span> <span class='ocrx_word' id='word_1_117' title='bbox 1675 1096 1733 1150; x_wconf 85' lang='lat' dir='ltr'><strong>in</strong></span> <span class='ocrx_word' id='word_1_118' title='bbox 1833 1090 2079 1148; x_wconf 83' lang='lat' dir='ltr'><strong>Festinat</strong></span> <span class='ocrx_word' id='word_1_119' title='bbox 2110 1094 2252 1147; x_wconf 90' lang='lat' dir='ltr'><strong>enim</strong></span> <span class='ocrx_word' id='word_1_120' title='bbox 2281 1094 2439 1149; x_wconf 88' lang='lat' dir='ltr'><strong>novis</strong></span> <span class='ocrx_word' id='word_1_121' title='bbox 2489 1094 2731 1154; x_wconf 80' lang='lat' dir='ltr'><strong>artibus.</strong></span> <span class='ocrx_word' id='word_1_122' title='bbox 2765 1092 3044 1165; x_wconf 85' lang='lat' dir='ltr'><strong>variisque</strong></span> <span class='ocrx_word' id='word_1_123' title='bbox 3074 1094 3441 1149; x_wconf 86' lang='lat' dir='ltr'><strong>tentatiouum</strong></span> <span class='ocrx_word' id='word_1_124' title='bbox 3516 1148 3517 1151; x_wconf 37' lang='grc' dir='ltr'><strong>η</strong></span> 
     </span>
    </p>
   </div>
   <div class='ocr_carea' id='block_1_10' title="bbox 144 1173 3444 1259">
    <p class='ocr_par' dir='ltr' id='par_1_10' title="bbox 144 1173 3444 1259">
     <span class='ocr_line' id='line_1_10' title="bbox 144 1173 3444 1259; baseline 0 -18"><span class='ocrx_word' id='word_1_125' title='bbox 144 1187 292 1256; x_wconf 69' lang='lat' dir='ltr'><strong>ignem</strong></span> <span class='ocrx_word' id='word_1_126' title='bbox 312 1194 593 1255; x_wconf 66' lang='lat' dir='ltr'><strong>aeternum,</strong></span> <span class='ocrx_word' id='word_1_127' title='bbox 637 1204 789 1259; x_wconf 73' lang='lat' dir='ltr'><strong>quem</strong></span> <span class='ocrx_word' id='word_1_128' title='bbox 820 1190 1022 1259; x_wconf 77' lang='lat' dir='ltr'><strong>paravit</strong></span> <span class='ocrx_word' id='word_1_129' title='bbox 1053 1185 1215 1244; x_wconf 83' lang='lat' dir='ltr'><strong>Pater</strong></span> <span class='ocrx_word' id='word_1_130' title='bbox 1251 1205 1397 1244; x_wconf 70' lang='lat' dir='ltr'><strong>meus</strong></span> <span class='ocrx_word' id='word_1_131' title='bbox 1433 1188 1643 1244; x_wconf 76' lang='lat' dir='ltr'><strong>diabolo</strong></span> <span class='ocrx_word' id='word_1_132' title='bbox 1681 1199 1730 1245; x_wconf 85' lang='lat' dir='ltr'><strong>et</strong></span> <span class='ocrx_word' id='word_1_133' title='bbox 1832 1188 2133 1259; x_wconf 76' lang='lat' dir='ltr'><strong>generibus</strong></span> <span class='ocrx_word' id='word_1_134' title='bbox 2160 1188 2521 1259; x_wconf 84' lang='lat' dir='ltr'><strong>supplantare</strong></span> <span class='ocrx_word' id='word_1_135' title='bbox 2552 1173 2877 1256; x_wconf 56' lang='lat' dir='ltr'><strong>homine-ah</strong></span> <span class='ocrx_word' id='word_1_136' title='bbox 2900 1202 3134 1259; x_wconf 91' lang='lat' dir='ltr'><strong>quorum</strong></span> <span class='ocrx_word' id='word_1_137' title='bbox 3157 1184 3444 1243; x_wconf 86' lang='lat' dir='ltr'><strong>dominatu</strong></span> 
     </span>
    </p>
   </div>
   <div class='ocr_carea' id='block_1_11' title="bbox 143 1280 3443 1356">
    <p class='ocr_par' dir='ltr' id='par_1_11' title="bbox 143 1280 3443 1356">
     <span class='ocr_line' id='line_1_11' title="bbox 143 1280 3443 1356; baseline 0.001 -23"><span class='ocrx_word' id='word_1_138' title='bbox 143 1280 321 1351; x_wconf 72' lang='lat' dir='ltr'><strong>angelis</strong></span> <span class='ocrx_word' id='word_1_139' title='bbox 340 1285 462 1356; x_wconf 77' lang='lat' dir='ltr'><strong>ejus</strong></span> <span class='ocrx_word' id='word_1_140' title='bbox 489 1296 513 1337; x_wconf 91' lang='lat'><strong><em>:</em></strong></span> <span class='ocrx_word' id='word_1_141' title='bbox 538 1284 667 1353; x_wconf 80' lang='lat' dir='ltr'><strong>quia</strong></span> <span class='ocrx_word' id='word_1_142' title='bbox 695 1298 813 1344; x_wconf 73' lang='lat' dir='ltr'><strong>cum</strong></span> <span class='ocrx_word' id='word_1_143' title='bbox 840 1299 944 1338; x_wconf 77' lang='lat' dir='ltr'><strong>non</strong></span> <span class='ocrx_word' id='word_1_144' title='bbox 971 1284 1171 1354; x_wconf 75' lang='lat' dir='ltr'><strong>fecistis</strong></span> <span class='ocrx_word' id='word_1_145' title='bbox 1196 1284 1616 1340; x_wconf 81' lang='lat' dir='ltr'><strong>misericordiam</strong></span> <span class='ocrx_word' id='word_1_146' title='bbox 1646 1285 1731 1339; x_wconf 52' lang='lat' dir='ltr'><strong>ine</strong></span> <span class='ocrx_word' id='word_1_147' title='bbox 1831 1282 1887 1338; x_wconf 90' lang='lat' dir='ltr'><strong>iu</strong></span> <span class='ocrx_word' id='word_1_148' title='bbox 1917 1284 2026 1338; x_wconf 80' lang='lat' dir='ltr'><strong>line</strong></span> <span class='ocrx_word' id='word_1_149' title='bbox 2050 1283 2239 1339; x_wconf 77' lang='lat' dir='ltr'><strong>saeculi</strong></span> <span class='ocrx_word' id='word_1_150' title='bbox 2262 1284 2703 1339; x_wconf 85' lang='lat' dir='ltr'><strong>submovendum</strong></span> <span class='ocrx_word' id='word_1_151' title='bbox 2726 1298 2786 1340; x_wconf 88' lang='lat' dir='ltr'><strong>se</strong></span> <span class='ocrx_word' id='word_1_152' title='bbox 2805 1281 3024 1352; x_wconf 82' lang='lat' dir='ltr'><strong>penitus</strong></span> <span class='ocrx_word' id='word_1_153' title='bbox 3053 1296 3177 1340; x_wconf 86' lang='lat' dir='ltr'><strong>esse</strong></span> <span class='ocrx_word' id='word_1_154' title='bbox 3207 1294 3443 1351; x_wconf 80' lang='lat' dir='ltr'><strong>cognos-</strong></span> 
     </span>
    </p>
   </div>
   <div class='ocr_carea' id='block_1_12' title="bbox 146 1361 3441 1452">
    <p class='ocr_par' dir='ltr' id='par_1_12' title="bbox 146 1361 3441 1452">
     <span class='ocr_line' id='line_1_12' title="bbox 146 1361 3441 1452; baseline 0.001 -27"><span class='ocrx_word' id='word_1_155' title='bbox 146 1361 431 1443; x_wconf 77' lang='lat' dir='ltr'><strong>digentibtts,</strong></span> <span class='ocrx_word' id='word_1_156' title='bbox 465 1391 563 1430; x_wconf 82' lang='lat' dir='ltr'><strong>nec</strong></span> <span class='ocrx_word' id='word_1_157' title='bbox 590 1375 719 1431; x_wconf 81' lang='lat' dir='ltr'><strong>mihi</strong></span> <span class='ocrx_word' id='word_1_158' title='bbox 761 1376 957 1448; x_wconf 76' lang='lat' dir='ltr'><strong>fecistis</strong></span> <span class='ocrx_word' id='word_1_159' title='bbox 988 1375 1210 1449; x_wconf 72' lang='lat' dir='ltr'><strong>(Matth.</strong></span> <span class='ocrx_word' id='word_1_160' title='bbox 1247 1393 1382 1446; x_wconf 82' lang='lat' dir='ltr'><strong>xxv,</strong></span> <span class='ocrx_word' id='word_1_161' title='bbox 1411 1375 1531 1452; x_wconf 72' lang='grc'><strong>41).</strong></span> <span class='ocrx_word' id='word_1_162' title='bbox 1556 1376 1732 1435; x_wconf 82' lang='lat' dir='ltr'><strong>Venio</strong></span> <span class='ocrx_word' id='word_1_163' title='bbox 1832 1374 1928 1431; x_wconf 87' lang='lat' dir='ltr'><strong>cit.</strong></span> <span class='ocrx_word' id='word_1_164' title='bbox 1960 1372 2094 1430; x_wconf 75' lang='lat' dir='ltr'><strong>Nam</strong></span> <span class='ocrx_word' id='word_1_165' title='bbox 2151 1385 2271 1445; x_wconf 65' lang='lat' dir='ltr'><strong>past</strong></span> <span class='ocrx_word' id='word_1_166' title='bbox 2298 1375 2594 1431; x_wconf 82' lang='lat' dir='ltr'><strong>adventum</strong></span> <span class='ocrx_word' id='word_1_167' title='bbox 2638 1371 2872 1443; x_wconf 80' lang='lat' dir='ltr'><strong>Christi,</strong></span> <span class='ocrx_word' id='word_1_168' title='bbox 2918 1374 3202 1445; x_wconf 86' lang='lat' dir='ltr'><strong>duplicato</strong></span> <span class='ocrx_word' id='word_1_169' title='bbox 3245 1382 3441 1430; x_wconf 79' lang='lat' dir='ltr'><strong>contra</strong></span> 
     </span>
    </p>
   </div>
   <div class='ocr_carea' id='block_1_13' title="bbox 143 1467 3441 1542">
    <p class='ocr_par' dir='ltr' id='par_1_13' title="bbox 143 1467 3441 1542">
     <span class='ocr_line' id='line_1_13' title="bbox 143 1467 3441 1542; baseline 0.002 -22"><span class='ocrx_word' id='word_1_170' title='bbox 143 1480 271 1523; x_wconf 85' lang='lat' dir='ltr'><strong>nunc</strong></span> <span class='ocrx_word' id='word_1_171' title='bbox 292 1467 359 1521; x_wconf 88' lang='lat' dir='ltr'><strong>ad</strong></span> <span class='ocrx_word' id='word_1_172' title='bbox 391 1467 529 1524; x_wconf 88' lang='lat' dir='ltr'><strong>illud</strong></span> <span class='ocrx_word' id='word_1_173' title='bbox 559 1468 706 1539; x_wconf 90' lang='lat' dir='ltr'><strong>quod</strong></span> <span class='ocrx_word' id='word_1_174' title='bbox 732 1478 1022 1541; x_wconf 85' lang='lat' dir='ltr'><strong>tantopere</strong></span> <span class='ocrx_word' id='word_1_175' title='bbox 1045 1488 1075 1521; x_wconf 86' lang='lat' dir='ltr'><strong>a</strong></span> <span class='ocrx_word' id='word_1_176' title='bbox 1105 1485 1194 1525; x_wconf 79' lang='lat' dir='ltr'><strong>ma</strong></span> <span class='ocrx_word' id='word_1_177' title='bbox 1230 1472 1482 1540; x_wconf 79' lang='lat' dir='ltr'><strong>exegisti,</strong></span> <span class='ocrx_word' id='word_1_178' title='bbox 1515 1480 1571 1525; x_wconf 90' lang='lat' dir='ltr'><strong>et</strong></span> <span class='ocrx_word' id='word_1_179' title='bbox 1597 1470 1729 1541; x_wconf 87' lang='lat' dir='ltr'><strong>quid</strong></span> <span class='ocrx_word' id='word_1_180' title='bbox 1762 1520 1765 1521; x_wconf 35' lang='grc' dir='ltr'><em>ν</em></span> <span class='ocrx_word' id='word_1_181' title='bbox 1834 1469 2118 1526; x_wconf 81' lang='lat' dir='ltr'><strong>hominum</strong></span> <span class='ocrx_word' id='word_1_182' title='bbox 2173 1484 2349 1542; x_wconf 73' lang='lat' dir='ltr'><strong>genus</strong></span> <span class='ocrx_word' id='word_1_183' title='bbox 2398 1470 2584 1527; x_wconf 85' lang='lat' dir='ltr'><strong>lurore</strong></span> <span class='ocrx_word' id='word_1_184' title='bbox 2642 1471 3001 1528; x_wconf 75' lang='lat' dir='ltr'><strong>succenditur</strong></span> <span class='ocrx_word' id='word_1_185' title='bbox 3026 1513 3042 1536; x_wconf 92' lang='lat'><strong>,</strong></span> <span class='ocrx_word' id='word_1_186' title='bbox 3094 1471 3288 1529; x_wconf 79' lang='lat' dir='ltr'><strong>sciens.</strong></span> <span class='ocrx_word' id='word_1_187' title='bbox 3313 1471 3441 1542; x_wconf 83' lang='lat' dir='ltr'><strong>quia</strong></span> 
     </span>
    </p>
   </div>
   <div class='ocr_carea' id='block_1_14' title="bbox 142 1553 3441 1643">
    <p class='ocr_par' dir='ltr' id='par_1_14' title="bbox 142 1553 3441 1643">
     <span class='ocr_line' id='line_1_14' title="bbox 142 1553 3441 1643; baseline 0.002 -28"><span class='ocrx_word' id='word_1_188' title='bbox 142 1571 289 1643; x_wconf 47' lang='lat' dir='ltr'><strong>itiner</strong></span> <span class='ocrx_word' id='word_1_189' title='bbox 330 1575 400 1617; x_wconf 84' lang='lat' dir='ltr'><strong>eo</strong></span> <span class='ocrx_word' id='word_1_190' title='bbox 429 1562 693 1624; x_wconf 77' lang='lat' dir='ltr'><strong>sentiam.</strong></span> <span class='ocrx_word' id='word_1_191' title='bbox 741 1577 848 1635; x_wconf 87' lang='lat' dir='ltr'><strong>qua</strong></span> <span class='ocrx_word' id='word_1_192' title='bbox 888 1571 1087 1635; x_wconf 84' lang='lat' dir='ltr'><strong>potero</strong></span> <span class='ocrx_word' id='word_1_193' title='bbox 1132 1561 1404 1621; x_wconf 81' lang='lat' dir='ltr'><strong>brevitate</strong></span> <span class='ocrx_word' id='word_1_194' title='bbox 1454 1565 1727 1632; x_wconf 84' lang='lat' dir='ltr'><strong>narrabo;</strong></span> <span class='ocrx_word' id='word_1_195' title='bbox 1833 1563 2091 1619; x_wconf 84' lang='lat' dir='ltr'><strong>modicum</strong></span> <span class='ocrx_word' id='word_1_196' title='bbox 2144 1571 2347 1634; x_wconf 80' lang='lat' dir='ltr'><strong>tempus</strong></span> <span class='ocrx_word' id='word_1_197' title='bbox 2372 1565 2548 1632; x_wconf 78' lang='lat' dir='ltr'><strong>habet,</strong></span> <span class='ocrx_word' id='word_1_198' title='bbox 2593 1567 2737 1622; x_wconf 87' lang='lat' dir='ltr'><strong>sicut</strong></span> <span class='ocrx_word' id='word_1_199' title='bbox 2789 1568 3058 1637; x_wconf 86' lang='lat' dir='ltr'><strong>scriptum</strong></span> <span class='ocrx_word' id='word_1_200' title='bbox 3114 1565 3184 1622; x_wconf 91' lang='lat' dir='ltr'><strong>de</strong></span> <span class='ocrx_word' id='word_1_201' title='bbox 3230 1566 3323 1623; x_wconf 91' lang='lat' dir='ltr'><strong>illo</strong></span> <span class='ocrx_word' id='word_1_202' title='bbox 3352 1553 3441 1623; x_wconf 81' lang='lat' dir='ltr'><strong>est</strong></span> 
     </span>
    </p>
   </div>
   <div class='ocr_carea' id='block_1_15' title="bbox 143 1654 3437 1733">
    <p class='ocr_par' dir='ltr' id='par_1_15' title="bbox 143 1654 3437 1733">
     <span class='ocr_line' id='line_1_15' title="bbox 143 1654 3437 1733; baseline 0.001 -22"><span class='ocrx_word' id='word_1_203' title='bbox 143 1654 254 1711; x_wconf 86' lang='lat' dir='ltr'><strong>nulli</strong></span> <span class='ocrx_word' id='word_1_204' title='bbox 278 1657 766 1729; x_wconf 68' lang='lat' dir='ltr'><strong>praejudicaturus,</strong></span> <span class='ocrx_word' id='word_1_205' title='bbox 807 1660 1049 1730; x_wconf 83' lang='lat' dir='ltr'><strong>qualiter</strong></span> <span class='ocrx_word' id='word_1_206' title='bbox 1077 1660 1435 1733; x_wconf 87' lang='lat' dir='ltr'><strong>interpretari</strong></span> <span class='ocrx_word' id='word_1_207' title='bbox 1468 1663 1725 1733; x_wconf 86' lang='lat' dir='ltr'><strong>voluerit,</strong></span> <span class='ocrx_word' id='word_1_208' title='bbox 1830 1658 2015 1732; x_wconf 75' lang='lat' dir='ltr'><strong>(Apoc.</strong></span> <span class='ocrx_word' id='word_1_209' title='bbox 2043 1662 2167 1728; x_wconf 96' lang='lat' dir='ltr'><strong>xu).</strong></span> <span class='ocrx_word' id='word_1_210' title='bbox 2198 1659 2381 1715; x_wconf 79' lang='lat' dir='ltr'><strong>Debita</strong></span> <span class='ocrx_word' id='word_1_211' title='bbox 2407 1674 2795 1717; x_wconf 79' lang='lat' dir='ltr'><strong>conservorum</strong></span> <span class='ocrx_word' id='word_1_212' title='bbox 2826 1676 3073 1728; x_wconf 88' lang='lat' dir='ltr'><strong>suorum,</strong></span> <span class='ocrx_word' id='word_1_213' title='bbox 3103 1675 3224 1732; x_wconf 70' lang='lat' dir='ltr'><strong>quin</strong></span> <span class='ocrx_word' id='word_1_214' title='bbox 3248 1660 3302 1716; x_wconf 92' lang='lat' dir='ltr'><strong>iu</strong></span> <span class='ocrx_word' id='word_1_215' title='bbox 3336 1675 3437 1731; x_wconf 86' lang='lat' dir='ltr'><strong>po-</strong></span> 
     </span>
    </p>
   </div>
   <div class='ocr_carea' id='block_1_16' title="bbox 142 1750 3433 1826">
    <p class='ocr_par' dir='ltr' id='par_1_16' title="bbox 142 1750 3433 1826">
     <span class='ocr_line' id='line_1_16' title="bbox 142 1750 3433 1826; baseline 0.001 -23"><span class='ocrx_word' id='word_1_216' title='bbox 142 1750 281 1806; x_wconf 87' lang='lat' dir='ltr'><strong>modo</strong></span> <span class='ocrx_word' id='word_1_217' title='bbox 309 1760 369 1804; x_wconf 91' lang='lat' dir='ltr'><strong>ut</strong></span> <span class='ocrx_word' id='word_1_218' title='bbox 395 1752 712 1823; x_wconf 82' lang='lat' dir='ltr'><strong>explanatio</strong></span> <span class='ocrx_word' id='word_1_219' title='bbox 734 1758 868 1823; x_wconf 61' lang='lat' dir='ltr'><strong>ejus»</strong></span> <span class='ocrx_word' id='word_1_220' title='bbox 898 1754 1248 1812; x_wconf 80' lang='lat' dir='ltr'><strong>traditionem</strong></span> <span class='ocrx_word' id='word_1_221' title='bbox 1290 1756 1414 1812; x_wconf 85' lang='lat' dir='ltr'><strong>fidei</strong></span> <span class='ocrx_word' id='word_1_222' title='bbox 1456 1757 1727 1826; x_wconf 84' lang='lat' dir='ltr'><strong>apostoli-</strong></span> <span class='ocrx_word' id='word_1_223' title='bbox 1832 1759 2029 1807; x_wconf 79' lang='lat' dir='ltr'><strong>testate</strong></span> <span class='ocrx_word' id='word_1_224' title='bbox 2054 1750 2268 1808; x_wconf 82' lang='lat' dir='ltr'><strong>Demini</strong></span> <span class='ocrx_word' id='word_1_225' title='bbox 2296 1764 2445 1821; x_wconf 83' lang='lat' dir='ltr'><strong>sunt,</strong></span> <span class='ocrx_word' id='word_1_226' title='bbox 2471 1754 2717 1809; x_wconf 79' lang='lat' dir='ltr'><strong>relaxare</strong></span> <span class='ocrx_word' id='word_1_227' title='bbox 2734 1768 2796 1809; x_wconf 87' lang='lat' dir='ltr'><strong>se</strong></span> <span class='ocrx_word' id='word_1_228' title='bbox 2818 1750 2954 1809; x_wconf 77' lang='lat' dir='ltr'><strong>falso</strong></span> <span class='ocrx_word' id='word_1_229' title='bbox 2980 1752 3274 1823; x_wconf 78' lang='lat' dir='ltr'><strong>promittit,</strong></span> <span class='ocrx_word' id='word_1_230' title='bbox 3299 1750 3433 1808; x_wconf 89' lang='lat' dir='ltr'><strong>dum</strong></span> 
     </span>
    </p>
   </div>
   <div class='ocr_carea' id='block_1_17' title="bbox 141 1846 3439 1923">
    <p class='ocr_par' dir='ltr' id='par_1_17' title="bbox 141 1846 3439 1923">
     <span class='ocr_line' id='line_1_17' title="bbox 141 1846 3439 1923; baseline 0.002 -24"><span class='ocrx_word' id='word_1_231' title='bbox 141 1857 207 1899; x_wconf 68' lang='lat' dir='ltr'><strong>cae</strong></span> <span class='ocrx_word' id='word_1_232' title='bbox 230 1860 327 1901; x_wconf 87' lang='lat' dir='ltr'><strong>non</strong></span> <span class='ocrx_word' id='word_1_233' title='bbox 352 1846 635 1916; x_wconf 84' lang='lat' dir='ltr'><strong>infringat.</strong></span> <span class='ocrx_word' id='word_1_234' title='bbox 671 1849 979 1918; x_wconf 76' lang='lat' dir='ltr'><strong>luiquituis</strong></span> <span class='ocrx_word' id='word_1_235' title='bbox 1008 1851 1246 1906; x_wconf 75' lang='lat' dir='ltr'><strong>villicum</strong></span> <span class='ocrx_word' id='word_1_236' title='bbox 1277 1851 1561 1907; x_wconf 89' lang='lat' dir='ltr'><strong>diabolum</strong></span> <span class='ocrx_word' id='word_1_237' title='bbox 1592 1847 1724 1923; x_wconf 85' lang='lat' dir='ltr'><strong>puto</strong></span> <span class='ocrx_word' id='word_1_238' title='bbox 1757 1853 1802 1915; x_wconf 83' lang='grc' dir='ltr'><strong><em>Β</em></strong></span> <span class='ocrx_word' id='word_1_239' title='bbox 1826 1864 2048 1915; x_wconf 77' lang='lat' dir='ltr'><strong>vanam.</strong></span> <span class='ocrx_word' id='word_1_240' title='bbox 2084 1852 2170 1907; x_wconf 79' lang='lat' dir='ltr'><strong>vel</strong></span> <span class='ocrx_word' id='word_1_241' title='bbox 2195 1850 2249 1906; x_wconf 85' lang='lat' dir='ltr'><strong>in</strong></span> <span class='ocrx_word' id='word_1_242' title='bbox 2282 1849 2411 1916; x_wconf 76' lang='lat' dir='ltr'><strong>ﬁde,</strong></span> <span class='ocrx_word' id='word_1_243' title='bbox 2447 1853 2531 1907; x_wconf 83' lang='lat' dir='ltr'><strong>vel</strong></span> <span class='ocrx_word' id='word_1_244' title='bbox 2561 1854 2613 1905; x_wconf 89' lang='lat' dir='ltr'><strong>in</strong></span> <span class='ocrx_word' id='word_1_245' title='bbox 2642 1865 2811 1922; x_wconf 85' lang='lat' dir='ltr'><strong>opere</strong></span> <span class='ocrx_word' id='word_1_246' title='bbox 2844 1849 3221 1921; x_wconf 81' lang='lat' dir='ltr'><strong>peccantibus,</strong></span> <span class='ocrx_word' id='word_1_247' title='bbox 3256 1847 3439 1905; x_wconf 85' lang='lat' dir='ltr'><strong>indul-</strong></span> 
     </span>
    </p>
   </div>
   <div class='ocr_carea' id='block_1_18' title="bbox 139 1938 3432 2017">
    <p class='ocr_par' dir='ltr' id='par_1_18' title="bbox 139 1938 3432 2017">
     <span class='ocr_line' id='line_1_18' title="bbox 139 1938 3432 2017; baseline 0.002 -24"><span class='ocrx_word' id='word_1_248' title='bbox 139 1950 262 2000; x_wconf 81' lang='lat' dir='ltr'><strong>esse,</strong></span> <span class='ocrx_word' id='word_1_249' title='bbox 288 1941 376 2009; x_wconf 89' lang='lat' dir='ltr'><strong>qui</strong></span> <span class='ocrx_word' id='word_1_250' title='bbox 404 1938 621 1997; x_wconf 87' lang='lat' dir='ltr'><strong>idcirco</strong></span> <span class='ocrx_word' id='word_1_251' title='bbox 651 1941 677 1981; x_wconf 72' lang='grc' dir='ltr'><strong>ι’</strong></span> <span class='ocrx_word' id='word_1_252' title='bbox 708 1944 782 1996; x_wconf 87' lang='lat' dir='ltr'><strong>ob</strong></span> <span class='ocrx_word' id='word_1_253' title='bbox 808 1943 1211 2013; x_wconf 87' lang='lat' dir='ltr'><strong>correptiouem</strong></span> <span class='ocrx_word' id='word_1_254' title='bbox 1240 1946 1458 2017; x_wconf 77' lang='lat' dir='ltr'><strong>generis</strong></span> <span class='ocrx_word' id='word_1_255' title='bbox 1502 1947 1725 2003; x_wconf 84' lang='lat' dir='ltr'><strong>humani</strong></span> <span class='ocrx_word' id='word_1_256' title='bbox 1766 2012 1767 2015; x_wconf 25' lang='grc' dir='ltr'><strong>η</strong></span> <span class='ocrx_word' id='word_1_257' title='bbox 1824 1948 2063 2016; x_wconf 74' lang='lat' dir='ltr'><strong>gentiam</strong></span> <span class='ocrx_word' id='word_1_258' title='bbox 2095 1947 2429 2017; x_wconf 83' lang='lat' dir='ltr'><strong>pollicetur;</strong></span> <span class='ocrx_word' id='word_1_259' title='bbox 2458 1947 2587 2001; x_wconf 88' lang='lat' dir='ltr'><strong>dum</strong></span> <span class='ocrx_word' id='word_1_260' title='bbox 2619 1946 2911 2017; x_wconf 80' lang='lat' dir='ltr'><strong>persuadet</strong></span> <span class='ocrx_word' id='word_1_261' title='bbox 2942 1961 3048 1999; x_wconf 90' lang='lat' dir='ltr'><strong>non</strong></span> <span class='ocrx_word' id='word_1_262' title='bbox 3074 1942 3333 2014; x_wconf 82' lang='lat' dir='ltr'><strong>imputari</strong></span> <span class='ocrx_word' id='word_1_263' title='bbox 3360 1940 3432 2000; x_wconf 87' lang='lat' dir='ltr'><strong>ad</strong></span> 
     </span>
    </p>
   </div>
   <div class='ocr_carea' id='block_1_19' title="bbox 140 2033 3428 2116">
    <p class='ocr_par' dir='ltr' id='par_1_19' title="bbox 140 2033 3428 2116">
     <span class='ocr_line' id='line_1_19' title="bbox 140 2033 3428 2116; baseline 0.001 -28"><span class='ocrx_word' id='word_1_264' title='bbox 140 2033 317 2088; x_wconf 66' lang='lat' dir='ltr'><strong>seculo</strong></span> <span class='ocrx_word' id='word_1_265' title='bbox 344 2035 456 2089; x_wconf 88' lang='lat' dir='ltr'><strong>isto</strong></span> <span class='ocrx_word' id='word_1_266' title='bbox 485 2035 751 2094; x_wconf 85' lang='lat' dir='ltr'><strong>dimissus</strong></span> <span class='ocrx_word' id='word_1_267' title='bbox 779 2046 885 2102; x_wconf 87' lang='lat' dir='ltr'><strong>est,</strong></span> <span class='ocrx_word' id='word_1_268' title='bbox 926 2051 987 2094; x_wconf 88' lang='lat' dir='ltr'><strong>ut</strong></span> <span class='ocrx_word' id='word_1_269' title='bbox 1018 2040 1409 2095; x_wconf 83' lang='lat' dir='ltr'><strong>immanitatem</strong></span> <span class='ocrx_word' id='word_1_270' title='bbox 1456 2040 1725 2098; x_wconf 80' lang='lat' dir='ltr'><strong>crudelis-</strong></span> <span class='ocrx_word' id='word_1_271' title='bbox 1822 2051 2104 2116; x_wconf 77' lang='lat' dir='ltr'><strong>peccatum</strong></span> <span class='ocrx_word' id='word_1_272' title='bbox 2135 2054 2199 2095; x_wconf 90' lang='lat' dir='ltr'><strong>ea</strong></span> <span class='ocrx_word' id='word_1_273' title='bbox 2218 2042 2431 2097; x_wconf 83' lang='lat' dir='ltr'><strong>scelera</strong></span> <span class='ocrx_word' id='word_1_274' title='bbox 2462 2055 2583 2110; x_wconf 69' lang='lat' dir='ltr'><strong>quae</strong></span> <span class='ocrx_word' id='word_1_275' title='bbox 2607 2040 2709 2110; x_wconf 82' lang='lat' dir='ltr'><strong>ipsi</strong></span> <span class='ocrx_word' id='word_1_276' title='bbox 2742 2041 2907 2096; x_wconf 88' lang='lat' dir='ltr'><strong>etiam</strong></span> <span class='ocrx_word' id='word_1_277' title='bbox 2937 2042 3029 2109; x_wconf 90' lang='lat' dir='ltr'><strong>qui</strong></span> <span class='ocrx_word' id='word_1_278' title='bbox 3055 2036 3428 2105; x_wconf 85' lang='lat' dir='ltr'><strong>committunt,</strong></span> 
     </span>
    </p>
   </div>
   <div class='ocr_carea' id='block_1_20' title="bbox 143 2126 3429 2205">
    <p class='ocr_par' dir='ltr' id='par_1_20' title="bbox 143 2126 3429 2205">
     <span class='ocr_line' id='line_1_20' title="bbox 143 2126 3429 2205; baseline 0.002 -27"><span class='ocrx_word' id='word_1_279' title='bbox 143 2126 246 2181; x_wconf 79' lang='lat' dir='ltr'><strong>simi</strong></span> <span class='ocrx_word' id='word_1_280' title='bbox 273 2128 435 2199; x_wconf 86' lang='lat' dir='ltr'><strong>hujus</strong></span> <span class='ocrx_word' id='word_1_281' title='bbox 463 2128 637 2185; x_wconf 75' lang='lat' dir='ltr'><strong>villici</strong></span> <span class='ocrx_word' id='word_1_282' title='bbox 670 2130 966 2203; x_wconf 79' lang='lat' dir='ltr'><strong>fugientes,</strong></span> <span class='ocrx_word' id='word_1_283' title='bbox 1000 2132 1068 2187; x_wconf 85' lang='lat' dir='ltr'><strong>ad</strong></span> <span class='ocrx_word' id='word_1_284' title='bbox 1100 2135 1355 2203; x_wconf 81' lang='lat' dir='ltr'><strong>pietatem</strong></span> <span class='ocrx_word' id='word_1_285' title='bbox 1387 2133 1481 2189; x_wconf 87' lang='lat' dir='ltr'><strong>Dei</strong></span> <span class='ocrx_word' id='word_1_286' title='bbox 1514 2133 1722 2204; x_wconf 76' lang='lat' dir='ltr'><strong>suppli-</strong></span> <span class='ocrx_word' id='word_1_287' title='bbox 1820 2134 2003 2205; x_wconf 86' lang='lat' dir='ltr'><strong>gravia</strong></span> <span class='ocrx_word' id='word_1_288' title='bbox 2037 2147 2162 2189; x_wconf 87' lang='lat' dir='ltr'><strong>esse</strong></span> <span class='ocrx_word' id='word_1_289' title='bbox 2192 2132 2419 2188; x_wconf 86' lang='lat' dir='ltr'><strong>crimina</strong></span> <span class='ocrx_word' id='word_1_290' title='bbox 2457 2140 2565 2189; x_wconf 78' lang='lat' dir='ltr'><strong>uo‘n</strong></span> <span class='ocrx_word' id='word_1_291' title='bbox 2616 2134 2893 2204; x_wconf 82' lang='lat' dir='ltr'><strong>ignorant.</strong></span> <span class='ocrx_word' id='word_1_292' title='bbox 2927 2130 3061 2187; x_wconf 84' lang='lat' dir='ltr'><strong>Nam</strong></span> <span class='ocrx_word' id='word_1_293' title='bbox 3091 2130 3429 2185; x_wconf 75' lang='lat' dir='ltr'><strong>conﬁtentur</strong></span> 
     </span>
    </p>
   </div>
   <div class='ocr_carea' id='block_1_21' title="bbox 140 2219 3434 2300">
    <p class='ocr_par' dir='ltr' id='par_1_21' title="bbox 140 2219 3434 2300">
     <span class='ocr_line' id='line_1_21' title="bbox 140 2219 3434 2300; baseline 0.003 -27"><span class='ocrx_word' id='word_1_294' title='bbox 140 2219 252 2276; x_wconf 88' lang='lat' dir='ltr'><strong>citer</strong></span> <span class='ocrx_word' id='word_1_295' title='bbox 277 2236 695 2292; x_wconf 81' lang='lat' dir='ltr'><strong>concurramus,</strong></span> <span class='ocrx_word' id='word_1_296' title='bbox 727 2224 885 2297; x_wconf 82' lang='lat' dir='ltr'><strong>cujus</strong></span> <span class='ocrx_word' id='word_1_297' title='bbox 915 2224 1297 2282; x_wconf 83' lang='lat' dir='ltr'><strong>misericordia</strong></span> <span class='ocrx_word' id='word_1_298' title='bbox 1325 2236 1493 2297; x_wconf 86' lang='lat' dir='ltr'><strong>atque</strong></span> <span class='ocrx_word' id='word_1_299' title='bbox 1514 2229 1719 2285; x_wconf 80' lang='lat' dir='ltr'><strong>virtute</strong></span> <span class='ocrx_word' id='word_1_300' title='bbox 1762 2294 1765 2295; x_wconf 15' lang='grc' dir='ltr'><em>γ</em></span> <span class='ocrx_word' id='word_1_301' title='bbox 1821 2228 1906 2283; x_wconf 89' lang='lat' dir='ltr'><strong>sui</strong></span> <span class='ocrx_word' id='word_1_302' title='bbox 1935 2226 2109 2283; x_wconf 86' lang='lat' dir='ltr'><strong>debiti</strong></span> <span class='ocrx_word' id='word_1_303' title='bbox 2138 2226 2529 2300; x_wconf 81' lang='lat' dir='ltr'><strong>quantitatem,</strong></span> <span class='ocrx_word' id='word_1_304' title='bbox 2562 2242 2690 2288; x_wconf 88' lang='lat' dir='ltr'><strong>cum</strong></span> <span class='ocrx_word' id='word_1_305' title='bbox 2731 2244 2795 2284; x_wconf 81' lang='lat' dir='ltr'><strong>ex</strong></span> <span class='ocrx_word' id='word_1_306' title='bbox 2828 2228 3045 2299; x_wconf 69' lang='lat' dir='ltr'><strong>integro</strong></span> <span class='ocrx_word' id='word_1_307' title='bbox 3080 2225 3347 2283; x_wconf 79' lang='lat' dir='ltr'><strong>obnoxios</strong></span> <span class='ocrx_word' id='word_1_308' title='bbox 3371 2239 3434 2281; x_wconf 85' lang='lat' dir='ltr'><strong>se</strong></span> 
     </span>
    </p>
   </div>
   <div class='ocr_carea' id='block_1_22' title="bbox 138 2317 3431 2396">
    <p class='ocr_par' dir='ltr' id='par_1_22' title="bbox 138 2317 3431 2396">
     <span class='ocr_line' id='line_1_22' title="bbox 138 2317 3431 2396; baseline 0.002 -27"><span class='ocrx_word' id='word_1_309' title='bbox 138 2322 297 2370; x_wconf 83' lang='lat' dir='ltr'><strong>contra</strong></span> <span class='ocrx_word' id='word_1_310' title='bbox 326 2330 529 2373; x_wconf 82' lang='lat' dir='ltr'><strong>omnes</strong></span> <span class='ocrx_word' id='word_1_311' title='bbox 561 2317 948 2376; x_wconf 85' lang='lat' dir='ltr'><strong>infestatioues</strong></span> <span class='ocrx_word' id='word_1_312' title='bbox 978 2320 1098 2391; x_wconf 85' lang='lat' dir='ltr'><strong>ejus</strong></span> <span class='ocrx_word' id='word_1_313' title='bbox 1127 2319 1340 2377; x_wconf 84' lang='lat' dir='ltr'><strong>defensi</strong></span> <span class='ocrx_word' id='word_1_314' title='bbox 1387 2335 1513 2379; x_wconf 88' lang='lat' dir='ltr'><strong>esse</strong></span> <span class='ocrx_word' id='word_1_315' title='bbox 1544 2323 1721 2392; x_wconf 82' lang='lat' dir='ltr'><strong>pussi-</strong></span> <span class='ocrx_word' id='word_1_316' title='bbox 1820 2338 1942 2380; x_wconf 84' lang='lat' dir='ltr'><strong>esse</strong></span> <span class='ocrx_word' id='word_1_317' title='bbox 1972 2324 2105 2392; x_wconf 89' lang='lat' dir='ltr'><strong>Deo,</strong></span> <span class='ocrx_word' id='word_1_318' title='bbox 2157 2334 2211 2380; x_wconf 91' lang='lat' dir='ltr'><strong>et</strong></span> <span class='ocrx_word' id='word_1_319' title='bbox 2239 2339 2341 2396; x_wconf 83' lang='lat' dir='ltr'><strong>pro</strong></span> <span class='ocrx_word' id='word_1_320' title='bbox 2390 2324 2494 2379; x_wconf 82' lang='lat' dir='ltr'><strong>fide</strong></span> <span class='ocrx_word' id='word_1_321' title='bbox 2540 2334 2875 2395; x_wconf 76' lang='lat' dir='ltr'><strong>contempta,</strong></span> <span class='ocrx_word' id='word_1_322' title='bbox 2908 2332 2964 2380; x_wconf 90' lang='lat' dir='ltr'><strong>et</strong></span> <span class='ocrx_word' id='word_1_323' title='bbox 2994 2336 3094 2392; x_wconf 86' lang='lat' dir='ltr'><strong>pro</strong></span> <span class='ocrx_word' id='word_1_324' title='bbox 3130 2335 3301 2391; x_wconf 86' lang='lat' dir='ltr'><strong>opere</strong></span> <span class='ocrx_word' id='word_1_325' title='bbox 3331 2336 3431 2377; x_wconf 84' lang='lat' dir='ltr'><strong>ne-</strong></span> 
     </span>
    </p>
   </div>
   <div class='ocr_carea' id='block_1_23' title="bbox 139 2412 3426 2490">
    <p class='ocr_par' dir='ltr' id='par_1_23' title="bbox 139 2412 3426 2490">
     <span class='ocr_line' id='line_1_23' title="bbox 139 2412 3426 2490; baseline 0.002 -26"><span class='ocrx_word' id='word_1_326' title='bbox 139 2424 279 2465; x_wconf 87' lang='lat' dir='ltr'><strong>mus:</strong></span> <span class='ocrx_word' id='word_1_327' title='bbox 320 2412 769 2483; x_wconf 83' lang='lat' dir='ltr'><strong>quandoquidem</strong></span> <span class='ocrx_word' id='word_1_328' title='bbox 814 2425 869 2470; x_wconf 86' lang='lat' dir='ltr'><strong>et</strong></span> <span class='ocrx_word' id='word_1_329' title='bbox 904 2415 1021 2483; x_wconf 85' lang='lat' dir='ltr'><strong>ipse</strong></span> <span class='ocrx_word' id='word_1_330' title='bbox 1051 2413 1269 2472; x_wconf 81' lang='lat' dir='ltr'><strong>villicus</strong></span> <span class='ocrx_word' id='word_1_331' title='bbox 1309 2416 1415 2471; x_wconf 82' lang='lat' dir='ltr'><strong>sub</strong></span> <span class='ocrx_word' id='word_1_332' title='bbox 1444 2424 1718 2485; x_wconf 83' lang='lat' dir='ltr'><strong>potestate</strong></span> <span class='ocrx_word' id='word_1_333' title='bbox 1814 2418 2018 2488; x_wconf 83' lang='lat' dir='ltr'><strong>glecto,</strong></span> <span class='ocrx_word' id='word_1_334' title='bbox 2054 2433 2258 2488; x_wconf 77' lang='lat' dir='ltr'><strong>negare</strong></span> <span class='ocrx_word' id='word_1_335' title='bbox 2282 2434 2390 2473; x_wconf 89' lang='lat' dir='ltr'><strong>non</strong></span> <span class='ocrx_word' id='word_1_336' title='bbox 2418 2429 2669 2490; x_wconf 87' lang='lat' dir='ltr'><strong>possunt.</strong></span> <span class='ocrx_word' id='word_1_337' title='bbox 2702 2415 2803 2488; x_wconf 89' lang='lat' dir='ltr'><strong>Qui</strong></span> <span class='ocrx_word' id='word_1_338' title='bbox 2828 2426 3013 2473; x_wconf 85' lang='lat' dir='ltr'><strong>autem</strong></span> <span class='ocrx_word' id='word_1_339' title='bbox 3044 2414 3284 2472; x_wconf 85' lang='lat' dir='ltr'><strong>reddunt</strong></span> <span class='ocrx_word' id='word_1_340' title='bbox 3303 2430 3426 2485; x_wconf 68' lang='lat' dir='ltr'><strong>«inae</strong></span> 
     </span>
    </p>
   </div>
   <div class='ocr_carea' id='block_1_24' title="bbox 138 2507 1716 2581">
    <p class='ocr_par' dir='ltr' id='par_1_24' title="bbox 138 2507 1716 2581">
     <span class='ocr_line' id='line_1_24' title="bbox 138 2507 1716 2581; baseline 0.006 -23"><span class='ocrx_word' id='word_1_341' title='bbox 138 2507 440 2567; x_wconf 85' lang='lat' dir='ltr'><strong>constitutus</strong></span> <span class='ocrx_word' id='word_1_342' title='bbox 461 2518 547 2566; x_wconf 85' lang='lat' dir='ltr'><strong>est</strong></span> <span class='ocrx_word' id='word_1_343' title='bbox 564 2509 778 2566; x_wconf 87' lang='lat' dir='ltr'><strong>Domini</strong></span> <span class='ocrx_word' id='word_1_344' title='bbox 794 2508 924 2573; x_wconf 85' lang='lat' dir='ltr'><strong>Dei;</strong></span> <span class='ocrx_word' id='word_1_345' title='bbox 950 2510 1096 2567; x_wconf 78' lang='lat' dir='ltr'><strong>illius</strong></span> <span class='ocrx_word' id='word_1_346' title='bbox 1119 2510 1453 2567; x_wconf 84' lang='lat' dir='ltr'><strong>veredivitis</strong></span> <span class='ocrx_word' id='word_1_347' title='bbox 1474 2511 1587 2581; x_wconf 81' lang='lat' dir='ltr'><strong>qui,</strong></span> <span class='ocrx_word' id='word_1_348' title='bbox 1607 2514 1716 2571; x_wconf 87' lang='lat' dir='ltr'><strong>sic-</strong></span> 
     </span>
    </p>
   </div>
   <div class='ocr_carea' id='block_1_25' title="bbox 140 2599 1715 2677">
    <p class='ocr_par' dir='ltr' id='par_1_25' title="bbox 140 2599 1715 2677">
     <span class='ocr_line' id='line_1_25' title="bbox 140 2599 1715 2677; baseline 0.008 -24"><span class='ocrx_word' id='word_1_349' title='bbox 140 2610 183 2654; x_wconf 85' lang='lat' dir='ltr'><strong>ut</strong></span> <span class='ocrx_word' id='word_1_350' title='bbox 205 2599 359 2658; x_wconf 87' lang='lat' dir='ltr'><strong>docet</strong></span> <span class='ocrx_word' id='word_1_351' title='bbox 389 2603 710 2671; x_wconf 75' lang='lat' dir='ltr'><strong>Apostolus,</strong></span> <span class='ocrx_word' id='word_1_352' title='bbox 766 2603 924 2660; x_wconf 82' lang='lat' dir='ltr'><strong>dives</strong></span> <span class='ocrx_word' id='word_1_353' title='bbox 965 2614 1053 2661; x_wconf 80' lang='lat' dir='ltr'><strong>est</strong></span> <span class='ocrx_word' id='word_1_354' title='bbox 1082 2604 1139 2661; x_wconf 91' lang='lat' dir='ltr'><strong>in</strong></span> <span class='ocrx_word' id='word_1_355' title='bbox 1179 2619 1398 2673; x_wconf 87' lang='lat' dir='ltr'><strong>omnes,</strong></span> <span class='ocrx_word' id='word_1_356' title='bbox 1446 2615 1504 2663; x_wconf 86' lang='lat' dir='ltr'><strong>et</strong></span> <span class='ocrx_word' id='word_1_357' title='bbox 1547 2622 1715 2677; x_wconf 89' lang='lat' dir='ltr'><strong>super</strong></span> 
     </span>
    </p>
   </div>
   <div class='ocr_carea' id='block_1_26' title="bbox 136 2698 1713 2772">
    <p class='ocr_par' dir='ltr' id='par_1_26' title="bbox 136 2698 1713 2772">
     <span class='ocr_line' id='line_1_26' title="bbox 136 2698 1713 2772; baseline 0.004 -22"><span class='ocrx_word' id='word_1_358' title='bbox 136 2706 299 2754; x_wconf 80' lang='lat' dir='ltr'><strong>omnes</strong></span> <span class='ocrx_word' id='word_1_359' title='bbox 323 2698 417 2769; x_wconf 78' lang='lat' dir='ltr'><strong>qui</strong></span> <span class='ocrx_word' id='word_1_360' title='bbox 456 2699 715 2754; x_wconf 71' lang='lat' dir='ltr'><strong>invocant</strong></span> <span class='ocrx_word' id='word_1_361' title='bbox 742 2715 895 2757; x_wconf 84' lang='lat' dir='ltr'><strong>eum.</strong></span> <span class='ocrx_word' id='word_1_362' title='bbox 952 2698 1137 2756; x_wconf 74' lang='lat' dir='ltr'><strong>Omnis</strong></span> <span class='ocrx_word' id='word_1_363' title='bbox 1184 2700 1321 2756; x_wconf 85' lang='lat' dir='ltr'><strong>enim</strong></span> <span class='ocrx_word' id='word_1_364' title='bbox 1365 2701 1455 2772; x_wconf 86' lang='lat' dir='ltr'><strong>qui</strong></span> <span class='ocrx_word' id='word_1_365' title='bbox 1502 2702 1713 2757; x_wconf 73' lang='lat' dir='ltr'><strong>inuoca-</strong></span> 
     </span>
    </p>
   </div>
   <div class='ocr_carea' id='block_1_27' title="bbox 136 2788 1709 2868">
    <p class='ocr_par' dir='ltr' id='par_1_27' title="bbox 136 2788 1709 2868">
     <span class='ocr_line' id='line_1_27' title="bbox 136 2788 1709 2868; baseline 0.006 -27"><span class='ocrx_word' id='word_1_366' title='bbox 136 2789 237 2843; x_wconf 65' lang='lat' dir='ltr'><strong>tteril</strong></span> <span class='ocrx_word' id='word_1_367' title='bbox 270 2807 450 2847; x_wconf 78' lang='lat' dir='ltr'><strong>nomen</strong></span> <span class='ocrx_word' id='word_1_368' title='bbox 500 2788 738 2853; x_wconf 85' lang='lat' dir='ltr'><strong>Domini.</strong></span> <span class='ocrx_word' id='word_1_369' title='bbox 788 2788 969 2848; x_wconf 76' lang='lat' dir='ltr'><strong>salvus</strong></span> <span class='ocrx_word' id='word_1_370' title='bbox 994 2794 1094 2847; x_wconf 86' lang='lat' dir='ltr'><strong>erit</strong></span> <span class='ocrx_word' id='word_1_371' title='bbox 1142 2792 1321 2865; x_wconf 82' lang='lat' dir='ltr'><strong>(Rom.</strong></span> <span class='ocrx_word' id='word_1_372' title='bbox 1372 2810 1430 2860; x_wconf 72' lang='lat'><strong>3,</strong></span> <span class='ocrx_word' id='word_1_373' title='bbox 1468 2794 1709 2868; x_wconf 65' lang='lat'><strong>12,15).</strong></span> 
     </span>
    </p>
   </div>
   <div class='ocr_carea' id='block_1_28' title="bbox 139 2880 1706 2963">
    <p class='ocr_par' dir='ltr' id='par_1_28' title="bbox 139 2880 1706 2963">
     <span class='ocr_line' id='line_1_28' title="bbox 139 2880 1706 2963; baseline 0.006 -28"><span class='ocrx_word' id='word_1_374' title='bbox 139 2880 348 2963; x_wconf 77' lang='lat' dir='ltr'><strong>Dissipat</strong></span> <span class='ocrx_word' id='word_1_375' title='bbox 389 2894 577 2942; x_wconf 85' lang='lat' dir='ltr'><strong>autem</strong></span> <span class='ocrx_word' id='word_1_376' title='bbox 640 2885 891 2942; x_wconf 82' lang='lat' dir='ltr'><strong>diabolus</strong></span> <span class='ocrx_word' id='word_1_377' title='bbox 943 2886 1259 2944; x_wconf 80' lang='lat' dir='ltr'><strong>facultatem</strong></span> <span class='ocrx_word' id='word_1_378' title='bbox 1317 2888 1532 2944; x_wconf 86' lang='lat' dir='ltr'><strong>Domini</strong></span> <span class='ocrx_word' id='word_1_379' title='bbox 1591 2890 1706 2958; x_wconf 78' lang='lat' dir='ltr'><strong>sui,</strong></span> 
     </span>
    </p>
   </div>
   <div class='ocr_carea' id='block_1_29' title="bbox 136 2976 1705 3054">
    <p class='ocr_par' dir='ltr' id='par_1_29' title="bbox 136 2976 1705 3054">
     <span class='ocr_line' id='line_1_29' title="bbox 136 2976 1705 3054; baseline 0.007 -26"><span class='ocrx_word' id='word_1_380' title='bbox 136 2978 323 3044; x_wconf 83' lang='lat' dir='ltr'><strong>quando</strong></span> <span class='ocrx_word' id='word_1_381' title='bbox 349 2976 404 3033; x_wconf 91' lang='lat' dir='ltr'><strong>in</strong></span> <span class='ocrx_word' id='word_1_382' title='bbox 438 2978 741 3049; x_wconf 87' lang='lat' dir='ltr'><strong>perniciem</strong></span> <span class='ocrx_word' id='word_1_383' title='bbox 772 2980 995 3051; x_wconf 84' lang='lat' dir='ltr'><strong>generis</strong></span> <span class='ocrx_word' id='word_1_384' title='bbox 1041 2980 1263 3037; x_wconf 84' lang='lat' dir='ltr'><strong>humani</strong></span> <span class='ocrx_word' id='word_1_385' title='bbox 1297 2991 1618 3054; x_wconf 78' lang='lat' dir='ltr'><strong>grassatur;</strong></span> <span class='ocrx_word' id='word_1_386' title='bbox 1655 2983 1705 3039; x_wconf 89' lang='lat' dir='ltr'><strong>id</strong></span> 
     </span>
    </p>
   </div>
   <div class='ocr_carea' id='block_1_30' title="bbox 135 3072 1701 3148">
    <p class='ocr_par' dir='ltr' id='par_1_30' title="bbox 135 3072 1701 3148">
     <span class='ocr_line' id='line_1_30' title="bbox 135 3072 1701 3148; baseline 0.008 -25"><span class='ocrx_word' id='word_1_387' title='bbox 135 3072 282 3126; x_wconf 81' lang='lat' dir='ltr'><strong>estin</strong></span> <span class='ocrx_word' id='word_1_388' title='bbox 311 3085 554 3131; x_wconf 86' lang='lat' dir='ltr'><strong>nostram</strong></span> <span class='ocrx_word' id='word_1_389' title='bbox 596 3090 813 3142; x_wconf 84' lang='lat' dir='ltr'><strong>necem,</strong></span> <span class='ocrx_word' id='word_1_390' title='bbox 864 3074 958 3145; x_wconf 89' lang='lat' dir='ltr'><strong>qui</strong></span> <span class='ocrx_word' id='word_1_391' title='bbox 1011 3077 1290 3148; x_wconf 85' lang='lat' dir='ltr'><strong>possessio</strong></span> <span class='ocrx_word' id='word_1_392' title='bbox 1344 3077 1436 3134; x_wconf 85' lang='lat' dir='ltr'><strong>Dei</strong></span> <span class='ocrx_word' id='word_1_393' title='bbox 1490 3092 1701 3147; x_wconf 86' lang='lat' dir='ltr'><strong>sumus,</strong></span> 
     </span>
    </p>
   </div>
   <div class='ocr_carea' id='block_1_31' title="bbox 134 3162 1701 3244">
    <p class='ocr_par' dir='ltr' id='par_1_31' title="bbox 134 3162 1701 3244">
     <span class='ocr_line' id='line_1_31' title="bbox 134 3162 1701 3244; baseline 0.01 -28"><span class='ocrx_word' id='word_1_394' title='bbox 134 3162 249 3220; x_wconf 71' lang='lat' dir='ltr'><strong>sicut</strong></span> <span class='ocrx_word' id='word_1_395' title='bbox 288 3168 421 3237; x_wconf 31' lang='lat' dir='ltr'><strong>ipso,</strong></span> <span class='ocrx_word' id='word_1_396' title='bbox 452 3170 544 3225; x_wconf 84' lang='lat' dir='ltr'><strong>Dei</strong></span> <span class='ocrx_word' id='word_1_397' title='bbox 585 3167 786 3238; x_wconf 79' lang='lat' dir='ltr'><strong>Filius,</strong></span> <span class='ocrx_word' id='word_1_398' title='bbox 822 3170 997 3226; x_wconf 83' lang='lat' dir='ltr'><strong>Patris</strong></span> <span class='ocrx_word' id='word_1_399' title='bbox 1028 3172 1113 3227; x_wconf 86' lang='lat' dir='ltr'><strong>sui</strong></span> <span class='ocrx_word' id='word_1_400' title='bbox 1146 3171 1289 3228; x_wconf 87' lang='lat' dir='ltr'><strong>dicta</strong></span> <span class='ocrx_word' id='word_1_401' title='bbox 1322 3188 1420 3242; x_wconf 82' lang='lat' dir='ltr'><strong>per</strong></span> <span class='ocrx_word' id='word_1_402' title='bbox 1449 3173 1701 3244; x_wconf 84' lang='lat' dir='ltr'><strong>Prophe-</strong></span> 
     </span>
    </p>
   </div>
   <div class='ocr_carea' id='block_1_32' title="bbox 1819 2508 3423 2581">
    <p class='ocr_par' dir='ltr' id='par_1_32' title="bbox 1819 2508 3423 2581">
     <span class='ocr_line' id='line_1_32' title="bbox 1819 2508 3423 2581; baseline -0.004 -11"><span class='ocrx_word' id='word_1_403' title='bbox 1819 2510 1918 2573; x_wconf 87' lang='lat' dir='ltr'><strong>Dei</strong></span> <span class='ocrx_word' id='word_1_404' title='bbox 1936 2523 2086 2579; x_wconf 88' lang='lat' dir='ltr'><strong>sunt,</strong></span> <span class='ocrx_word' id='word_1_405' title='bbox 2120 2512 2233 2569; x_wconf 87' lang='lat' dir='ltr'><strong>Deo</strong></span> <span class='ocrx_word' id='word_1_406' title='bbox 2252 2512 2362 2581; x_wconf 84' lang='lat' dir='ltr'><strong>jam</strong></span> <span class='ocrx_word' id='word_1_407' title='bbox 2390 2511 2677 2569; x_wconf 87' lang='lat' dir='ltr'><strong>debitores</strong></span> <span class='ocrx_word' id='word_1_408' title='bbox 2708 2527 2816 2567; x_wconf 90' lang='lat' dir='ltr'><strong>non</strong></span> <span class='ocrx_word' id='word_1_409' title='bbox 2842 2520 2990 2566; x_wconf 90' lang='lat' dir='ltr'><strong>sunt.</strong></span> <span class='ocrx_word' id='word_1_410' title='bbox 3036 2508 3423 2576; x_wconf 80' lang='lat' dir='ltr'><strong>Necmireris,</strong></span> 
     </span>
    </p>
   </div>
   <div class='ocr_carea' id='block_1_33' title="bbox 1814 2601 3426 2663">
    <p class='ocr_par' dir='ltr' id='par_1_33' title="bbox 1814 2601 3426 2663">
     <span class='ocr_line' id='line_1_33' title="bbox 1814 2601 3426 2663; baseline -0.001 -3"><span class='ocrx_word' id='word_1_411' title='bbox 1814 2605 1860 2660; x_wconf 88' lang='lat' dir='ltr'><strong>si</strong></span> <span class='ocrx_word' id='word_1_412' title='bbox 1892 2605 2203 2662; x_wconf 87' lang='lat' dir='ltr'><strong>debitorum</strong></span> <span class='ocrx_word' id='word_1_413' title='bbox 2238 2605 2619 2662; x_wconf 87' lang='lat' dir='ltr'><strong>remissionem</strong></span> <span class='ocrx_word' id='word_1_414' title='bbox 2649 2604 2833 2662; x_wconf 86' lang='lat' dir='ltr'><strong>taliter</strong></span> <span class='ocrx_word' id='word_1_415' title='bbox 2860 2601 3426 2663; x_wconf 69' lang='lat' dir='ltr'><strong>mentiaturhomini~</strong></span> 
     </span>
    </p>
   </div>
   <div class='ocr_carea' id='block_1_34' title="bbox 1814 2695 3425 2769">
    <p class='ocr_par' dir='ltr' id='par_1_34' title="bbox 1814 2695 3425 2769">
     <span class='ocr_line' id='line_1_34' title="bbox 1814 2695 3425 2769; baseline 0 -16"><span class='ocrx_word' id='word_1_416' title='bbox 1814 2696 1917 2761; x_wconf 88' lang='lat' dir='ltr'><strong>bus</strong></span> <span class='ocrx_word' id='word_1_417' title='bbox 1951 2708 1975 2737; x_wconf 79' lang='grc' dir='ltr'><strong><em>ο</em></strong></span> <span class='ocrx_word' id='word_1_418' title='bbox 1998 2713 2137 2769; x_wconf 82' lang='lat' dir='ltr'><strong>quos</strong></span> <span class='ocrx_word' id='word_1_419' title='bbox 2168 2699 2267 2753; x_wconf 87' lang='lat' dir='ltr'><strong>bac</strong></span> <span class='ocrx_word' id='word_1_420' title='bbox 2288 2708 2406 2753; x_wconf 87' lang='lat' dir='ltr'><strong>arte</strong></span> <span class='ocrx_word' id='word_1_421' title='bbox 2431 2698 2685 2754; x_wconf 83' lang='lat' dir='ltr'><strong>subtilius</strong></span> <span class='ocrx_word' id='word_1_422' title='bbox 2718 2708 2951 2753; x_wconf 88' lang='lat' dir='ltr'><strong>conatur</strong></span> <span class='ocrx_word' id='word_1_423' title='bbox 3000 2695 3277 2763; x_wconf 84' lang='lat' dir='ltr'><strong>occidere,</strong></span> <span class='ocrx_word' id='word_1_424' title='bbox 3326 2698 3425 2769; x_wconf 87' lang='lat' dir='ltr'><strong>qui</strong></span> 
     </span>
    </p>
   </div>
   <div class='ocr_carea' id='block_1_35' title="bbox 1811 2791 3421 2861">
    <p class='ocr_par' dir='ltr' id='par_1_35' title="bbox 1811 2791 3421 2861">
     <span class='ocr_line' id='line_1_35' title="bbox 1811 2791 3421 2861; baseline -0.001 -12"><span class='ocrx_word' id='word_1_425' title='bbox 1811 2791 2035 2849; x_wconf 84' lang='lat' dir='ltr'><strong>Christo</strong></span> <span class='ocrx_word' id='word_1_426' title='bbox 2078 2808 2262 2848; x_wconf 89' lang='lat' dir='ltr'><strong>rerum</strong></span> <span class='ocrx_word' id='word_1_427' title='bbox 2292 2792 2540 2847; x_wconf 88' lang='lat' dir='ltr'><strong>omnium</strong></span> <span class='ocrx_word' id='word_1_428' title='bbox 2589 2791 2863 2849; x_wconf 87' lang='lat' dir='ltr'><strong>conditori</strong></span> <span class='ocrx_word' id='word_1_429' title='bbox 2909 2806 3077 2849; x_wconf 67' lang='lat' dir='ltr'><strong>aiisus</strong></span> <span class='ocrx_word' id='word_1_430' title='bbox 3120 2800 3206 2848; x_wconf 90' lang='lat' dir='ltr'><strong>est</strong></span> <span class='ocrx_word' id='word_1_431' title='bbox 3252 2805 3421 2861; x_wconf 80' lang='lat' dir='ltr'><strong>regna</strong></span> 
     </span>
    </p>
   </div>
   <div class='ocr_carea' id='block_1_36' title="bbox 1813 2886 3423 2957">
    <p class='ocr_par' dir='ltr' id='par_1_36' title="bbox 1813 2886 3423 2957">
     <span class='ocr_line' id='line_1_36' title="bbox 1813 2886 3423 2957; baseline -0.001 -14"><span class='ocrx_word' id='word_1_432' title='bbox 1813 2887 1998 2943; x_wconf 89' lang='lat' dir='ltr'><strong>mundi</strong></span> <span class='ocrx_word' id='word_1_433' title='bbox 2032 2888 2379 2957; x_wconf 87' lang='lat' dir='ltr'><strong>promittere,</strong></span> <span class='ocrx_word' id='word_1_434' title='bbox 2412 2901 2508 2942; x_wconf 89' lang='lat' dir='ltr'><strong>sua</strong></span> <span class='ocrx_word' id='word_1_435' title='bbox 2548 2886 2641 2941; x_wconf 89' lang='lat' dir='ltr'><strong>illa</strong></span> <span class='ocrx_word' id='word_1_436' title='bbox 2692 2901 2820 2943; x_wconf 85' lang='lat' dir='ltr'><strong>esse</strong></span> <span class='ocrx_word' id='word_1_437' title='bbox 2876 2886 3225 2956; x_wconf 77' lang='lat' dir='ltr'><strong>impudenter</strong></span> <span class='ocrx_word' id='word_1_438' title='bbox 3268 2900 3423 2942; x_wconf 84' lang='lat' dir='ltr'><strong>asse-</strong></span> 
     </span>
    </p>
   </div>
   <div class='ocr_carea' id='block_1_37' title="bbox 1808 2979 3421 3049">
    <p class='ocr_par' dir='ltr' id='par_1_37' title="bbox 1808 2979 3421 3049">
     <span class='ocr_line' id='line_1_37' title="bbox 1808 2979 3421 3049; baseline -0.002 -12"><span class='ocrx_word' id='word_1_439' title='bbox 1808 2982 2004 3037; x_wconf 85' lang='lat' dir='ltr'><strong>reudo.</strong></span> <span class='ocrx_word' id='word_1_440' title='bbox 2036 2980 2161 3036; x_wconf 70' lang='grc' dir='ltr'><strong>Ηωι·</strong></span> <span class='ocrx_word' id='word_1_441' title='bbox 2190 2981 2366 3036; x_wconf 79' lang='lat' dir='ltr'><strong>omnia</strong></span> <span class='ocrx_word' id='word_1_442' title='bbox 2401 2997 2512 3035; x_wconf 85' lang='lat' dir='ltr'><strong>mea</strong></span> <span class='ocrx_word' id='word_1_443' title='bbox 2540 2991 2682 3043; x_wconf 82' lang='lat' dir='ltr'><strong>sunt,</strong></span> <span class='ocrx_word' id='word_1_444' title='bbox 2732 2981 2928 3049; x_wconf 87' lang='lat' dir='ltr'><strong>inquit,</strong></span> <span class='ocrx_word' id='word_1_445' title='bbox 2958 2988 3008 3035; x_wconf 86' lang='lat' dir='ltr'><strong>et</strong></span> <span class='ocrx_word' id='word_1_446' title='bbox 3056 2982 3136 3035; x_wconf 85' lang='lat' dir='ltr'><strong>cui</strong></span> <span class='ocrx_word' id='word_1_447' title='bbox 3178 2980 3314 3048; x_wconf 71' lang='lat' dir='ltr'><strong>nolo,</strong></span> <span class='ocrx_word' id='word_1_448' title='bbox 3347 2979 3421 3034; x_wconf 88' lang='lat' dir='ltr'><strong>do</strong></span> 
     </span>
    </p>
   </div>
   <div class='ocr_carea' id='block_1_38' title="bbox 1806 3074 3421 3146">
    <p class='ocr_par' dir='ltr' id='par_1_38' title="bbox 1806 3074 3421 3146">
     <span class='ocr_line' id='line_1_38' title="bbox 1806 3074 3421 3146; baseline -0.002 -14"><span class='ocrx_word' id='word_1_449' title='bbox 1806 3074 1922 3143; x_wconf 79' lang='lat' dir='ltr'><strong>illa.</strong></span> <span class='ocrx_word' id='word_1_450' title='bbox 1954 3075 2031 3132; x_wconf 85' lang='lat' dir='ltr'><strong>Tu</strong></span> <span class='ocrx_word' id='word_1_451' title='bbox 2063 3076 2239 3145; x_wconf 83' lang='lat' dir='ltr'><strong>itaque</strong></span> <span class='ocrx_word' id='word_1_452' title='bbox 2265 3079 2310 3131; x_wconf 86' lang='lat' dir='ltr'><strong>si</strong></span> <span class='ocrx_word' id='word_1_453' title='bbox 2350 3075 2625 3146; x_wconf 77' lang='lat' dir='ltr'><strong>precidem</strong></span> <span class='ocrx_word' id='word_1_454' title='bbox 2660 3074 2960 3132; x_wconf 82' lang='lat' dir='ltr'><strong>adoroveris</strong></span> <span class='ocrx_word' id='word_1_455' title='bbox 2992 3090 3096 3142; x_wconf 86' lang='lat' dir='ltr'><strong>me,</strong></span> <span class='ocrx_word' id='word_1_456' title='bbox 3142 3084 3290 3128; x_wconf 83' lang='lat' dir='ltr'><strong>erunt</strong></span> <span class='ocrx_word' id='word_1_457' title='bbox 3329 3082 3421 3128; x_wconf 85' lang='lat' dir='ltr'><strong>tua</strong></span> 
     </span>
    </p>
   </div>
   <div class='ocr_carea' id='block_1_39' title="bbox 1806 3165 3422 3242">
    <p class='ocr_par' dir='ltr' id='par_1_39' title="bbox 1806 3165 3422 3242">
     <span class='ocr_line' id='line_1_39' title="bbox 1806 3165 3422 3242; baseline -0.004 -17"><span class='ocrx_word' id='word_1_458' title='bbox 1806 3170 1981 3237; x_wconf 82' lang='lat' dir='ltr'><strong>omnia</strong></span> <span class='ocrx_word' id='word_1_459' title='bbox 2013 3168 2225 3242; x_wconf 71' lang='lat' dir='ltr'><strong>(Matth.</strong></span> <span class='ocrx_word' id='word_1_460' title='bbox 2258 3170 2355 3240; x_wconf 82' lang='lat' dir='ltr'><strong>iv).</strong></span> <span class='ocrx_word' id='word_1_461' title='bbox 2385 3168 2432 3225; x_wconf 93' lang='lat'><strong>0</strong></span> <span class='ocrx_word' id='word_1_462' title='bbox 2464 3168 2846 3225; x_wconf 81' lang='lat' dir='ltr'><strong>inenarrabilis</strong></span> <span class='ocrx_word' id='word_1_463' title='bbox 2873 3166 2975 3223; x_wconf 86' lang='lat' dir='ltr'><strong>Clu</strong></span> <span class='ocrx_word' id='word_1_464' title='bbox 2993 3166 3080 3223; x_wconf 85' lang='lat' dir='ltr'><strong>isti</strong></span> <span class='ocrx_word' id='word_1_465' title='bbox 3126 3165 3422 3239; x_wconf 86' lang='lat' dir='ltr'><strong>patientia,</strong></span> 
     </span>
    </p>
   </div>
   <div class='ocr_carea' id='block_1_40' title="bbox 135 3261 3419 3335">
    <p class='ocr_par' dir='ltr' id='par_1_40' title="bbox 135 3261 3419 3335">
     <span class='ocr_line' id='line_1_40' title="bbox 135 3261 3419 3335; baseline 0.001 -22"><span class='ocrx_word' id='word_1_466' title='bbox 135 3264 222 3313; x_wconf 78' lang='lat' dir='ltr'><strong>tam</strong></span> <span class='ocrx_word' id='word_1_467' title='bbox 249 3262 558 3328; x_wconf 83' lang='lat' dir='ltr'><strong>referendo,</strong></span> <span class='ocrx_word' id='word_1_468' title='bbox 584 3270 819 3319; x_wconf 85' lang='lat' dir='ltr'><strong>testatur</strong></span> <span class='ocrx_word' id='word_1_469' title='bbox 848 3280 865 3317; x_wconf 86' lang='lat'><strong>:</strong></span> <span class='ocrx_word' id='word_1_470' title='bbox 914 3262 1136 3320; x_wconf 80' lang='lat' dir='ltr'><strong>Postulo</strong></span> <span class='ocrx_word' id='word_1_471' title='bbox 1168 3282 1200 3318; x_wconf 90' lang='lat' dir='ltr'><strong>a</strong></span> <span class='ocrx_word' id='word_1_472' title='bbox 1224 3282 1328 3335; x_wconf 82' lang='lat' dir='ltr'><strong>me,</strong></span> <span class='ocrx_word' id='word_1_473' title='bbox 1362 3277 1410 3321; x_wconf 87' lang='lat' dir='ltr'><strong>et</strong></span> <span class='ocrx_word' id='word_1_474' title='bbox 1437 3266 1575 3322; x_wconf 83' lang='lat' dir='ltr'><strong>dabo</strong></span> <span class='ocrx_word' id='word_1_475' title='bbox 1614 3268 1705 3321; x_wconf 82' lang='lat' dir='ltr'><strong>tibi</strong></span> <span class='ocrx_word' id='word_1_476' title='bbox 1732 3261 1781 3329; x_wconf 73' lang='grc' dir='ltr'>Ο</span> <span class='ocrx_word' id='word_1_477' title='bbox 1808 3280 1932 3332; x_wconf 75' lang='lat' dir='ltr'><strong>quin</strong></span> <span class='ocrx_word' id='word_1_478' title='bbox 1962 3263 2164 3318; x_wconf 89' lang='lat' dir='ltr'><strong>idcirco</strong></span> <span class='ocrx_word' id='word_1_479' title='bbox 2187 3270 2522 3319; x_wconf 86' lang='lat' dir='ltr'><strong>tentatorem</strong></span> <span class='ocrx_word' id='word_1_480' title='bbox 2554 3262 2700 3335; x_wconf 86' lang='lat' dir='ltr'><strong>loqui</strong></span> <span class='ocrx_word' id='word_1_481' title='bbox 2736 3263 3035 3335; x_wconf 81' lang='lat' dir='ltr'><strong>permittit,</strong></span> <span class='ocrx_word' id='word_1_482' title='bbox 3069 3271 3127 3316; x_wconf 92' lang='lat' dir='ltr'><strong>ut</strong></span> <span class='ocrx_word' id='word_1_483' title='bbox 3156 3270 3419 3333; x_wconf 85' lang='lat' dir='ltr'><strong>suscepto</strong></span> 
     </span>
    </p>
   </div>
   <div class='ocr_carea' id='block_1_41' title="bbox 132 3354 1708 3430">
    <p class='ocr_par' dir='ltr' id='par_1_41' title="bbox 132 3354 1708 3430">
     <span class='ocr_line' id='line_1_41' title="bbox 132 3354 1708 3430; baseline 0.004 -22"><span class='ocrx_word' id='word_1_484' title='bbox 132 3363 276 3425; x_wconf 71' lang='lat' dir='ltr'><strong>gentes</strong></span> <span class='ocrx_word' id='word_1_485' title='bbox 316 3354 676 3413; x_wconf 61' lang='lat' dir='ltr'><strong>hereditatem</strong></span> <span class='ocrx_word' id='word_1_486' title='bbox 723 3367 891 3427; x_wconf 77' lang='lat' dir='ltr'><strong>tuam,</strong></span> <span class='ocrx_word' id='word_1_487' title='bbox 924 3369 972 3413; x_wconf 91' lang='lat' dir='ltr'><strong>et</strong></span> <span class='ocrx_word' id='word_1_488' title='bbox 1005 3361 1384 3430; x_wconf 72' lang='lat' dir='ltr'><strong>possessionem</strong></span> <span class='ocrx_word' id='word_1_489' title='bbox 1427 3372 1570 3417; x_wconf 82' lang='lat' dir='ltr'><strong>tuam</strong></span> <span class='ocrx_word' id='word_1_490' title='bbox 1602 3372 1708 3416; x_wconf 86' lang='lat' dir='ltr'><strong>ter-</strong></span> 
     </span>
    </p>
   </div>
   <div class='ocr_carea' id='block_1_42' title="bbox 136 3448 1704 3531">
    <p class='ocr_par' dir='ltr' id='par_1_42' title="bbox 136 3448 1704 3531">
     <span class='ocr_line' id='line_1_42' title="bbox 136 3448 1704 3531; baseline 0.007 -30"><span class='ocrx_word' id='word_1_491' title='bbox 136 3448 273 3503; x_wconf 76' lang='lat' dir='ltr'><strong>minos</strong></span> <span class='ocrx_word' id='word_1_492' title='bbox 296 3460 447 3506; x_wconf 69' lang='lat' dir='ltr'><strong>terra</strong></span> <span class='ocrx_word' id='word_1_493' title='bbox 476 3450 599 3519; x_wconf 87' lang='lat' dir='ltr'><strong>(Ps.</strong></span> <span class='ocrx_word' id='word_1_494' title='bbox 632 3468 705 3519; x_wconf 84' lang='lat' dir='ltr'><strong>ti,</strong></span> <span class='ocrx_word' id='word_1_495' title='bbox 737 3452 821 3525; x_wconf 86' lang='lat'><strong>8).</strong></span> <span class='ocrx_word' id='word_1_496' title='bbox 868 3454 935 3509; x_wconf 79' lang='lat' dir='ltr'><strong>Et</strong></span> <span class='ocrx_word' id='word_1_497' title='bbox 961 3454 1161 3509; x_wconf 86' lang='lat' dir='ltr'><strong>iterum</strong></span> <span class='ocrx_word' id='word_1_498' title='bbox 1198 3472 1212 3511; x_wconf 89' lang='lat'><strong>:</strong></span> <span class='ocrx_word' id='word_1_499' title='bbox 1264 3455 1523 3523; x_wconf 84' lang='lat' dir='ltr'><strong>Quoniam</strong></span> <span class='ocrx_word' id='word_1_500' title='bbox 1550 3457 1704 3531; x_wconf 77' lang='lat' dir='ltr'><strong>elegit</strong></span> 
     </span>
    </p>
   </div>
   <div class='ocr_carea' id='block_1_43' title="bbox 130 3538 1705 3622">
    <p class='ocr_par' dir='ltr' id='par_1_43' title="bbox 130 3538 1705 3622">
     <span class='ocr_line' id='line_1_43' title="bbox 130 3538 1705 3622; baseline 0.01 -31"><span class='ocrx_word' id='word_1_501' title='bbox 130 3538 209 3592; x_wconf 63' lang='lat' dir='ltr'><strong>tibi</strong></span> <span class='ocrx_word' id='word_1_502' title='bbox 248 3540 496 3601; x_wconf 72' lang='lat' dir='ltr'><strong>Dentium</strong></span> <span class='ocrx_word' id='word_1_503' title='bbox 548 3545 738 3612; x_wconf 76' lang='lat' dir='ltr'><strong>Jacob,</strong></span> <span class='ocrx_word' id='word_1_504' title='bbox 776 3557 826 3601; x_wconf 83' lang='lat' dir='ltr'><strong>et</strong></span> <span class='ocrx_word' id='word_1_505' title='bbox 856 3544 1031 3603; x_wconf 83' lang='lat' dir='ltr'><strong>Israel</strong></span> <span class='ocrx_word' id='word_1_506' title='bbox 1084 3549 1139 3602; x_wconf 86' lang='lat' dir='ltr'><strong>in</strong></span> <span class='ocrx_word' id='word_1_507' title='bbox 1184 3550 1558 3622; x_wconf 80' lang='lat' dir='ltr'><strong>possessionem</strong></span> <span class='ocrx_word' id='word_1_508' title='bbox 1602 3551 1705 3607; x_wconf 80' lang='lat' dir='ltr'><strong>sibi</strong></span> 
     </span>
    </p>
   </div>
   <div class='ocr_carea' id='block_1_44' title="bbox 134 3628 1702 3715">
    <p class='ocr_par' dir='ltr' id='par_1_44' title="bbox 134 3628 1702 3715">
     <span class='ocr_line' id='line_1_44' title="bbox 134 3628 1702 3715; baseline 0.011 -29"><span class='ocrx_word' id='word_1_509' title='bbox 134 3628 231 3715; x_wconf 77' lang='lat' dir='ltr'><strong>(Ps.</strong></span> <span class='ocrx_word' id='word_1_510' title='bbox 254 3650 466 3705; x_wconf 83' lang='lat' dir='ltr'><strong>cxsxtv,</strong></span> <span class='ocrx_word' id='word_1_511' title='bbox 500 3638 582 3711; x_wconf 72' lang='grc'><strong>4).</strong></span> <span class='ocrx_word' id='word_1_512' title='bbox 626 3638 831 3696; x_wconf 79' lang='lat' dir='ltr'><strong>Videas</strong></span> <span class='ocrx_word' id='word_1_513' title='bbox 859 3654 992 3713; x_wconf 81' lang='lat' dir='ltr'><strong>ergo</strong></span> <span class='ocrx_word' id='word_1_514' title='bbox 1043 3640 1187 3697; x_wconf 87' lang='lat' dir='ltr'><strong>Deus</strong></span> <span class='ocrx_word' id='word_1_515' title='bbox 1239 3643 1295 3698; x_wconf 89' lang='lat' dir='ltr'><strong>in</strong></span> <span class='ocrx_word' id='word_1_516' title='bbox 1344 3654 1554 3700; x_wconf 84' lang='lat' dir='ltr'><strong>tantum</strong></span> <span class='ocrx_word' id='word_1_517' title='bbox 1589 3645 1702 3703; x_wconf 81' lang='lat' dir='ltr'><strong>dte-</strong></span> 
     </span>
    </p>
   </div>
   <div class='ocr_carea' id='block_1_45' title="bbox 134 3728 1703 3809">
    <p class='ocr_par' dir='ltr' id='par_1_45' title="bbox 134 3728 1703 3809">
     <span class='ocr_line' id='line_1_45' title="bbox 134 3728 1703 3809; baseline 0.009 -28"><span class='ocrx_word' id='word_1_518' title='bbox 134 3728 284 3786; x_wconf 83' lang='lat' dir='ltr'><strong>tnonis</strong></span> <span class='ocrx_word' id='word_1_519' title='bbox 304 3732 590 3789; x_wconf 86' lang='lat' dir='ltr'><strong>audaciam</strong></span> <span class='ocrx_word' id='word_1_520' title='bbox 637 3736 982 3806; x_wconf 79' lang='lat' dir='ltr'><strong>prorupisse,</strong></span> <span class='ocrx_word' id='word_1_521' title='bbox 1039 3743 1099 3791; x_wconf 92' lang='lat' dir='ltr'><strong>ut</strong></span> <span class='ocrx_word' id='word_1_522' title='bbox 1150 3751 1293 3809; x_wconf 84' lang='lat' dir='ltr'><strong>quos</strong></span> <span class='ocrx_word' id='word_1_523' title='bbox 1337 3739 1703 3795; x_wconf 87' lang='lat' dir='ltr'><strong>correctionis</strong></span> 
     </span>
    </p>
   </div>
   <div class='ocr_carea' id='block_1_46' title="bbox 131 3824 1698 3903">
    <p class='ocr_par' dir='ltr' id='par_1_46' title="bbox 131 3824 1698 3903">
     <span class='ocr_line' id='line_1_46' title="bbox 131 3824 1698 3903; baseline 0.006 -24"><span class='ocrx_word' id='word_1_524' title='bbox 131 3824 265 3881; x_wconf 64' lang='lat' dir='ltr'><strong>musa</strong></span> <span class='ocrx_word' id='word_1_525' title='bbox 293 3834 510 3885; x_wconf 79' lang='lat' dir='ltr'><strong>tentare</strong></span> <span class='ocrx_word' id='word_1_526' title='bbox 538 3829 717 3885; x_wconf 80' lang='lat' dir='ltr'><strong>solum</strong></span> <span class='ocrx_word' id='word_1_527' title='bbox 747 3832 1049 3899; x_wconf 80' lang='lat' dir='ltr'><strong>permissus</strong></span> <span class='ocrx_word' id='word_1_528' title='bbox 1094 3830 1292 3896; x_wconf 74' lang='lat' dir='ltr'><strong>fuerat,</strong></span> <span class='ocrx_word' id='word_1_529' title='bbox 1324 3834 1698 3903; x_wconf 82' lang='lat' dir='ltr'><strong>usurpaverit,</strong></span> 
     </span>
    </p>
   </div>
   <div class='ocr_carea' id='block_1_47' title="bbox 130 3922 1700 4002">
    <p class='ocr_par' dir='ltr' id='par_1_47' title="bbox 130 3922 1700 4002">
     <span class='ocr_line' id='line_1_47' title="bbox 130 3922 1700 4002; baseline 0.008 -31"><span class='ocrx_word' id='word_1_530' title='bbox 130 3926 173 3971; x_wconf 82' lang='lat' dir='ltr'><strong>et</strong></span> <span class='ocrx_word' id='word_1_531' title='bbox 198 3922 487 3984; x_wconf 85' lang='lat' dir='ltr'><strong>necaverit,</strong></span> <span class='ocrx_word' id='word_1_532' title='bbox 519 3935 543 3961; x_wconf 71' lang='grc' dir='ltr'>ε</span> <span class='ocrx_word' id='word_1_533' title='bbox 575 3926 947 3981; x_wconf 71' lang='lat' dir='ltr'><strong>comminatur</strong></span> <span class='ocrx_word' id='word_1_534' title='bbox 969 3924 1048 3980; x_wconf 83' lang='lat' dir='ltr'><strong>illi</strong></span> <span class='ocrx_word' id='word_1_535' title='bbox 1079 3926 1491 3996; x_wconf 76' lang='lat' dir='ltr'><strong>expulsiOnem,</strong></span> <span class='ocrx_word' id='word_1_536' title='bbox 1535 3927 1700 4002; x_wconf 70' lang='lat'><strong>352</strong></span> 
     </span>
    </p>
   </div>
   <div class='ocr_carea' id='block_1_48' title="bbox 133 4013 1695 4087">
    <p class='ocr_par' dir='ltr' id='par_1_48' title="bbox 133 4013 1695 4087">
     <span class='ocr_line' id='line_1_48' title="bbox 133 4013 1695 4087; baseline 0.011 -25"><span class='ocrx_word' id='word_1_537' title='bbox 133 4019 176 4063; x_wconf 87' lang='lat' dir='ltr'><strong>ut</strong></span> <span class='ocrx_word' id='word_1_538' title='bbox 200 4013 488 4072; x_wconf 86' lang='lat' dir='ltr'><strong>immanitas</strong></span> <span class='ocrx_word' id='word_1_539' title='bbox 515 4017 659 4087; x_wconf 84' lang='lat' dir='ltr'><strong>ejus,</strong></span> <span class='ocrx_word' id='word_1_540' title='bbox 693 4029 841 4072; x_wconf 88' lang='lat' dir='ltr'><strong>metu</strong></span> <span class='ocrx_word' id='word_1_541' title='bbox 871 4020 1097 4075; x_wconf 87' lang='lat' dir='ltr'><strong>ultionis</strong></span> <span class='ocrx_word' id='word_1_542' title='bbox 1149 4021 1515 4077; x_wconf 62' lang='lat' dir='ltr'><strong>interminata:</strong></span> <span class='ocrx_word' id='word_1_543' title='bbox 1548 4026 1695 4079; x_wconf 87' lang='lat' dir='ltr'><strong>frau-</strong></span> 
     </span>
    </p>
   </div>
   <div class='ocr_carea' id='block_1_49' title="bbox 130 4112 1701 4191">
    <p class='ocr_par' dir='ltr' id='par_1_49' title="bbox 130 4112 1701 4191">
     <span class='ocr_line' id='line_1_49' title="bbox 130 4112 1701 4191; baseline 0.01 -31"><span class='ocrx_word' id='word_1_544' title='bbox 130 4117 277 4176; x_wconf 63' lang='grc' dir='ltr'><strong>μίαν.</strong></span> <span class='ocrx_word' id='word_1_545' title='bbox 310 4112 375 4168; x_wconf 77' lang='lat' dir='ltr'><strong>At</strong></span> <span class='ocrx_word' id='word_1_546' title='bbox 405 4112 502 4168; x_wconf 89' lang='lat' dir='ltr'><strong>ille</strong></span> <span class='ocrx_word' id='word_1_547' title='bbox 530 4114 925 4185; x_wconf 84' lang='lat' dir='ltr'><strong>nequissimus,</strong></span> <span class='ocrx_word' id='word_1_548' title='bbox 960 4113 1246 4172; x_wconf 85' lang='lat' dir='ltr'><strong>hominum</strong></span> <span class='ocrx_word' id='word_1_549' title='bbox 1282 4127 1520 4175; x_wconf 82' lang='lat' dir='ltr'><strong>mortem</strong></span> <span class='ocrx_word' id='word_1_550' title='bbox 1549 4136 1701 4191; x_wconf 76' lang='lat' dir='ltr'><strong>qua:-</strong></span> 
     </span>
    </p>
   </div>
   <div class='ocr_carea' id='block_1_50' title="bbox 132 4209 1701 4282">
    <p class='ocr_par' dir='ltr' id='par_1_50' title="bbox 132 4209 1701 4282">
     <span class='ocr_line' id='line_1_50' title="bbox 132 4209 1701 4282; baseline 0.011 -29"><span class='ocrx_word' id='word_1_551' title='bbox 132 4209 246 4258; x_wconf 85' lang='lat' dir='ltr'><strong>slum</strong></span> <span class='ocrx_word' id='word_1_552' title='bbox 266 4223 414 4263; x_wconf 84' lang='lat' dir='ltr'><strong>suum</strong></span> <span class='ocrx_word' id='word_1_553' title='bbox 442 4218 793 4278; x_wconf 87' lang='lat' dir='ltr'><strong>computans,</strong></span> <span class='ocrx_word' id='word_1_554' title='bbox 825 4220 1022 4265; x_wconf 63' lang='lat' dir='ltr'><strong>aestuat</strong></span> <span class='ocrx_word' id='word_1_555' title='bbox 1043 4210 1262 4277; x_wconf 82' lang='lat' dir='ltr'><strong>anxius,</strong></span> <span class='ocrx_word' id='word_1_556' title='bbox 1289 4209 1315 4249; x_wconf 66' lang='grc' dir='ltr'>ἀ</span> <span class='ocrx_word' id='word_1_557' title='bbox 1340 4216 1485 4282; x_wconf 88' lang='lat' dir='ltr'><strong>quod</strong></span> <span class='ocrx_word' id='word_1_558' title='bbox 1510 4213 1701 4271; x_wconf 88' lang='lat' dir='ltr'><strong>Domi-</strong></span> 
     </span>
    </p>
   </div>
   <div class='ocr_carea' id='block_1_51' title="bbox 131 4302 1698 4378">
    <p class='ocr_par' dir='ltr' id='par_1_51' title="bbox 131 4302 1698 4378">
     <span class='ocr_line' id='line_1_51' title="bbox 131 4302 1698 4378; baseline 0.012 -31"><span class='ocrx_word' id='word_1_559' title='bbox 131 4310 211 4351; x_wconf 87' lang='lat' dir='ltr'><strong>nus</strong></span> <span class='ocrx_word' id='word_1_560' title='bbox 232 4302 278 4355; x_wconf 87' lang='lat' dir='ltr'><strong>ei</strong></span> <span class='ocrx_word' id='word_1_561' title='bbox 320 4312 649 4372; x_wconf 84' lang='lat' dir='ltr'><strong>potestatem</strong></span> <span class='ocrx_word' id='word_1_562' title='bbox 702 4303 1020 4361; x_wconf 70' lang='lat' dir='ltr'><strong>dominandi</strong></span> <span class='ocrx_word' id='word_1_563' title='bbox 1070 4307 1357 4364; x_wconf 85' lang='lat' dir='ltr'><strong>ablaturus</strong></span> <span class='ocrx_word' id='word_1_564' title='bbox 1411 4320 1589 4378; x_wconf 82' lang='lat' dir='ltr'><strong>esset;</strong></span> <span class='ocrx_word' id='word_1_565' title='bbox 1642 4321 1698 4368; x_wconf 89' lang='lat' dir='ltr'><strong>et</strong></span> 
     </span>
    </p>
   </div>
   <div class='ocr_carea' id='block_1_52' title="bbox 131 4392 1694 4472">
    <p class='ocr_par' dir='ltr' id='par_1_52' title="bbox 131 4392 1694 4472">
     <span class='ocr_line' id='line_1_52' title="bbox 131 4392 1694 4472; baseline 0.012 -31"><span class='ocrx_word' id='word_1_566' title='bbox 131 4392 347 4458; x_wconf 83' lang='lat' dir='ltr'><strong>quoniam</strong></span> <span class='ocrx_word' id='word_1_567' title='bbox 387 4410 490 4452; x_wconf 83' lang='lat' dir='ltr'><strong>nec</strong></span> <span class='ocrx_word' id='word_1_568' title='bbox 519 4397 735 4467; x_wconf 85' lang='lat' dir='ltr'><strong>operari</strong></span> <span class='ocrx_word' id='word_1_569' title='bbox 768 4398 971 4454; x_wconf 84' lang='lat' dir='ltr'><strong>bonum</strong></span> <span class='ocrx_word' id='word_1_570' title='bbox 1004 4402 1143 4469; x_wconf 85' lang='lat' dir='ltr'><strong>vult,</strong></span> <span class='ocrx_word' id='word_1_571' title='bbox 1170 4411 1223 4458; x_wconf 87' lang='lat' dir='ltr'><strong>et</strong></span> <span class='ocrx_word' id='word_1_572' title='bbox 1257 4411 1443 4472; x_wconf 86' lang='lat' dir='ltr'><strong>petere</strong></span> <span class='ocrx_word' id='word_1_573' title='bbox 1474 4402 1694 4461; x_wconf 82' lang='lat' dir='ltr'><strong>miseri-</strong></span> 
     </span>
    </p>
   </div>
   <div class='ocr_carea' id='block_1_53' title="bbox 132 4484 1755 4569">
    <p class='ocr_par' dir='ltr' id='par_1_53' title="bbox 132 4484 1755 4569">
     <span class='ocr_line' id='line_1_53' title="bbox 132 4484 1755 4569; baseline 0.011 -33"><span class='ocrx_word' id='word_1_574' title='bbox 132 4484 334 4567; x_wconf 85' lang='lat' dir='ltr'><strong>cordiam</strong></span> <span class='ocrx_word' id='word_1_575' title='bbox 364 4489 638 4560; x_wconf 66' lang='lat' dir='ltr'><strong>patuitcns</strong></span> <span class='ocrx_word' id='word_1_576' title='bbox 663 4490 968 4559; x_wconf 86' lang='lat' dir='ltr'><strong>erubescit,</strong></span> <span class='ocrx_word' id='word_1_577' title='bbox 998 4484 1433 4565; x_wconf 70' lang='lat' dir='ltr'><strong>argumentatur,</strong></span> <span class='ocrx_word' id='word_1_578' title='bbox 1465 4513 1696 4569; x_wconf 82' lang='lat' dir='ltr'><strong>quomo-</strong></span> <span class='ocrx_word' id='word_1_579' title='bbox 1748 4554 1755 4569; x_wconf 68' lang='grc'>,</span> 
     </span>
    </p>
   </div>
   <div class='ocr_carea' id='block_1_54' title="bbox 132 4572 1693 4661">
    <p class='ocr_par' dir='ltr' id='par_1_54' title="bbox 132 4572 1693 4661">
     <span class='ocr_line' id='line_1_54' title="bbox 132 4572 1693 4661; baseline 0.012 -33"><span class='ocrx_word' id='word_1_580' title='bbox 132 4572 186 4629; x_wconf 81' lang='lat' dir='ltr'><strong>do</strong></span> <span class='ocrx_word' id='word_1_581' title='bbox 209 4583 483 4647; x_wconf 68' lang='lat' dir='ltr'><strong>prmvaleat</strong></span> <span class='ocrx_word' id='word_1_582' title='bbox 509 4581 794 4639; x_wconf 89' lang='lat' dir='ltr'><strong>debitores</strong></span> <span class='ocrx_word' id='word_1_583' title='bbox 828 4586 1041 4642; x_wconf 84' lang='lat' dir='ltr'><strong>Domini</strong></span> <span class='ocrx_word' id='word_1_584' title='bbox 1071 4588 1157 4643; x_wconf 88' lang='lat' dir='ltr'><strong>sui</strong></span> <span class='ocrx_word' id='word_1_585' title='bbox 1202 4588 1277 4661; x_wconf 89' lang='lat' dir='ltr'><strong>(id</strong></span> <span class='ocrx_word' id='word_1_586' title='bbox 1320 4597 1407 4644; x_wconf 83' lang='lat' dir='ltr'><strong>est</strong></span> <span class='ocrx_word' id='word_1_587' title='bbox 1436 4600 1693 4659; x_wconf 78' lang='lat' dir='ltr'><strong>peccato-</strong></span> 
     </span>
    </p>
   </div>
   <div class='ocr_carea' id='block_1_55' title="bbox 1809 3355 3410 3428">
    <p class='ocr_par' dir='ltr' id='par_1_55' title="bbox 1809 3355 3410 3428">
     <span class='ocr_line' id='line_1_55' title="bbox 1809 3355 3410 3428; baseline -0.001 -15"><span class='ocrx_word' id='word_1_588' title='bbox 1809 3356 2018 3413; x_wconf 85' lang='lat' dir='ltr'><strong>homini</strong></span> <span class='ocrx_word' id='word_1_589' title='bbox 2050 3366 2226 3412; x_wconf 87' lang='lat' dir='ltr'><strong>artem</strong></span> <span class='ocrx_word' id='word_1_590' title='bbox 2256 3355 2562 3428; x_wconf 66' lang='lat' dir='ltr'><strong>proeliandi,</strong></span> <span class='ocrx_word' id='word_1_591' title='bbox 2594 3369 2761 3427; x_wconf 81' lang='lat' dir='ltr'><strong>atque</strong></span> <span class='ocrx_word' id='word_1_592' title='bbox 2788 3355 3064 3425; x_wconf 81' lang='lat' dir='ltr'><strong>vincendi,</strong></span> <span class='ocrx_word' id='word_1_593' title='bbox 3103 3356 3157 3410; x_wconf 89' lang='lat' dir='ltr'><strong>in</strong></span> <span class='ocrx_word' id='word_1_594' title='bbox 3199 3364 3410 3413; x_wconf 65' lang='lat' dir='ltr'><strong>semoto</strong></span> 
     </span>
    </p>
   </div>
   <div class='ocr_carea' id='block_1_56' title="bbox 1808 3448 3415 3522">
    <p class='ocr_par' dir='ltr' id='par_1_56' title="bbox 1808 3448 3415 3522">
     <span class='ocr_line' id='line_1_56' title="bbox 1808 3448 3415 3522; baseline -0.001 -14"><span class='ocrx_word' id='word_1_595' title='bbox 1808 3452 1930 3522; x_wconf 89' lang='lat' dir='ltr'><strong>ipso</strong></span> <span class='ocrx_word' id='word_1_596' title='bbox 1959 3450 2399 3515; x_wconf 81' lang='lat' dir='ltr'><strong>demonstraret!</strong></span> <span class='ocrx_word' id='word_1_597' title='bbox 2427 3448 2475 3508; x_wconf 89' lang='grc' dir='ltr'>Ο</span> <span class='ocrx_word' id='word_1_598' title='bbox 2499 3448 2727 3507; x_wconf 79' lang='lat' dir='ltr'><strong>eh‘renis</strong></span> <span class='ocrx_word' id='word_1_599' title='bbox 2767 3450 2973 3506; x_wconf 87' lang='lat' dir='ltr'><strong>diaboli</strong></span> <span class='ocrx_word' id='word_1_600' title='bbox 3008 3450 3288 3507; x_wconf 84' lang='lat' dir='ltr'><strong>mendacis</strong></span> <span class='ocrx_word' id='word_1_601' title='bbox 3314 3466 3415 3507; x_wconf 82' lang='lat' dir='ltr'><strong>au-</strong></span> 
     </span>
    </p>
   </div>
   <div class='ocr_carea' id='block_1_57' title="bbox 1804 3543 3415 3610">
    <p class='ocr_par' dir='ltr' id='par_1_57' title="bbox 1804 3543 3415 3610">
     <span class='ocr_line' id='line_1_57' title="bbox 1804 3543 3415 3610; baseline 0 -9"><span class='ocrx_word' id='word_1_602' title='bbox 1804 3544 2000 3602; x_wconf 84' lang='lat' dir='ltr'><strong>dacial</strong></span> <span class='ocrx_word' id='word_1_603' title='bbox 2037 3545 2205 3600; x_wconf 91' lang='lat' dir='ltr'><strong>Deum</strong></span> <span class='ocrx_word' id='word_1_604' title='bbox 2234 3545 2424 3610; x_wconf 87' lang='lat' dir='ltr'><strong>sentit,</strong></span> <span class='ocrx_word' id='word_1_605' title='bbox 2457 3554 2513 3601; x_wconf 91' lang='lat' dir='ltr'><strong>et</strong></span> <span class='ocrx_word' id='word_1_606' title='bbox 2540 3555 2750 3601; x_wconf 88' lang='lat' dir='ltr'><strong>tentat:</strong></span> <span class='ocrx_word' id='word_1_607' title='bbox 2785 3544 3077 3600; x_wconf 86' lang='lat' dir='ltr'><strong>Dominum</strong></span> <span class='ocrx_word' id='word_1_608' title='bbox 3114 3543 3265 3600; x_wconf 86' lang='lat' dir='ltr'><strong>novit</strong></span> <span class='ocrx_word' id='word_1_609' title='bbox 3291 3544 3415 3601; x_wconf 82' lang='lat' dir='ltr'><strong>uni-</strong></span> 
     </span>
    </p>
   </div>
   <div class='ocr_carea' id='block_1_58' title="bbox 1804 3640 3403 3711">
    <p class='ocr_par' dir='ltr' id='par_1_58' title="bbox 1804 3640 3403 3711">
     <span class='ocr_line' id='line_1_58' title="bbox 1804 3640 3403 3711; baseline -0.001 -14"><span class='ocrx_word' id='word_1_610' title='bbox 1804 3655 1980 3697; x_wconf 69' lang='lat' dir='ltr'><strong>versae</strong></span> <span class='ocrx_word' id='word_1_611' title='bbox 2006 3651 2297 3708; x_wconf 68' lang='lat' dir='ltr'><strong>creaturae,</strong></span> <span class='ocrx_word' id='word_1_612' title='bbox 2317 3641 2407 3696; x_wconf 88' lang='lat' dir='ltr'><strong>cui</strong></span> <span class='ocrx_word' id='word_1_613' title='bbox 2428 3654 2524 3696; x_wconf 87' lang='lat' dir='ltr'><strong>sua</strong></span> <span class='ocrx_word' id='word_1_614' title='bbox 2546 3656 2671 3697; x_wconf 87' lang='lat' dir='ltr'><strong>esse</strong></span> <span class='ocrx_word' id='word_1_615' title='bbox 2694 3642 2881 3697; x_wconf 84' lang='lat' dir='ltr'><strong>mundi</strong></span> <span class='ocrx_word' id='word_1_616' title='bbox 2914 3657 3079 3711; x_wconf 80' lang='lat' dir='ltr'><strong>regna</strong></span> <span class='ocrx_word' id='word_1_617' title='bbox 3107 3640 3403 3709; x_wconf 81' lang='lat' dir='ltr'><strong>metuitur;</strong></span> 
     </span>
    </p>
   </div>
   <div class='ocr_carea' id='block_1_59' title="bbox 1801 3735 3412 3818">
    <p class='ocr_par' dir='ltr' id='par_1_59' title="bbox 1801 3735 3412 3818">
     <span class='ocr_line' id='line_1_59' title="bbox 1801 3735 3412 3818; baseline -0.001 -25"><span class='ocrx_word' id='word_1_618' title='bbox 1801 3747 1857 3793; x_wconf 89' lang='lat' dir='ltr'><strong>et</strong></span> <span class='ocrx_word' id='word_1_619' title='bbox 1882 3737 1933 3794; x_wconf 89' lang='lat' dir='ltr'><strong>ei</strong></span> <span class='ocrx_word' id='word_1_620' title='bbox 1960 3752 2020 3793; x_wconf 89' lang='lat' dir='ltr'><strong>se</strong></span> <span class='ocrx_word' id='word_1_621' title='bbox 2048 3737 2370 3818; x_wconf 68' lang='lat' dir='ltr'><strong>largiturum</strong></span> <span class='ocrx_word' id='word_1_622' title='bbox 2402 3737 2812 3811; x_wconf 78' lang='lat' dir='ltr'><strong>possessionem</strong></span> <span class='ocrx_word' id='word_1_623' title='bbox 2844 3735 2863 3778; x_wconf 71' lang='grc' dir='ltr'><em>ι</em></span> <span class='ocrx_word' id='word_1_624' title='bbox 2898 3736 3221 3794; x_wconf 84' lang='lat' dir='ltr'><strong>creabilium</strong></span> <span class='ocrx_word' id='word_1_625' title='bbox 3250 3735 3412 3808; x_wconf 83' lang='lat' dir='ltr'><strong>polli-</strong></span> 
     </span>
    </p>
   </div>
   <div class='ocr_carea' id='block_1_60' title="bbox 1802 3832 3410 3904">
    <p class='ocr_par' dir='ltr' id='par_1_60' title="bbox 1802 3832 3410 3904">
     <span class='ocr_line' id='line_1_60' title="bbox 1802 3832 3410 3904; baseline -0.002 -13"><span class='ocrx_word' id='word_1_626' title='bbox 1802 3841 1958 3891; x_wconf 88' lang='lat' dir='ltr'><strong>cetur</strong></span> <span class='ocrx_word' id='word_1_627' title='bbox 1972 3849 2070 3904; x_wconf 86' lang='lat' dir='ltr'><strong>per</strong></span> <span class='ocrx_word' id='word_1_628' title='bbox 2081 3848 2243 3904; x_wconf 81' lang='lat' dir='ltr'><strong>quem</strong></span> <span class='ocrx_word' id='word_1_629' title='bbox 2260 3840 2442 3889; x_wconf 86' lang='lat' dir='ltr'><strong>creata</strong></span> <span class='ocrx_word' id='word_1_630' title='bbox 2458 3846 2581 3888; x_wconf 74' lang='lat' dir='ltr'><strong>esse</strong></span> <span class='ocrx_word' id='word_1_631' title='bbox 2595 3834 2779 3889; x_wconf 87' lang='lat' dir='ltr'><strong>omnis</strong></span> <span class='ocrx_word' id='word_1_632' title='bbox 2793 3849 2901 3889; x_wconf 88' lang='lat' dir='ltr'><strong>non</strong></span> <span class='ocrx_word' id='word_1_633' title='bbox 2918 3834 3149 3901; x_wconf 69' lang='lat' dir='ltr'><strong>ignorat.</strong></span> <span class='ocrx_word' id='word_1_634' title='bbox 3167 3832 3243 3889; x_wconf 77' lang='lat' dir='ltr'><strong>Ab</strong></span> <span class='ocrx_word' id='word_1_635' title='bbox 3257 3832 3410 3888; x_wconf 85' lang='lat' dir='ltr'><strong>initio</strong></span> 
     </span>
    </p>
   </div>
   <div class='ocr_carea' id='block_1_61' title="bbox 1802 3925 3404 4003">
    <p class='ocr_par' dir='ltr' id='par_1_61' title="bbox 1802 3925 3404 4003">
     <span class='ocr_line' id='line_1_61' title="bbox 1802 3925 3404 4003; baseline -0.003 -17"><span class='ocrx_word' id='word_1_636' title='bbox 1802 3929 1971 3991; x_wconf 90' lang='lat' dir='ltr'><strong>enim.</strong></span> <span class='ocrx_word' id='word_1_637' title='bbox 2001 3928 2163 4003; x_wconf 77' lang='lat'><strong>353</strong></span> <span class='ocrx_word' id='word_1_638' title='bbox 2193 3929 2333 3984; x_wconf 88' lang='lat' dir='ltr'><strong>sicut</strong></span> <span class='ocrx_word' id='word_1_639' title='bbox 2362 3929 2631 3999; x_wconf 80' lang='lat' dir='ltr'><strong>scriptum</strong></span> <span class='ocrx_word' id='word_1_640' title='bbox 2659 3939 2748 3983; x_wconf 89' lang='lat' dir='ltr'><strong>est</strong></span> <span class='ocrx_word' id='word_1_641' title='bbox 2766 3970 2781 3991; x_wconf 85' lang='lat'><strong>,</strong></span> <span class='ocrx_word' id='word_1_642' title='bbox 2806 3928 3066 3983; x_wconf 82' lang='lat' dir='ltr'><strong>homicida</strong></span> <span class='ocrx_word' id='word_1_643' title='bbox 3092 3926 3194 3999; x_wconf 79' lang='lat' dir='ltr'><strong>fuit</strong></span> <span class='ocrx_word' id='word_1_644' title='bbox 3219 3925 3404 3981; x_wconf 78' lang='lat' dir='ltr'><strong>diabo-</strong></span> 
     </span>
    </p>
   </div>
   <div class='ocr_carea' id='block_1_62' title="bbox 1802 4021 3406 4093">
    <p class='ocr_par' dir='ltr' id='par_1_62' title="bbox 1802 4021 3406 4093">
     <span class='ocr_line' id='line_1_62' title="bbox 1802 4021 3406 4093; baseline -0.001 -15"><span class='ocrx_word' id='word_1_645' title='bbox 1802 4025 1905 4087; x_wconf 81' lang='lat' dir='ltr'><strong>lus,</strong></span> <span class='ocrx_word' id='word_1_646' title='bbox 1941 4034 1987 4078; x_wconf 88' lang='lat' dir='ltr'><strong>et</strong></span> <span class='ocrx_word' id='word_1_647' title='bbox 2020 4026 2071 4079; x_wconf 86' lang='lat' dir='ltr'><strong>in</strong></span> <span class='ocrx_word' id='word_1_648' title='bbox 2094 4025 2306 4079; x_wconf 78' lang='lat' dir='ltr'><strong>veritate</strong></span> <span class='ocrx_word' id='word_1_649' title='bbox 2331 4041 2436 4078; x_wconf 88' lang='lat' dir='ltr'><strong>non</strong></span> <span class='ocrx_word' id='word_1_650' title='bbox 2464 4024 2626 4089; x_wconf 80' lang='lat' dir='ltr'><strong>stetit,</strong></span> <span class='ocrx_word' id='word_1_651' title='bbox 2656 4024 2779 4093; x_wconf 85' lang='lat' dir='ltr'><strong>quia</strong></span> <span class='ocrx_word' id='word_1_652' title='bbox 2802 4024 2993 4078; x_wconf 76' lang='lat' dir='ltr'><strong>veritas</strong></span> <span class='ocrx_word' id='word_1_653' title='bbox 3023 4037 3126 4076; x_wconf 83' lang='lat' dir='ltr'><strong>non</strong></span> <span class='ocrx_word' id='word_1_654' title='bbox 3157 4030 3233 4077; x_wconf 84' lang='lat' dir='ltr'><strong>est</strong></span> <span class='ocrx_word' id='word_1_655' title='bbox 3266 4021 3323 4076; x_wconf 86' lang='lat' dir='ltr'><strong>in</strong></span> <span class='ocrx_word' id='word_1_656' title='bbox 3344 4037 3406 4077; x_wconf 84' lang='lat' dir='ltr'><strong>eo</strong></span> 
     </span>
    </p>
   </div>
   <div class='ocr_carea' id='block_1_63' title="bbox 1802 4116 3408 4198">
    <p class='ocr_par' dir='ltr' id='par_1_63' title="bbox 1802 4116 3408 4198">
     <span class='ocr_line' id='line_1_63' title="bbox 1802 4116 3408 4198; baseline -0.001 -24"><span class='ocrx_word' id='word_1_657' title='bbox 1802 4119 1986 4198; x_wconf 83' lang='lat' dir='ltr'><strong>(Joan.</strong></span> <span class='ocrx_word' id='word_1_658' title='bbox 2012 4134 2135 4185; x_wconf 80' lang='lat' dir='ltr'><strong>vui,</strong></span> <span class='ocrx_word' id='word_1_659' title='bbox 2164 4116 2281 4191; x_wconf 61' lang='grc'><strong>44).</strong></span> <span class='ocrx_word' id='word_1_660' title='bbox 2314 4118 2422 4175; x_wconf 89' lang='lat' dir='ltr'><strong>Sed</strong></span> <span class='ocrx_word' id='word_1_661' title='bbox 2449 4120 2559 4189; x_wconf 85' lang='lat' dir='ltr'><strong>jam</strong></span> <span class='ocrx_word' id='word_1_662' title='bbox 2590 4116 2655 4174; x_wconf 90' lang='lat' dir='ltr'><strong>ad</strong></span> <span class='ocrx_word' id='word_1_663' title='bbox 2700 4120 2846 4189; x_wconf 88' lang='lat' dir='ltr'><strong>ipsas</strong></span> <span class='ocrx_word' id='word_1_664' title='bbox 2875 4117 2947 4174; x_wconf 92' lang='lat' dir='ltr'><strong>de</strong></span> <span class='ocrx_word' id='word_1_665' title='bbox 2977 4116 3177 4189; x_wconf 84' lang='lat' dir='ltr'><strong>quibus</strong></span> <span class='ocrx_word' id='word_1_666' title='bbox 3204 4117 3408 4187; x_wconf 54' lang='grc' dir='ltr'><strong>(μείω-ἰ-</strong></span> 
     </span>
    </p>
   </div>
   <div class='ocr_carea' id='block_1_64' title="bbox 1800 4212 3406 4288">
    <p class='ocr_par' dir='ltr' id='par_1_64' title="bbox 1800 4212 3406 4288">
     <span class='ocr_line' id='line_1_64' title="bbox 1800 4212 3406 4288; baseline -0.002 -15"><span class='ocrx_word' id='word_1_667' title='bbox 1800 4226 1909 4285; x_wconf 87' lang='lat' dir='ltr'><strong>tur,</strong></span> <span class='ocrx_word' id='word_1_668' title='bbox 1939 4216 2155 4288; x_wconf 72' lang='lat' dir='ltr'><strong>species</strong></span> <span class='ocrx_word' id='word_1_669' title='bbox 2185 4216 2497 4282; x_wconf 81' lang='lat' dir='ltr'><strong>veniamus,</strong></span> <span class='ocrx_word' id='word_1_670' title='bbox 2531 4214 2821 4287; x_wconf 62' lang='lat' dir='ltr'><strong>&#39;l‘riticum,</strong></span> <span class='ocrx_word' id='word_1_671' title='bbox 2857 4215 3002 4269; x_wconf 79' lang='lat' dir='ltr'><strong>sicut</strong></span> <span class='ocrx_word' id='word_1_672' title='bbox 3020 4228 3185 4284; x_wconf 84' lang='lat' dir='ltr'><strong>supra</strong></span> <span class='ocrx_word' id='word_1_673' title='bbox 3220 4212 3406 4285; x_wconf 82' lang='lat' dir='ltr'><strong>tetigi-</strong></span> 
     </span>
    </p>
   </div>
   <div class='ocr_carea' id='block_1_65' title="bbox 1799 4308 3402 4380">
    <p class='ocr_par' dir='ltr' id='par_1_65' title="bbox 1799 4308 3402 4380">
     <span class='ocr_line' id='line_1_65' title="bbox 1799 4308 3402 4380; baseline -0.002 -11"><span class='ocrx_word' id='word_1_674' title='bbox 1799 4327 1965 4380; x_wconf 87' lang='lat' dir='ltr'><strong>mus,</strong></span> <span class='ocrx_word' id='word_1_675' title='bbox 1999 4312 2132 4366; x_wconf 84' lang='lat' dir='ltr'><strong>fides</strong></span> <span class='ocrx_word' id='word_1_676' title='bbox 2159 4310 2365 4367; x_wconf 84' lang='lat' dir='ltr'><strong>Christi</strong></span> <span class='ocrx_word' id='word_1_677' title='bbox 2414 4318 2534 4375; x_wconf 88' lang='lat' dir='ltr'><strong>est,</strong></span> <span class='ocrx_word' id='word_1_678' title='bbox 2581 4310 2708 4365; x_wconf 75' lang='lat' dir='ltr'><strong>vitae</strong></span> <span class='ocrx_word' id='word_1_679' title='bbox 2752 4311 3005 4363; x_wconf 75' lang='lat' dir='ltr'><strong>humatur</strong></span> <span class='ocrx_word' id='word_1_680' title='bbox 3047 4308 3402 4380; x_wconf 80' lang='lat' dir='ltr'><strong>principium.</strong></span> 
     </span>
    </p>
   </div>
   <div class='ocr_carea' id='block_1_66' title="bbox 1798 4399 3403 4472">
    <p class='ocr_par' dir='ltr' id='par_1_66' title="bbox 1798 4399 3403 4472">
     <span class='ocr_line' id='line_1_66' title="bbox 1798 4399 3403 4472; baseline -0.001 -14"><span class='ocrx_word' id='word_1_681' title='bbox 1798 4402 1905 4459; x_wconf 81' lang='lat' dir='ltr'><strong>Hic</strong></span> <span class='ocrx_word' id='word_1_682' title='bbox 1943 4406 2086 4457; x_wconf 87' lang='lat' dir='ltr'><strong>enim</strong></span> <span class='ocrx_word' id='word_1_683' title='bbox 2130 4411 2206 4458; x_wconf 84' lang='lat' dir='ltr'><strong>est</strong></span> <span class='ocrx_word' id='word_1_684' title='bbox 2249 4405 2397 4470; x_wconf 86' lang='lat' dir='ltr'><strong>panis</strong></span> <span class='ocrx_word' id='word_1_685' title='bbox 2433 4405 2577 4457; x_wconf 73' lang='lat' dir='ltr'><strong>rivus</strong></span> <span class='ocrx_word' id='word_1_686' title='bbox 2597 4445 2613 4468; x_wconf 93' lang='lat'><strong>,</strong></span> <span class='ocrx_word' id='word_1_687' title='bbox 2640 4404 2730 4472; x_wconf 86' lang='lat' dir='ltr'><strong>qui</strong></span> <span class='ocrx_word' id='word_1_688' title='bbox 2759 4402 2824 4457; x_wconf 82' lang='lat' dir='ltr'><strong>de</strong></span> <span class='ocrx_word' id='word_1_689' title='bbox 2870 4399 2999 4457; x_wconf 70' lang='lat' dir='ltr'><strong>caelo</strong></span> <span class='ocrx_word' id='word_1_690' title='bbox 3021 4402 3282 4457; x_wconf 83' lang='lat' dir='ltr'><strong>descendit</strong></span> <span class='ocrx_word' id='word_1_691' title='bbox 3308 4444 3325 4468; x_wconf 92' lang='lat'><strong>,</strong></span> <span class='ocrx_word' id='word_1_692' title='bbox 3354 4410 3403 4457; x_wconf 84' lang='lat' dir='ltr'><strong>et</strong></span> 
     </span>
    </p>
   </div>
   <div class='ocr_carea' id='block_1_67' title="bbox 1796 4492 3401 4567">
    <p class='ocr_par' dir='ltr' id='par_1_67' title="bbox 1796 4492 3401 4567">
     <span class='ocr_line' id='line_1_67' title="bbox 1796 4492 3401 4567; baseline -0.002 -14"><span class='ocrx_word' id='word_1_693' title='bbox 1796 4498 1953 4553; x_wconf 71' lang='lat' dir='ltr'><strong>vitam</strong></span> <span class='ocrx_word' id='word_1_694' title='bbox 1977 4500 2067 4552; x_wconf 83' lang='lat' dir='ltr'><strong>dat</strong></span> <span class='ocrx_word' id='word_1_695' title='bbox 2087 4496 2208 4551; x_wconf 76' lang='lat' dir='ltr'><strong>huic</strong></span> <span class='ocrx_word' id='word_1_696' title='bbox 2235 4496 2429 4551; x_wconf 84' lang='lat' dir='ltr'><strong>mundo</strong></span> <span class='ocrx_word' id='word_1_697' title='bbox 2457 4494 2641 4567; x_wconf 82' lang='lat' dir='ltr'><strong>(Joan.</strong></span> <span class='ocrx_word' id='word_1_698' title='bbox 2672 4510 2757 4561; x_wconf 63' lang='grc' dir='ltr'><strong>τι,</strong></span> <span class='ocrx_word' id='word_1_699' title='bbox 2786 4495 2904 4566; x_wconf 71' lang='lat'><strong>5&#39;5).</strong></span> <span class='ocrx_word' id='word_1_700' title='bbox 2938 4495 3002 4550; x_wconf 76' lang='lat' dir='ltr'><strong>Et</strong></span> <span class='ocrx_word' id='word_1_701' title='bbox 3036 4496 3234 4549; x_wconf 87' lang='lat' dir='ltr'><strong>iterum</strong></span> <span class='ocrx_word' id='word_1_702' title='bbox 3264 4492 3401 4550; x_wconf 85' lang='lat' dir='ltr'><strong>dicit</strong></span> 
     </span>
    </p>
   </div>
   <div class='ocr_carea' id='block_1_68' title="bbox 1798 4589 3401 4663">
    <p class='ocr_par' dir='ltr' id='par_1_68' title="bbox 1798 4589 3401 4663">
     <span class='ocr_line' id='line_1_68' title="bbox 1798 4589 3401 4663; baseline 0.001 -18"><span class='ocrx_word' id='word_1_703' title='bbox 1798 4593 1916 4663; x_wconf 67' lang='lat' dir='ltr'><strong>ipse</strong></span> <span class='ocrx_word' id='word_1_704' title='bbox 1943 4611 1955 4648; x_wconf 84' lang='lat'><strong>:</strong></span> <span class='ocrx_word' id='word_1_705' title='bbox 1989 4593 2094 4659; x_wconf 73' lang='lat' dir='ltr'><strong>Qui</strong></span> <span class='ocrx_word' id='word_1_706' title='bbox 2126 4593 2290 4647; x_wconf 81' lang='lat' dir='ltr'><strong>credit</strong></span> <span class='ocrx_word' id='word_1_707' title='bbox 2325 4592 2482 4643; x_wconf 83' lang='lat' dir='ltr'><strong>inme</strong></span> <span class='ocrx_word' id='word_1_708' title='bbox 2508 4635 2523 4658; x_wconf 82' lang='lat'><strong>,</strong></span> <span class='ocrx_word' id='word_1_709' title='bbox 2559 4589 2763 4644; x_wconf 80' lang='lat' dir='ltr'><strong>etiamsi</strong></span> <span class='ocrx_word' id='word_1_710' title='bbox 2794 4598 3031 4645; x_wconf 83' lang='lat' dir='ltr'><strong>mortuus</strong></span> <span class='ocrx_word' id='word_1_711' title='bbox 3060 4589 3239 4658; x_wconf 76' lang='lat' dir='ltr'><strong>fuerit,</strong></span> <span class='ocrx_word' id='word_1_712' title='bbox 3269 4591 3401 4646; x_wconf 71' lang='lat' dir='ltr'><strong>uiuet</strong></span> 
     </span>
    </p>
   </div>
   <div class='ocr_carea' id='block_1_69' title="bbox 132 4671 3404 4760">
    <p class='ocr_par' dir='ltr' id='par_1_69' title="bbox 132 4671 3404 4760">
     <span class='ocr_line' id='line_1_69' title="bbox 132 4671 3404 4760; baseline 0.005 -35"><span class='ocrx_word' id='word_1_713' title='bbox 132 4681 227 4726; x_wconf 76' lang='lat' dir='ltr'><strong>ruta</strong></span> <span class='ocrx_word' id='word_1_714' title='bbox 250 4671 444 4753; x_wconf 81' lang='lat' dir='ltr'><strong>debitis</strong></span> <span class='ocrx_word' id='word_1_715' title='bbox 494 4675 792 4748; x_wconf 74' lang='lat' dir='ltr'><strong>involutos)</strong></span> <span class='ocrx_word' id='word_1_716' title='bbox 836 4692 944 4733; x_wconf 87' lang='lat' dir='ltr'><strong>non</strong></span> <span class='ocrx_word' id='word_1_717' title='bbox 993 4687 1205 4735; x_wconf 83' lang='lat' dir='ltr'><strong>tantum</strong></span> <span class='ocrx_word' id='word_1_718' title='bbox 1253 4693 1445 4752; x_wconf 91' lang='lat' dir='ltr'><strong>aperto</strong></span> <span class='ocrx_word' id='word_1_719' title='bbox 1494 4684 1689 4753; x_wconf 68' lang='lat' dir='ltr'><strong>prailio</strong></span> <span class='ocrx_word' id='word_1_720' title='bbox 1716 4686 1771 4748; x_wconf 90' lang='lat' dir='ltr'><strong>D</strong></span> <span class='ocrx_word' id='word_1_721' title='bbox 1798 4687 1984 4760; x_wconf 84' lang='lat' dir='ltr'><strong>(Joan.</strong></span> <span class='ocrx_word' id='word_1_722' title='bbox 2018 4705 2069 4744; x_wconf 73' lang='lat' dir='ltr'><strong>xi</strong></span> <span class='ocrx_word' id='word_1_723' title='bbox 2094 4728 2111 4754; x_wconf 88' lang='lat'><strong>,</strong></span> <span class='ocrx_word' id='word_1_724' title='bbox 2136 4688 2257 4759; x_wconf 72' lang='lat'><strong>‘25).</strong></span> <span class='ocrx_word' id='word_1_725' title='bbox 2291 4688 2484 4743; x_wconf 84' lang='lat' dir='ltr'><strong>Oleum</strong></span> <span class='ocrx_word' id='word_1_726' title='bbox 2510 4702 2640 4741; x_wconf 81' lang='lat' dir='ltr'><strong>vero</strong></span> <span class='ocrx_word' id='word_1_727' title='bbox 2672 4687 2813 4741; x_wconf 82' lang='lat' dir='ltr'><strong>bona</strong></span> <span class='ocrx_word' id='word_1_728' title='bbox 2848 4696 2976 4742; x_wconf 86' lang='lat' dir='ltr'><strong>sunt</strong></span> <span class='ocrx_word' id='word_1_729' title='bbox 3017 4700 3182 4757; x_wconf 88' lang='lat' dir='ltr'><strong>opera</strong></span> <span class='ocrx_word' id='word_1_730' title='bbox 3211 4708 3245 4750; x_wconf 50' lang='grc' dir='ltr'><strong>,ν</strong></span> <span class='ocrx_word' id='word_1_731' title='bbox 3276 4699 3404 4756; x_wconf 68' lang='lat' dir='ltr'><strong>quas</strong></span> 
     </span>
    </p>
   </div>
   <div class='ocr_carea' id='block_1_70' title="bbox 133 4769 1690 4845">
    <p class='ocr_par' dir='ltr' id='par_1_70' title="bbox 133 4769 1690 4845">
     <span class='ocr_line' id='line_1_70' title="bbox 133 4769 1690 4845; baseline 0.01 -23"><span class='ocrx_word' id='word_1_732' title='bbox 133 4769 363 4840; x_wconf 74' lang='lat' dir='ltr'><strong>persequi,</strong></span> <span class='ocrx_word' id='word_1_733' title='bbox 395 4773 492 4829; x_wconf 85' lang='lat' dir='ltr'><strong>sed</strong></span> <span class='ocrx_word' id='word_1_734' title='bbox 518 4772 682 4828; x_wconf 89' lang='lat' dir='ltr'><strong>etiam</strong></span> <span class='ocrx_word' id='word_1_735' title='bbox 728 4774 831 4829; x_wconf 84' lang='lat' dir='ltr'><strong>sub</strong></span> <span class='ocrx_word' id='word_1_736' title='bbox 878 4784 1145 4845; x_wconf 65' lang='lat' dir='ltr'><strong>prwtextu</strong></span> <span class='ocrx_word' id='word_1_737' title='bbox 1192 4776 1403 4834; x_wconf 86' lang='lat' dir='ltr'><strong>fallacis</strong></span> <span class='ocrx_word' id='word_1_738' title='bbox 1449 4780 1690 4837; x_wconf 82' lang='lat' dir='ltr'><strong>benevo-</strong></span> 
     </span>
    </p>
   </div>
   <div class='ocr_carea' id='block_1_71' title="bbox 134 4852 1687 4944">
    <p class='ocr_par' dir='ltr' id='par_1_71' title="bbox 134 4852 1687 4944">
     <span class='ocr_line' id='line_1_71' title="bbox 134 4852 1687 4944; baseline 0.009 -27"><span class='ocrx_word' id='word_1_739' title='bbox 134 4852 298 4931; x_wconf 68' lang='lat' dir='ltr'><strong>lentia,</strong></span> <span class='ocrx_word' id='word_1_740' title='bbox 334 4866 526 4924; x_wconf 84' lang='lat' dir='ltr'><strong>blanda</strong></span> <span class='ocrx_word' id='word_1_741' title='bbox 560 4868 750 4925; x_wconf 86' lang='lat' dir='ltr'><strong>fraude</strong></span> <span class='ocrx_word' id='word_1_742' title='bbox 787 4869 1072 4941; x_wconf 88' lang='lat' dir='ltr'><strong>decipere,</strong></span> <span class='ocrx_word' id='word_1_743' title='bbox 1105 4887 1215 4944; x_wconf 86' lang='lat' dir='ltr'><strong>quo</strong></span> <span class='ocrx_word' id='word_1_744' title='bbox 1244 4874 1420 4944; x_wconf 84' lang='lat' dir='ltr'><strong>magis</strong></span> <span class='ocrx_word' id='word_1_745' title='bbox 1464 4890 1592 4931; x_wconf 85' lang='lat' dir='ltr'><strong>cum</strong></span> <span class='ocrx_word' id='word_1_746' title='bbox 1633 4877 1687 4931; x_wconf 91' lang='lat' dir='ltr'><strong>in</strong></span> 
     </span>
    </p>
   </div>
   <div class='ocr_carea' id='block_1_72' title="bbox 186 5022 1693 5104">
    <p class='ocr_par' dir='ltr' id='par_1_72' title="bbox 186 5022 1693 5104">
     <span class='ocr_line' id='line_1_72' title="bbox 186 5022 1693 5104; baseline 0.006 -24"><span class='ocrx_word' id='word_1_747' title='bbox 186 5028 208 5061; x_wconf 78' lang='grc'><strong>⁸</strong></span> <span class='ocrx_word' id='word_1_748' title='bbox 237 5022 371 5104; x_wconf 66' lang='lat' dir='ltr'><strong>Vati.</strong></span> <span class='ocrx_word' id='word_1_749' title='bbox 421 5030 541 5104; x_wconf 8' lang='lat' dir='ltr'><strong>duo?</strong></span> <span class='ocrx_word' id='word_1_750' title='bbox 560 5039 617 5085; x_wconf 87' lang='lat' dir='ltr'><strong>et</strong></span> <span class='ocrx_word' id='word_1_751' title='bbox 659 5028 797 5088; x_wconf 82' lang='lat' dir='ltr'><strong>Urb.</strong></span> <span class='ocrx_word' id='word_1_752' title='bbox 848 5031 1017 5097; x_wconf 77' lang='lat' dir='ltr'><strong>Rditi,</strong></span> <span class='ocrx_word' id='word_1_753' title='bbox 1078 5033 1321 5102; x_wconf 72' lang='lat' dir='ltr'><strong>pretioue</strong></span> <span class='ocrx_word' id='word_1_754' title='bbox 1366 5034 1494 5104; x_wconf 76' lang='lat' dir='ltr'><strong>ﬁdei</strong></span> <span class='ocrx_word' id='word_1_755' title='bbox 1547 5051 1693 5089; x_wconf 87' lang='lat' dir='ltr'><strong>erro-</strong></span> 
     </span>
    </p>
   </div>
   <div class='ocr_carea' id='block_1_73' title="bbox 130 5102 1693 5226">
    <p class='ocr_par' dir='ltr' id='par_1_73' title="bbox 130 5102 1693 5226">
     <span class='ocr_line' id='line_1_73' title="bbox 130 5102 1693 5226; baseline 0.003 -68"><span class='ocrx_word' id='word_1_756' title='bbox 130 5105 253 5222; x_wconf 41' lang='grc' dir='ltr'><strong>ἷξες</strong></span> <span class='ocrx_word' id='word_1_757' title='bbox 274 5102 367 5226; x_wconf 52' lang='lat' dir='ltr'><strong>sed.</strong></span> <span class='ocrx_word' id='word_1_758' title='bbox 392 5103 743 5185; x_wconf 64' lang='lat' dir='ltr'><strong>perniciosum</strong></span> <span class='ocrx_word' id='word_1_759' title='bbox 769 5104 894 5172; x_wconf 74' lang='lat' dir='ltr'><strong>ﬁdei</strong></span> <span class='ocrx_word' id='word_1_760' title='bbox 915 5120 1140 5182; x_wconf 75' lang='lat' dir='ltr'><strong>errorem</strong></span> <span class='ocrx_word' id='word_1_761' title='bbox 1172 5106 1336 5161; x_wconf 87' lang='lat' dir='ltr'><strong>habet</strong></span> <span class='ocrx_word' id='word_1_762' title='bbox 1356 5102 1521 5162; x_wconf 71' lang='lat' dir='ltr'><strong>etiam</strong></span> <span class='ocrx_word' id='word_1_763' title='bbox 1552 5108 1693 5163; x_wconf 86' lang='lat' dir='ltr'><strong>liber</strong></span> 
     </span>
     <span class='ocr_line' id='line_1_74' title="bbox 238 5184 428 5226; baseline 0.011 -2"><span class='ocrx_word' id='word_1_764' title='bbox 238 5184 349 5226; x_wconf 78' lang='lat' dir='ltr'><strong>snt</strong></span> <span class='ocrx_word' id='word_1_765' title='bbox 369 5191 428 5226; x_wconf 89' lang='lat' dir='ltr'><strong>u.</strong></span> 
     </span>
    </p>
   </div>
   <div class='ocr_carea' id='block_1_74' title="bbox 165 5176 1130 5229">
    <p class='ocr_par' dir='ltr' id='par_1_74' title="bbox 165 5176 1130 5229">
     <span class='ocr_line' id='line_1_75' title="bbox 165 5176 1130 5229; baseline 0.002 -5"><span class='ocrx_word' id='word_1_766' title='bbox 165 5176 428 5229; x_wconf 69' lang='lat' dir='ltr'><strong>antelatlti.</strong></span> <span class='ocrx_word' id='word_1_767' title='bbox 1124 5176 1130 5182; x_wconf 87' lang='grc'><em>’</em></span> 
     </span>
    </p>
   </div>
   <div class='ocr_carea' id='block_1_75' title="bbox 175 5185 1683 5321">
    <p class='ocr_par' dir='ltr' id='par_1_75' title="bbox 175 5185 1683 5321">
     <span class='ocr_line' id='line_1_76' title="bbox 175 5185 188 5218; baseline 0 0"><span class='ocrx_word' id='word_1_768' title='bbox 175 5185 188 5218; x_wconf 98' lang='grc' dir='ltr'><strong>Ι</strong></span> 
     </span>
     <span class='ocr_line' id='line_1_77' title="bbox 175 5185 1683 5321; baseline 0.006 -23"><span class='ocrx_word' id='word_1_769' title='bbox 175 5185 531 5321; x_wconf 48' lang='grc' dir='ltr'><strong>,ῗιῖιῖῗξδῗίυω</strong></span> <span class='ocrx_word' id='word_1_770' title='bbox 563 5246 634 5302; x_wconf 82' lang='lat' dir='ltr'><strong>ad</strong></span> <span class='ocrx_word' id='word_1_771' title='bbox 670 5247 1068 5318; x_wconf 81' lang='lat' dir='ltr'><strong>correptionem.</strong></span> <span class='ocrx_word' id='word_1_772' title='bbox 1114 5248 1377 5319; x_wconf 81' lang='lat' dir='ltr'><strong>Suspicor</strong></span> <span class='ocrx_word' id='word_1_773' title='bbox 1404 5252 1683 5321; x_wconf 80' lang='lat' dir='ltr'><strong>scriptum</strong></span> 
     </span>
    </p>
   </div>
   <div class='ocr_carea' id='block_1_76' title="bbox 134 5304 1685 5393">
    <p class='ocr_par' dir='ltr' id='par_1_76' title="bbox 134 5304 1685 5393">
     <span class='ocr_line' id='line_1_78' title="bbox 134 5304 1685 5393; baseline 0.006 -24"><span class='ocrx_word' id='word_1_774' title='bbox 134 5304 266 5392; x_wconf 54' lang='lat' dir='ltr'><strong>fuisse</strong></span> <span class='ocrx_word' id='word_1_775' title='bbox 286 5317 350 5374; x_wconf 74' lang='lat' dir='ltr'><strong>ad</strong></span> <span class='ocrx_word' id='word_1_776' title='bbox 370 5304 750 5393; x_wconf 70' lang='lat' dir='ltr'><strong>correptionem</strong></span> <span class='ocrx_word' id='word_1_777' title='bbox 775 5304 978 5393; x_wconf 72' lang='lat' dir='ltr'><strong>generis</strong></span> <span class='ocrx_word' id='word_1_778' title='bbox 1002 5304 1445 5393; x_wconf 54' lang='lat' dir='ltr'><strong>humani&#39;seeculo</strong></span> 
     </span>
    </p>
   </div>
   <div class='ocr_carea' id='block_1_77' title="bbox 132 5392 1686 5521">
    <p class='ocr_par' dir='ltr' id='par_1_77' title="bbox 132 5392 1686 5521">
     <span class='ocr_line' id='line_1_79' title="bbox 133 5392 1686 5457; baseline 0.008 -19"><span class='ocrx_word' id='word_1_779' title='bbox 133 5396 281 5441; x_wconf 69' lang='lat' dir='ltr'><strong>metu</strong></span> <span class='ocrx_word' id='word_1_780' title='bbox 315 5401 427 5457; x_wconf 59' lang='lat' dir='ltr'><strong>est;</strong></span> <span class='ocrx_word' id='word_1_781' title='bbox 456 5403 508 5447; x_wconf 84' lang='lat' dir='ltr'><strong>at</strong></span> <span class='ocrx_word' id='word_1_782' title='bbox 543 5392 828 5447; x_wconf 77' lang='lat' dir='ltr'><strong>meliorem</strong></span> <span class='ocrx_word' id='word_1_783' title='bbox 864 5392 1079 5449; x_wconf 73' lang='lat' dir='ltr'><strong>eteteris</strong></span> <span class='ocrx_word' id='word_1_784' title='bbox 1128 5394 1420 5450; x_wconf 85' lang='lat' dir='ltr'><strong>lectionem</strong></span> <span class='ocrx_word' id='word_1_785' title='bbox 1462 5398 1686 5451; x_wconf 88' lang='lat' dir='ltr'><strong>exhibet</strong></span> 
     </span>
     <span class='ocr_line' id='line_1_80' title="bbox 132 5455 1683 5521; baseline 0 0"><span class='ocrx_word' id='word_1_786' title='bbox 132 5455 225 5521; x_wconf 66' lang='grc' dir='ltr'><strong>εοάρ</strong></span> <span class='ocrx_word' id='word_1_787' title='bbox 249 5456 551 5521; x_wconf 68' lang='lat' dir='ltr'><strong>Pantauathi</strong></span> <span class='ocrx_word' id='word_1_788' title='bbox 584 5480 599 5518; x_wconf 91' lang='lat'><strong>:</strong></span> <span class='ocrx_word' id='word_1_789' title='bbox 631 5464 702 5517; x_wconf 80' lang='lat' dir='ltr'><strong>ad</strong></span> <span class='ocrx_word' id='word_1_790' title='bbox 742 5465 1115 5521; x_wconf 78' lang='lat' dir='ltr'><strong>correctionem</strong></span> <span class='ocrx_word' id='word_1_791' title='bbox 1156 5468 1358 5521; x_wconf 78' lang='lat' dir='ltr'><strong>ueneris</strong></span> <span class='ocrx_word' id='word_1_792' title='bbox 1385 5468 1599 5521; x_wconf 77' lang='lat' dir='ltr'><strong>hutttuni</strong></span> <span class='ocrx_word' id='word_1_793' title='bbox 1628 5471 1683 5521; x_wconf 86' lang='lat' dir='ltr'><strong>in</strong></span> 
     </span>
    </p>
   </div>
   <div class='ocr_carea' id='block_1_78' title="bbox 211 5480 1683 5525">
    <p class='ocr_par' dir='ltr' id='par_1_78' title="bbox 211 5480 1683 5525">
     <span class='ocr_line' id='line_1_81' title="bbox 211 5480 1683 5525; baseline 0.006 -11"><span class='ocrx_word' id='word_1_794' title='bbox 211 5494 225 5521; x_wconf 63' lang='grc' dir='ltr'>ρ</span> <span class='ocrx_word' id='word_1_795' title='bbox 251 5480 551 5525; x_wconf 63' lang='lat' dir='ltr'><strong>rautagttm</strong></span> <span class='ocrx_word' id='word_1_796' title='bbox 584 5480 599 5518; x_wconf 72' lang='grc' dir='ltr'>ε</span> <span class='ocrx_word' id='word_1_797' title='bbox 631 5480 702 5517; x_wconf 87' lang='lat' dir='ltr'><strong>aa</strong></span> <span class='ocrx_word' id='word_1_798' title='bbox 742 5480 1115 5521; x_wconf 81' lang='lat' dir='ltr'><strong>correctionem</strong></span> <span class='ocrx_word' id='word_1_799' title='bbox 1156 5483 1358 5525; x_wconf 76' lang='lat' dir='ltr'><strong>ueneris</strong></span> <span class='ocrx_word' id='word_1_800' title='bbox 1385 5480 1599 5525; x_wconf 70' lang='grc' dir='ltr'><strong>ηιιηιακι</strong></span> <span class='ocrx_word' id='word_1_801' title='bbox 1628 5480 1683 5523; x_wconf 83' lang='lat' dir='ltr'><strong>in</strong></span> 
     </span>
    </p>
   </div>
   <div class='ocr_carea' id='block_1_79' title="bbox 133 5479 1189 5593">
    <p class='ocr_par' dir='ltr' id='par_1_79' title="bbox 133 5479 1189 5593">
     <span class='ocr_line' id='line_1_82' title="bbox 133 5479 1189 5541; baseline 0.002 -26"><span class='ocrx_word' id='word_1_802' title='bbox 133 5479 225 5521; x_wconf 62' lang='lat' dir='ltr'><strong>cui.</strong></span> <span class='ocrx_word' id='word_1_803' title='bbox 251 5479 551 5536; x_wconf 74' lang='lat' dir='ltr'><strong>rauugatm</strong></span> <span class='ocrx_word' id='word_1_804' title='bbox 584 5480 599 5518; x_wconf 91' lang='lat'><strong>:</strong></span> <span class='ocrx_word' id='word_1_805' title='bbox 631 5479 702 5517; x_wconf 88' lang='lat' dir='ltr'><strong>aa</strong></span> <span class='ocrx_word' id='word_1_806' title='bbox 742 5479 1115 5521; x_wconf 81' lang='lat' dir='ltr'><strong>correctionem</strong></span> <span class='ocrx_word' id='word_1_807' title='bbox 1156 5486 1189 5541; x_wconf 68' lang='grc' dir='ltr'><strong><em>ς</em></strong></span> 
     </span>
     <span class='ocr_line' id='line_1_83' title="bbox 133 5527 786 5593; baseline -0.005 0"><span class='ocrx_word' id='word_1_808' title='bbox 133 5527 394 5593; x_wconf 59' lang='lat' dir='ltr'><strong>mitto</strong></span> <span class='ocrx_word' id='word_1_809' title='bbox 419 5536 669 5592; x_wconf 78' lang='lat' dir='ltr'><strong>dimissus</strong></span> <span class='ocrx_word' id='word_1_810' title='bbox 689 5546 786 5591; x_wconf 69' lang='lat' dir='ltr'><strong>est.</strong></span> 
     </span>
    </p>
   </div>
   <div class='ocr_carea' id='block_1_80' title="bbox 186 5600 1691 5681">
    <p class='ocr_par' dir='ltr' id='par_1_80' title="bbox 186 5600 1691 5681">
     <span class='ocr_line' id='line_1_84' title="bbox 186 5600 1691 5681; baseline 0.001 -14"><span class='ocrx_word' id='word_1_811' title='bbox 186 5600 307 5667; x_wconf 48' lang='lat' dir='ltr'><strong>&quot;ﬁt:</strong></span> <span class='ocrx_word' id='word_1_812' title='bbox 321 5604 455 5681; x_wconf 66' lang='lat' dir='ltr'><strong>vatt.</strong></span> <span class='ocrx_word' id='word_1_813' title='bbox 491 5610 628 5667; x_wconf 83' lang='lat' dir='ltr'><strong>duo,</strong></span> <span class='ocrx_word' id='word_1_814' title='bbox 659 5620 711 5660; x_wconf 82' lang='lat' dir='ltr'><strong>et</strong></span> <span class='ocrx_word' id='word_1_815' title='bbox 741 5608 875 5664; x_wconf 87' lang='lat' dir='ltr'><strong>llrb.</strong></span> <span class='ocrx_word' id='word_1_816' title='bbox 905 5606 1046 5663; x_wconf 84' lang='lat' dir='ltr'><strong>Editi</strong></span> <span class='ocrx_word' id='word_1_817' title='bbox 1072 5612 1435 5673; x_wconf 79' lang='lat' dir='ltr'><strong>comminatus,</strong></span> <span class='ocrx_word' id='word_1_818' title='bbox 1471 5620 1520 5667; x_wconf 84' lang='lat' dir='ltr'><strong>et</strong></span> <span class='ocrx_word' id='word_1_819' title='bbox 1553 5626 1691 5681; x_wconf 84' lang='lat' dir='ltr'><strong>pau-</strong></span> 
     </span>
    </p>
   </div>
   <div class='ocr_carea' id='block_1_81' title="bbox 133 5664 1685 5752">
    <p class='ocr_par' dir='ltr' id='par_1_81' title="bbox 133 5664 1685 5752">
     <span class='ocr_line' id='line_1_85' title="bbox 133 5664 1685 5752; baseline 0.005 -21"><span class='ocrx_word' id='word_1_820' title='bbox 352 5664 719 5746; x_wconf 78' lang='lat' dir='ltr'><strong>iuternsinata,</strong></span> <span class='ocrx_word' id='word_1_821' title='bbox 766 5696 869 5751; x_wconf 87' lang='lat' dir='ltr'><strong>pro</strong></span> <span class='ocrx_word' id='word_1_822' title='bbox 896 5696 1006 5752; x_wconf 84' lang='lat' dir='ltr'><strong>quo</strong></span> <span class='ocrx_word' id='word_1_823' title='bbox 1034 5698 1100 5737; x_wconf 89' lang='lat' dir='ltr'><strong>ex</strong></span> <span class='ocrx_word' id='word_1_824' title='bbox 1137 5681 1280 5737; x_wconf 74' lang='lat' dir='ltr'><strong>Vatt.</strong></span> <span class='ocrx_word' id='word_1_825' title='bbox 1339 5664 1685 5752; x_wconf 64' lang='lat' dir='ltr'><strong>reposuimus</strong></span> 
     </span>
    </p>
   </div>
   <div class='ocr_carea' id='block_1_82' title="bbox 133 5750 1685 5826">
    <p class='ocr_par' dir='ltr' id='par_1_82' title="bbox 133 5750 1685 5826">
     <span class='ocr_line' id='line_1_86' title="bbox 133 5750 1685 5826; baseline 0.006 -21"><span class='ocrx_word' id='word_1_826' title='bbox 133 5750 463 5826; x_wconf 50' lang='lat' dir='ltr'><strong>ﬁmi</strong></span> <span class='ocrx_word' id='word_1_827' title='bbox 492 5750 781 5826; x_wconf 77' lang='lat' dir='ltr'><strong>utramque</strong></span> <span class='ocrx_word' id='word_1_828' title='bbox 828 5750 996 5826; x_wconf 75' lang='lat' dir='ltr'><strong>porro</strong></span> <span class='ocrx_word' id='word_1_829' title='bbox 1039 5750 1484 5812; x_wconf 79' lang='lat' dir='ltr'><strong>emendationem</strong></span> <span class='ocrx_word' id='word_1_830' title='bbox 1532 5757 1685 5814; x_wconf 83' lang='lat' dir='ltr'><strong>fulcit</strong></span> 
     </span>
    </p>
   </div>
   <div class='ocr_carea' id='block_1_83' title="bbox 133 5812 783 5899">
    <p class='ocr_par' dir='ltr' id='par_1_83' title="bbox 133 5812 783 5899">
     <span class='ocr_line' id='line_1_87' title="bbox 133 5812 783 5899; baseline -0.003 -18"><span class='ocrx_word' id='word_1_831' title='bbox 133 5812 783 5899; x_wconf 43' lang='lat' dir='ltr'><strong>eligamj’autagat&#39;bi.</strong></span> 
     </span>
    </p>
   </div>
   <div class='ocr_carea' id='block_1_84' title="bbox 187 5882 1685 5973">
    <p class='ocr_par' dir='ltr' id='par_1_84' title="bbox 187 5882 1685 5973">
     <span class='ocr_line' id='line_1_88' title="bbox 187 5882 1685 5973; baseline 0.005 -22"><span class='ocrx_word' id='word_1_832' title='bbox 187 5882 210 5926; x_wconf 80' lang='grc'><em>⁴</em></span> <span class='ocrx_word' id='word_1_833' title='bbox 238 5882 465 5957; x_wconf 63' lang='grc' dir='ltr'><strong>Μάίὼ</strong></span> <span class='ocrx_word' id='word_1_834' title='bbox 486 5882 711 5957; x_wconf 70' lang='lat' dir='ltr'><strong>additur</strong></span> <span class='ocrx_word' id='word_1_835' title='bbox 727 5882 999 5973; x_wconf 76' lang='lat' dir='ltr'><strong>particula</strong></span> <span class='ocrx_word' id='word_1_836' title='bbox 1025 5901 1449 5971; x_wconf 86' lang='lat' dir='ltr'><strong>conjunctionis,</strong></span> <span class='ocrx_word' id='word_1_837' title='bbox 1486 5902 1581 5959; x_wconf 86' lang='lat' dir='ltr'><strong>sed</strong></span> <span class='ocrx_word' id='word_1_838' title='bbox 1610 5903 1685 5959; x_wconf 75' lang='lat' dir='ltr'><strong>vi-</strong></span> 
     </span>
    </p>
   </div>
   <div class='ocr_carea' id='block_1_85' title="bbox 210 6036 365 6071">
    <p class='ocr_par' dir='ltr' id='par_1_85' title="bbox 210 6036 365 6071">
     <span class='ocr_line' id='line_1_89' title="bbox 210 6036 365 6071; baseline 0 0"><span class='ocrx_word' id='word_1_839' title='bbox 210 6036 299 6071; x_wconf 43' lang='lat' dir='ltr'><strong>vit.</strong></span> <span class='ocrx_word' id='word_1_840' title='bbox 350 6068 365 6071; x_wconf 88' lang='lat'><strong>-</strong></span> 
     </span>
    </p>
   </div>
   <div class='ocr_carea' id='block_1_86' title="bbox 184 6056 449 6125">
    <p class='ocr_par' dir='ltr' id='par_1_86' title="bbox 224 6056 449 6125">
     <span class='ocr_line' id='line_1_90' title="bbox 224 6056 449 6125; baseline 0 -32"><span class='ocrx_word' id='word_1_841' title='bbox 224 6056 391 6125; x_wconf 51' lang='lat' dir='ltr'><strong>i&#39;“~-?</strong></span> <span class='ocrx_word' id='word_1_842' title='bbox 418 6088 449 6099; x_wconf 76' lang='lat'><strong>.,</strong></span> 
     </span>
     <span class='ocr_line' id='line_1_91' title="bbox 318 6112 445 6125; baseline 0 0"><span class='ocrx_word' id='word_1_843' title='bbox 318 6112 355 6125; x_wconf 60' lang='grc' dir='ltr'><strong>η.</strong></span> <span class='ocrx_word' id='word_1_844' title='bbox 432 6116 445 6125; x_wconf 75' lang='grc' dir='ltr'><strong>ι-</strong></span> 
     </span>
    </p>
   </div>
   <div class='ocr_carea' id='block_1_87' title="bbox 318 6112 467 6125">
    <p class='ocr_par' dir='ltr' id='par_1_87' title="bbox 318 6112 467 6125">
     <span class='ocr_line' id='line_1_92' title="bbox 318 6112 467 6125; baseline 0 0"><span class='ocrx_word' id='word_1_845' title='bbox 318 6112 355 6125; x_wconf 46' lang='grc' dir='ltr'>μ.</span> <span class='ocrx_word' id='word_1_846' title='bbox 432 6116 467 6125; x_wconf 70' lang='grc' dir='ltr'><strong>ι’.</strong></span> 
     </span>
    </p>
   </div>
   <div class='ocr_carea' id='block_1_88' title="bbox 1797 4775 3403 4857">
    <p class='ocr_par' dir='ltr' id='par_1_88' title="bbox 1797 4775 3403 4857">
     <span class='ocr_line' id='line_1_93' title="bbox 1797 4775 3403 4857; baseline -0.002 -18"><span class='ocrx_word' id='word_1_847' title='bbox 1797 4798 1904 4839; x_wconf 90' lang='lat' dir='ltr'><strong>non</strong></span> <span class='ocrx_word' id='word_1_848' title='bbox 1934 4781 2201 4839; x_wconf 83' lang='lat' dir='ltr'><strong>habentes</strong></span> <span class='ocrx_word' id='word_1_849' title='bbox 2234 4780 2340 4836; x_wconf 66' lang='lat' dir='ltr'><strong>ille</strong></span> <span class='ocrx_word' id='word_1_850' title='bbox 2373 4781 2615 4851; x_wconf 76' lang='lat' dir='ltr'><strong>virgines</strong></span> <span class='ocrx_word' id='word_1_851' title='bbox 2644 4780 2809 4844; x_wconf 70' lang='lat' dir='ltr'><strong>fatum</strong></span> <span class='ocrx_word' id='word_1_852' title='bbox 2839 4778 3059 4855; x_wconf 73' lang='lat' dir='ltr'><strong>(Matth.</strong></span> <span class='ocrx_word' id='word_1_853' title='bbox 3095 4775 3232 4851; x_wconf 79' lang='lat' dir='ltr'><strong>xxv)</strong></span> <span class='ocrx_word' id='word_1_854' title='bbox 3262 4821 3277 4845; x_wconf 90' lang='lat'><strong>,</strong></span> <span class='ocrx_word' id='word_1_855' title='bbox 3302 4794 3403 4857; x_wconf 38' lang='lat' dir='ltr'><strong>ex:</strong></span> 
     </span>
    </p>
   </div>
   <div class='ocr_carea' id='block_1_89' title="bbox 1791 4872 3408 4946">
    <p class='ocr_par' dir='ltr' id='par_1_89' title="bbox 1791 4872 3408 4946">
     <span class='ocr_line' id='line_1_94' title="bbox 1791 4872 3408 4946; baseline -0.001 -13"><span class='ocrx_word' id='word_1_856' title='bbox 1791 4876 2011 4933; x_wconf 75' lang='lat' dir='ltr'><strong>stiucﬁs</strong></span> <span class='ocrx_word' id='word_1_857' title='bbox 2041 4876 2349 4931; x_wconf 85' lang='lat' dir='ltr'><strong>animarum</strong></span> <span class='ocrx_word' id='word_1_858' title='bbox 2384 4890 2604 4931; x_wconf 84' lang='lat' dir='ltr'><strong>suarum</strong></span> <span class='ocrx_word' id='word_1_859' title='bbox 2637 4874 2985 4946; x_wconf 85' lang='lat' dir='ltr'><strong>lampadibus</strong></span> <span class='ocrx_word' id='word_1_860' title='bbox 3016 4916 3031 4941; x_wconf 92' lang='lat'><strong>,</strong></span> <span class='ocrx_word' id='word_1_861' title='bbox 3076 4873 3131 4930; x_wconf 86' lang='lat' dir='ltr'><strong>in</strong></span> <span class='ocrx_word' id='word_1_862' title='bbox 3161 4872 3408 4932; x_wconf 78' lang='lat' dir='ltr'><strong>trncbris</strong></span> 
     </span>
    </p>
   </div>
   <div class='ocr_carea' id='block_1_90' title="bbox 1798 5030 3404 5106">
    <p class='ocr_par' dir='ltr' id='par_1_90' title="bbox 1798 5030 3404 5106">
     <span class='ocr_line' id='line_1_95' title="bbox 1798 5030 3404 5106; baseline 0.001 -14"><span class='ocrx_word' id='word_1_863' title='bbox 1798 5034 2036 5092; x_wconf 85' lang='lat' dir='ltr'><strong>debatttr</strong></span> <span class='ocrx_word' id='word_1_864' title='bbox 2064 5038 2270 5100; x_wconf 82' lang='lat' dir='ltr'><strong>otiosa;</strong></span> <span class='ocrx_word' id='word_1_865' title='bbox 2305 5030 2665 5105; x_wconf 83' lang='lat' dir='ltr'><strong>legunt&#39;enim</strong></span> <span class='ocrx_word' id='word_1_866' title='bbox 2698 5037 2837 5104; x_wconf 82' lang='lat' dir='ltr'><strong>quod</strong></span> <span class='ocrx_word' id='word_1_867' title='bbox 2880 5034 3131 5090; x_wconf 82' lang='lat' dir='ltr'><strong>Dominus</strong></span> <span class='ocrx_word' id='word_1_868' title='bbox 3157 5039 3207 5091; x_wconf 86' lang='lat' dir='ltr'><strong>ei</strong></span> <span class='ocrx_word' id='word_1_869' title='bbox 3226 5045 3276 5090; x_wconf 83' lang='lat' dir='ltr'><strong>et</strong></span> <span class='ocrx_word' id='word_1_870' title='bbox 3305 5053 3404 5106; x_wconf 80' lang='lat' dir='ltr'><strong>po-</strong></span> 
     </span>
    </p>
   </div>
   <div class='ocr_carea' id='block_1_91' title="bbox 1804 5106 3405 5181">
    <p class='ocr_par' dir='ltr' id='par_1_91' title="bbox 1804 5106 3405 5181">
     <span class='ocr_line' id='line_1_96' title="bbox 1804 5106 3405 5181; baseline 0.003 -19"><span class='ocrx_word' id='word_1_871' title='bbox 1804 5117 2057 5181; x_wconf 73' lang='lat' dir='ltr'><strong>testatem.</strong></span> <span class='ocrx_word' id='word_1_872' title='bbox 2095 5107 2237 5163; x_wconf 84' lang='lat' dir='ltr'><strong>Vatt.</strong></span> <span class='ocrx_word' id='word_1_873' title='bbox 2270 5106 2400 5181; x_wconf 59' lang='lat' dir='ltr'><strong>duo,</strong></span> <span class='ocrx_word' id='word_1_874' title='bbox 2434 5107 2575 5179; x_wconf 83' lang='lat' dir='ltr'><strong>quod</strong></span> <span class='ocrx_word' id='word_1_875' title='bbox 2603 5106 2745 5162; x_wconf 82' lang='lat' dir='ltr'><strong>Deus</strong></span> <span class='ocrx_word' id='word_1_876' title='bbox 2794 5124 2841 5161; x_wconf 83' lang='lat' dir='ltr'><strong>et</strong></span> <span class='ocrx_word' id='word_1_877' title='bbox 2882 5118 3206 5181; x_wconf 80' lang='lat' dir='ltr'><strong>potestatem.</strong></span> <span class='ocrx_word' id='word_1_878' title='bbox 3239 5108 3405 5167; x_wconf 86' lang='lat' dir='ltr'><strong>Liber</strong></span> 
     </span>
    </p>
   </div>
   <div class='ocr_carea' id='block_1_92' title="bbox 1800 5177 3037 5249">
    <p class='ocr_par' dir='ltr' id='par_1_92' title="bbox 1800 5177 3037 5249">
     <span class='ocr_line' id='line_1_97' title="bbox 1800 5177 3037 5249; baseline 0 -14"><span class='ocrx_word' id='word_1_879' title='bbox 1800 5180 2145 5245; x_wconf 73' lang='lat' dir='ltr'><strong>Pantauathi,</strong></span> <span class='ocrx_word' id='word_1_880' title='bbox 2177 5181 2314 5247; x_wconf 80' lang='lat' dir='ltr'><strong>quod</strong></span> <span class='ocrx_word' id='word_1_881' title='bbox 2348 5177 2605 5235; x_wconf 79' lang='lat' dir='ltr'><strong>Dominus</strong></span> <span class='ocrx_word' id='word_1_882' title='bbox 2632 5180 2682 5233; x_wconf 85' lang='lat' dir='ltr'><strong>ei</strong></span> <span class='ocrx_word' id='word_1_883' title='bbox 2713 5177 3037 5249; x_wconf 78' lang='lat' dir='ltr'><strong>potestatem.</strong></span> 
     </span>
    </p>
   </div>
   <div class='ocr_carea' id='block_1_93' title="bbox 1870 5252 3396 5325">
    <p class='ocr_par' dir='ltr' id='par_1_93' title="bbox 1870 5252 3396 5325">
     <span class='ocr_line' id='line_1_98' title="bbox 1870 5252 3396 5325; baseline 0.001 -18"><span class='ocrx_word' id='word_1_884' title='bbox 1870 5264 1892 5289; x_wconf 69' lang='grc' dir='ltr'><strong><em>ο</em></strong></span> <span class='ocrx_word' id='word_1_885' title='bbox 1937 5253 2065 5309; x_wconf 78' lang='lat' dir='ltr'><strong>Mss.</strong></span> <span class='ocrx_word' id='word_1_886' title='bbox 2098 5254 2211 5316; x_wconf 81' lang='lat' dir='ltr'><strong>sic;</strong></span> <span class='ocrx_word' id='word_1_887' title='bbox 2237 5254 2370 5307; x_wconf 80' lang='lat' dir='ltr'><strong>editi</strong></span> <span class='ocrx_word' id='word_1_888' title='bbox 2414 5268 2561 5325; x_wconf 77' lang='lat' dir='ltr'><strong>vero</strong></span> <span class='ocrx_word' id='word_1_889' title='bbox 2594 5252 2855 5308; x_wconf 75' lang='lat' dir='ltr'><strong>mendose</strong></span> <span class='ocrx_word' id='word_1_890' title='bbox 2901 5269 3033 5325; x_wconf 82' lang='lat' dir='ltr'><strong>quos</strong></span> <span class='ocrx_word' id='word_1_891' title='bbox 3079 5254 3178 5308; x_wconf 83' lang='lat' dir='ltr'><strong>hac</strong></span> <span class='ocrx_word' id='word_1_892' title='bbox 3226 5262 3396 5315; x_wconf 72' lang='lat' dir='ltr'><strong>parte.</strong></span> 
     </span>
    </p>
   </div>
   <div class='ocr_carea' id='block_1_94' title="bbox 1795 5322 3400 5398">
    <p class='ocr_par' dir='ltr' id='par_1_94' title="bbox 1795 5322 3400 5398">
     <span class='ocr_line' id='line_1_99' title="bbox 1795 5322 3400 5398; baseline 0.001 -17"><span class='ocrx_word' id='word_1_893' title='bbox 1795 5324 1962 5382; x_wconf 87' lang='lat' dir='ltr'><strong>Liber</strong></span> <span class='ocrx_word' id='word_1_894' title='bbox 1995 5325 2339 5396; x_wconf 77' lang='lat' dir='ltr'><strong>Pantagatbi,</strong></span> <span class='ocrx_word' id='word_1_895' title='bbox 2371 5342 2503 5397; x_wconf 87' lang='lat' dir='ltr'><strong>quos</strong></span> <span class='ocrx_word' id='word_1_896' title='bbox 2541 5322 2642 5379; x_wconf 82' lang='lat' dir='ltr'><strong>hac</strong></span> <span class='ocrx_word' id='word_1_897' title='bbox 2669 5334 2783 5377; x_wconf 88' lang='lat' dir='ltr'><strong>arte</strong></span> <span class='ocrx_word' id='word_1_898' title='bbox 2815 5322 3055 5379; x_wconf 76' lang='lat' dir='ltr'><strong>subtilius</strong></span> <span class='ocrx_word' id='word_1_899' title='bbox 3102 5328 3285 5398; x_wconf 79' lang='lat' dir='ltr'><strong>fallere</strong></span> <span class='ocrx_word' id='word_1_900' title='bbox 3309 5341 3400 5382; x_wconf 79' lang='lat' dir='ltr'><strong>eo-</strong></span> 
     </span>
    </p>
   </div>
   <div class='ocr_carea' id='block_1_95' title="bbox 1792 5408 1968 5452">
    <p class='ocr_par' dir='ltr' id='par_1_95' title="bbox 1792 5408 1968 5452">
     <span class='ocr_line' id='line_1_100' title="bbox 1792 5408 1968 5452; baseline -0.006 0"><span class='ocrx_word' id='word_1_901' title='bbox 1792 5408 1968 5452; x_wconf 78' lang='lat' dir='ltr'><strong>natur.</strong></span> 
     </span>
    </p>
   </div>
   <div class='ocr_carea' id='block_1_96' title="bbox 1869 5467 3395 5540">
    <p class='ocr_par' dir='ltr' id='par_1_96' title="bbox 1869 5467 3395 5540">
     <span class='ocr_line' id='line_1_101' title="bbox 1869 5467 3395 5540; baseline 0.001 -15"><span class='ocrx_word' id='word_1_902' title='bbox 1869 5470 1890 5507; x_wconf 65' lang='grc' dir='ltr'><strong>ί</strong></span> <span class='ocrx_word' id='word_1_903' title='bbox 1933 5471 1988 5525; x_wconf 84' lang='lat' dir='ltr'><strong>in</strong></span> <span class='ocrx_word' id='word_1_904' title='bbox 2021 5471 2159 5526; x_wconf 89' lang='lat' dir='ltr'><strong>libro</strong></span> <span class='ocrx_word' id='word_1_905' title='bbox 2197 5468 2541 5540; x_wconf 75' lang='lat' dir='ltr'><strong>Pantagathi,</strong></span> <span class='ocrx_word' id='word_1_906' title='bbox 2580 5467 2855 5537; x_wconf 84' lang='lat' dir='ltr'><strong>crealium,</strong></span> <span class='ocrx_word' id='word_1_907' title='bbox 2918 5470 3061 5539; x_wconf 87' lang='lat' dir='ltr'><strong>quod</strong></span> <span class='ocrx_word' id='word_1_908' title='bbox 3117 5470 3395 5527; x_wconf 80' lang='lat' dir='ltr'><strong>editorum</strong></span> 
     </span>
    </p>
   </div>
   <div class='ocr_carea' id='block_1_97' title="bbox 1794 5540 3394 5612">
    <p class='ocr_par' dir='ltr' id='par_1_97' title="bbox 1794 5540 3394 5612">
     <span class='ocr_line' id='line_1_102' title="bbox 1794 5540 3394 5612; baseline 0.002 -16"><span class='ocrx_word' id='word_1_909' title='bbox 1794 5541 2013 5598; x_wconf 80' lang='lat' dir='ltr'><strong>lectioni</strong></span> <span class='ocrx_word' id='word_1_910' title='bbox 2045 5544 2281 5609; x_wconf 81' lang='lat' dir='ltr'><strong>accedit,</strong></span> <span class='ocrx_word' id='word_1_911' title='bbox 2316 5543 2571 5611; x_wconf 80' lang='lat' dir='ltr'><strong>idemque</strong></span> <span class='ocrx_word' id='word_1_912' title='bbox 2600 5540 2860 5596; x_wconf 82' lang='lat' dir='ltr'><strong>exhibent</strong></span> <span class='ocrx_word' id='word_1_913' title='bbox 2893 5546 3056 5596; x_wconf 80' lang='lat' dir='ltr'><strong>etiam</strong></span> <span class='ocrx_word' id='word_1_914' title='bbox 3080 5542 3224 5599; x_wconf 71' lang='lat' dir='ltr'><strong>Vatt.</strong></span> <span class='ocrx_word' id='word_1_915' title='bbox 3254 5546 3394 5612; x_wconf 89' lang='lat' dir='ltr'><strong>duo;</strong></span> 
     </span>
    </p>
   </div>
   <div class='ocr_carea' id='block_1_98' title="bbox 1790 5614 3395 5687">
    <p class='ocr_par' dir='ltr' id='par_1_98' title="bbox 1790 5614 3395 5687">
     <span class='ocr_line' id='line_1_103' title="bbox 1790 5614 3395 5687; baseline 0.002 -18"><span class='ocrx_word' id='word_1_916' title='bbox 1790 5616 1885 5671; x_wconf 88' lang='lat' dir='ltr'><strong>sed</strong></span> <span class='ocrx_word' id='word_1_917' title='bbox 1912 5618 1961 5670; x_wconf 86' lang='lat' dir='ltr'><strong>in</strong></span> <span class='ocrx_word' id='word_1_918' title='bbox 1994 5631 2099 5670; x_wconf 72' lang='grc' dir='ltr'><strong>ηις.</strong></span> <span class='ocrx_word' id='word_1_919' title='bbox 2128 5615 2446 5687; x_wconf 75' lang='lat' dir='ltr'><strong>Pantagatlii</strong></span> <span class='ocrx_word' id='word_1_920' title='bbox 2472 5614 2537 5667; x_wconf 85' lang='lat' dir='ltr'><strong>ad</strong></span> <span class='ocrx_word' id='word_1_921' title='bbox 2567 5629 2718 5667; x_wconf 90' lang='lat' dir='ltr'><strong>oram</strong></span> <span class='ocrx_word' id='word_1_922' title='bbox 2744 5617 2954 5685; x_wconf 67' lang='lat' dir='ltr'><strong>pagina:</strong></span> <span class='ocrx_word' id='word_1_923' title='bbox 2987 5618 3285 5684; x_wconf 82' lang='lat' dir='ltr'><strong>repositum</strong></span> <span class='ocrx_word' id='word_1_924' title='bbox 3309 5627 3395 5673; x_wconf 83' lang='lat' dir='ltr'><strong>est</strong></span> 
     </span>
    </p>
   </div>
   <div class='ocr_carea' id='block_1_99' title="bbox 1789 5687 3393 5759">
    <p class='ocr_par' dir='ltr' id='par_1_99' title="bbox 1789 5687 3393 5759">
     <span class='ocr_line' id='line_1_104' title="bbox 1789 5687 3393 5759; baseline 0.002 -19"><span class='ocrx_word' id='word_1_925' title='bbox 1789 5697 2174 5759; x_wconf 63' lang='lat' dir='ltr'><strong>creaturarum,</strong></span> <span class='ocrx_word' id='word_1_926' title='bbox 2204 5689 2346 5758; x_wconf 77' lang='lat' dir='ltr'><strong>quOd</strong></span> <span class='ocrx_word' id='word_1_927' title='bbox 2382 5688 2559 5759; x_wconf 81' lang='lat' dir='ltr'><strong>minus</strong></span> <span class='ocrx_word' id='word_1_928' title='bbox 2597 5687 2888 5752; x_wconf 67' lang='lat' dir='ltr'><strong>displicet,</strong></span> <span class='ocrx_word' id='word_1_929' title='bbox 2946 5704 3069 5742; x_wconf 85' lang='lat' dir='ltr'><strong>nam</strong></span> <span class='ocrx_word' id='word_1_930' title='bbox 3119 5704 3238 5759; x_wconf 68' lang='lat' dir='ltr'><strong>qua?</strong></span> <span class='ocrx_word' id='word_1_931' title='bbox 3272 5690 3393 5744; x_wconf 80' lang='lat' dir='ltr'><strong>dia-</strong></span> 
     </span>
    </p>
   </div>
   <div class='ocr_carea' id='block_1_100' title="bbox 1788 5758 3393 5829">
    <p class='ocr_par' dir='ltr' id='par_1_100' title="bbox 1788 5758 3393 5829">
     <span class='ocr_line' id='line_1_105' title="bbox 1788 5758 3393 5829; baseline 0.004 -19"><span class='ocrx_word' id='word_1_932' title='bbox 1788 5758 1949 5815; x_wconf 82' lang='lat' dir='ltr'><strong>bolus</strong></span> <span class='ocrx_word' id='word_1_933' title='bbox 1996 5760 2219 5817; x_wconf 74' lang='lat' dir='ltr'><strong>Christo</strong></span> <span class='ocrx_word' id='word_1_934' title='bbox 2254 5758 2625 5827; x_wconf 84' lang='lat' dir='ltr'><strong>promittebat.</strong></span> <span class='ocrx_word' id='word_1_935' title='bbox 2684 5773 2793 5814; x_wconf 86' lang='lat' dir='ltr'><strong>non</strong></span> <span class='ocrx_word' id='word_1_936' title='bbox 2850 5763 3098 5829; x_wconf 84' lang='lat' dir='ltr'><strong>proiecto</strong></span> <span class='ocrx_word' id='word_1_937' title='bbox 3142 5758 3393 5817; x_wconf 75' lang='lat' dir='ltr'><strong>creabilt&#39;a</strong></span> 
     </span>
    </p>
   </div>
   <div class='ocr_carea' id='block_1_101' title="bbox 1788 5832 3146 5903">
    <p class='ocr_par' dir='ltr' id='par_1_101' title="bbox 1788 5832 3146 5903">
     <span class='ocr_line' id='line_1_106' title="bbox 1788 5832 3146 5903; baseline -0.008 -14"><span class='ocrx_word' id='word_1_938' title='bbox 1788 5843 1973 5899; x_wconf 88' lang='lat' dir='ltr'><strong>erant,</strong></span> <span class='ocrx_word' id='word_1_939' title='bbox 1997 5832 2092 5889; x_wconf 84' lang='lat' dir='ltr'><strong>sed</strong></span> <span class='ocrx_word' id='word_1_940' title='bbox 2116 5833 2324 5903; x_wconf 85' lang='lat' dir='ltr'><strong>jamdiu</strong></span> <span class='ocrx_word' id='word_1_941' title='bbox 2350 5844 2553 5889; x_wconf 81' lang='lat' dir='ltr'><strong>creata.</strong></span> <span class='ocrx_word' id='word_1_942' title='bbox 3141 5858 3146 5865; x_wconf 63' lang='grc' dir='ltr'><em>ι</em></span> 
     </span>
    </p>
   </div>
  </div>
