3850 6264
397 319 571 392 10Βῖ

1111 327 1507 394 assumus
1544 328 2011 413 CBBlS'HANUS
2052 330 2142 391 ur
2181 330 2536 397 EVAGRIUS
2578 321 2981 399 unusunus.

3565 335 3711 399 ποι

390 446 478 505 rit‘
507 444 748 520 Dialogis
767 444 886 508 suis
911 463 926 502 :
963 455 1020 508 et
1046 447 1377 522 proﬁteatur
1405 447 1537 509 licet
1553 462 1618 507 se
1650 464 1717 508 ex
1749 448 2003 521 superio-
2029 452 2078 514 Α
2107 460 2357 510 sanctum
2385 452 2780 528 Hieronymum
2813 452 3530 531 (g),l.ucam'l‘udensemin
3543 452 3716 512 Chro-

389 554 515 599 rum
544 538 769 600 Patrum
792 543 1170 601 monumentis
1199 557 1357 601 suam
1388 542 1646 600 hausisse
1666 541 2000 611 doctrinam,

311 693 313 696 .
390 634 556 694 unius
592 643 779 695 tamen
809 650 914 694 nec
948 650 1149 693 nomen
1177 636 1440 709 apponit,
1471 650 1575 693 nec
1605 633 1801 707 scripti
1829 649 2006 709 genus

393 730 627 793 iudicat.
664 730 909 791 Proinde
970 730 1270 789 nonnullas
1315 729 1603 812 dumtaxat
1654 729 2006 803 conjecturas

392 825 494 886 hic
523 827 649 898 tibi,
682 826 857 886 lector
874 825 1124 901 erudite;
1151 824 1417 884 exhibere
1443 823 1712 900 cogimur.

466 921 524 980 2.
562 917 1120 996 Prolessioiacchei
1152 920 1327 979 nostri
1375 934 1483 978 non
1510 917 1742 996 perinde
1769 919 2013 978 obscura.

390 1031 463 1081 ac
489 1015 612 1091 ejus
637 1027 774 1076 mtas
805 1031 822 1072 :
851 1025 977 1073 nam
1011 1029 1139 1074 cum
1175 1023 1321 1073 teste
1365 1012 1632 1073 Cassiano
1644 1012 1759 1089 (α),
1811 1028 2006 1074 mona-

387 1111 514 1172 stici
541 1112 682 1170 ritus
713 1125 824 1168 non
852 1108 965 1168 nisi
996 1109 1068 1167 ab
1093 1110 1342 1183 expertis
1366 1108 1510 1170 tradi
1541 1119 1788 1183 queant;
1817 1125 1887 1168 ex
1914 1109 2003 1188 his

385 1221 514 1282 qua
537 1206 733 1266 scribit
760 1215 882 1264 toto
908 1204 1030 1264 fere
1057 1205 1206 1264 libro
1238 1207 1407 1267 tertio
1431 1205 1718 1280 colligitur
1739 1249 1757 1276 ,
1787 1221 1917 1276 eum
1946 1207 2003 1264 in

390 1299 696 1363 monastice
723 1300 995 1364 meruisse
1027 1316 1043 1358 :
1075 1297 1225 1373 quod
1250 1311 1310 1357 et
1335 1299 1456 1373 ipse
1486 1299 1695 1362 alicubi
1721 1300 1999 1375 signiﬁca-

391 1396 494 1454 vit.
534 1395 674 1456 Hinc
728 1407 869 1453 actas
911 1393 1064 1455 illius
1107 1393 1342 1453 forsitan
1379 1393 1606 1453 deliniri
1635 1395 1834 1469 possit.
1863 1394 2000 1454 Cum

392 1490 597 1552 etenim
633 1497 797 1550 sexto
837 1478 1061 1548 circiter
1107 1489 1312 1548 saecttlo
1348 1488 1596 1562 regulam
1631 1489 1807 1547 sancti
1831 1487 2002 1562 patris

392 1582 679 1645 Benedicti
707 1597 903 1644 omnes
942 1598 1114 1658 prope
1146 1581 1406 1641 monachi
1455 1583 1512 1640 in
1555 1581 1850 1642 occidente
1888 1582 1998 1640 sint

392 1678 727 1753 amplexati,
757 1681 808 1736 si
850 1668 1042 1752 inger
1063 1675 1368 1736 Zaccbaus
1405 1674 1476 1734 ad
1514 1676 1630 1736 haec
1655 1691 1833 1750 usque
1864 1688 2000 1734 tem-

389 1788 526 1848 pora
566 1783 852 1846 superstes
903 1771 1137 1843 luisset,
1167 1773 1362 1832 eadem
1402 1771 1528 1847 lege
1553 1787 1659 1847 qua
1687 1788 1756 1831 ea
1789 1773 1999 1832 sanctis

2108 533 2237 602 nico
2248 553 2305 603 et
2319 544 2694 604 Marcellinum
2710 549 2972 606 comitem
2996 545 3101 622 (h).
3119 547 3327 605 Favent
3348 547 3575 618 insuper
3591 560 3720 619 quas

2105 636 2177 696 de
2206 639 2476 697 institutis
2495 642 2898 714 cmnobitarum
2925 644 2981 700 in
3007 643 3238 703 urbibus
3250 641 3597 715 degentium,
3615 642 3718 699 de-

2103 748 2212 805 que
2235 749 2391 792 sacra
2417 733 2712 808 hymnodia
2743 736 2868 796 fuse
2894 735 3183 812 narrat(i).
3208 735 3423 809 Quippe
3446 744 3583 793 ante
3607 749 3726 792 ana.

2105 844 2236 886 num
2263 826 2371 887 ιοο
2399 846 2570 904 pauca
2589 831 2887 892 admodum
2918 875 2937 904 ,
2967 833 3141 891 immo
3167 831 3313 892 forte
3333 833 3486 892 nulla
3513 846 3714 892 cono-

2106 923 2193 981 bia
2237 922 2293 980 in
2333 923 2616 998 Europaeis
2646 926 2880 986 urbibus
2907 927 3256 986 visebantur.
3288 926 3448 998 Quod
3479 943 3616 986 vero
3644 926 3716 986 ad

2105 1023 2324 1073 cantum
2352 1019 2570 1087 attinet,
2595 1017 2748 1077 illum
2779 1021 2835 1077 in
2864 1021 3152 1081 ecclesiam
3173 1037 3205 1078 a
3228 1020 3396 1080 beato
3416 1020 3722 1080 Ambrosio

2103 1110 2295 1182 quinto
2346 1112 2553 1170 saeculo
2607 1123 2908 1186 appetente
2969 1115 3245 1172 invectum
3295 1129 3408 1194 non
3473 1116 3716 1174 obscure

2103 1203 2302 1263 scribit
2330 1205 2670 1280 Augustinus
2697 1209 2716 1278 (
2730 1209 2760 1282 j
2779 1206 2821 1284 ).
2851 1208 3143 1268 Posuemo
3169 1209 3350 1283 stylus
3382 1209 3716 1282 piamque

2105 1306 2330 1378 turgens
2383 1317 2451 1360 ac
2498 1302 2802 1376 lacertosus
2830 1349 2847 1372 ,
2897 1305 3193 1363 sementim
3243 1305 3428 1363 surculi
3481 1303 3715 1378 hujusce

2103 1393 2464 1468 scriptoribus
2494 1392 2795 1456 familiares
2824 1413 2934 1456 non
2952 1398 3128 1457 semei
3153 1406 3467 1472 usurpata;
3496 1399 3718 1458 mathe~

2103 1491 2428 1549 maticorum
2471 1507 2538 1549 ac
2562 1491 2850 1552 hacreseon
2878 1491 3105 1566 inquas
3136 1503 3266 1552 tunc
3288 1503 3474 1564 patres
3503 1492 3751 1567 stylum

2101 1582 2480 1658 stringebant,
2515 1588 2801 1660 perspicua
2849 1584 3196 1660 coniutatio;
3240 1585 3711 1660 supplicationum

2102 1677 2300 1749 quibus
2328 1677 2530 1751 pluviae
2550 1691 2875 1738 arcerentur
2910 1696 3019 1738 non
3053 1679 3527 1752 praetermittenda
3557 1696 3716 1739 com-

2101 1773 2448 1842 memoratio,
2479 1774 2695 1848 aliaque
2725 1772 3111 1847 hujuscemodi
3135 1774 3416 1848 complura
3443 1821 3460 1846 ,
3485 1777 3724 1849 conjec.

390 1866 652 1928 Pati-ibus
687 1866 815 1926 lidei
840 1859 1099 1948 dogmata
1125 1909 1148 1936 ,
1173 1883 1242 1924 ea
1269 1867 1446 1925 sancti
1483 1866 1774 1926 Benedicti
1805 1867 1994 1940 regula
2025 1872 2078 1938 Β
2106 1874 2256 1924 iuras
2286 1877 2508 1926 nostras
2545 1870 2682 1926 satis
2719 1884 3000 1942 superque
3045 1867 3376 1928 conﬁrmare
3420 1868 3713 1930 videntur.

389 1961 765 2024 monasticunt
794 1951 1195 2020 institutioem
1237 1959 1437 2020 fuisset
1465 1968 1747 2019 mutuatus
1786 1981 1800 2018 :
1849 1959 1997 2031 quod
2103 1959 2380 2020 Hactenus
2408 1962 2592 2035 itaque
2634 1963 2984 2035 conjecturas
3015 2008 3032 2033 ,
3067 1981 3175 2022 non
3203 1975 3424 2022 nostras
3468 1973 3714 2024 tantums

322 2049 334 2060 ’
391 2066 581 2120 tamen
610 2073 736 2118 eum
763 2071 876 2116 nou
900 2053 1226 2129 prostitisse
1246 2099 1265 2127 ,
1292 2056 1432 2114 tacta
1463 2055 1759 2114 collatione
1792 2055 2001 2132 liquide
2099 2054 2289 2123 modo,
2311 2054 2410 2114 sed
2436 2063 2494 2112 et
2521 2055 2766 2114 virorum
2793 2054 3226 2115 clarissimorum
3254 2057 3666 2130 indigitavimus
3687 2099 3707 2127 ,

386 2153 792 2228 comperimus.
820 2150 932 2211 Sed
961 2166 1139 2226 neque
1163 2166 1291 2210 eum
1322 2158 1454 2210 ante
1479 2150 1672 2211 saeculi
1691 2151 1872 2225 quinti
1892 2150 2002 2209 ini-
2099 2163 2340 2220 nempe:
2371 2144 2682 2207 Sebastiani
2708 2145 2784 2208 Le
2805 2149 2944 2208 Nain
2972 2151 3036 2206 D.
3065 2149 3135 2207 de
3156 2151 3488 2222 'l‘illetnont,
3521 2149 3710 2211 Caroli

387 2249 528 2310 tium
573 2249 703 2309 huic
748 2247 908 2320 operi
952 2261 1180 2305 manum
1219 2245 1576 2316 admovisse,
1612 2261 1722 2304 non
1763 2245 2000 2306 obscura
2099 2242 2174 2301 du
2204 2242 2416 2302 Fresne
2447 2245 2513 2302 D.
2536 2244 2609 2302 du
2638 2244 2863 2320 Gange,
2902 2245 3133 2304 Joannis
3153 2246 3490 2319 Baptistale
3511 2245 3707 2306 Cotte-

385 2340 622 2403 auadent
659 2347 1006 2414 argumenta.
1051 2339 1196 2398 Ante
1237 2338 1374 2397 illud
1396 2339 1501 2398 cvi
1533 2355 1645 2396 non
1673 2339 2000 2412 prostabant
2099 2338 2226 2410 lier,
2272 2338 2388 2397 RB.
2425 2339 2530 2398 PP.
2577 2340 2807 2398 Joannis
2851 2341 3085 2400 Garnier
3117 2343 3176 2400 S.
3215 2339 3271 2400 J.
3313 2357 3378 2401 ac
3424 2341 3712 2402 Paschasii

383 2433 445 2494 in
473 2432 697 2505 Burspa
738 2432 842 2492 ubi,
877 2432 974 2491 ille
1010 2440 1132 2490 tum
1171 2429 1445 2504 temporis
1479 2433 1829 2503 versabatur,
1870 2431 2002 2491 illn-
2096 2434 2337 2503 Quesnel
2378 2433 2832 2509 Congregationis
2868 2433 3107 2494 Oratorii
3134 2435 3354 2494 Domini
3389 2433 3521 2494 Jesu
3547 2449 3716 2508 pres-

295 2522 299 2527 ’
383 2529 519 2590 stris
559 2541 973 2601 numerosaque
1011 2526 1240 2585 Patrum
1265 2525 1549 2585 volumina
1576 2525 1646 2584 ad
1669 2542 1794 2599 quae
1835 2540 1995 2584 suum
2093 2528 2375 2601 bytorum,
2402 2541 2456 2586 et
2484 2530 2657 2587 nostri
2690 2531 2994 2602 praesertim
3020 2529 3304 2588 Francisci
3339 2531 3558 2588 Detfau.

385 2622 740 2698 Apollonium
773 2621 1081 2680 missitaret
1107 2619 1259 2676 velut
1285 2619 1356 2677 ad
1379 2622 1598 2688 lontea,
1628 2637 1660 2677 e
1685 2618 1881 2694 quibus
1910 2626 2013 2678 tce
2167 2621 2224 2680 4.
2265 2620 2387 2680 Erit
2423 2609 2604 2680 forsan
2638 2631 2696 2681 et
2731 2624 3093 2699 emunctioris
3120 2621 3561 2695 naris’criticus,
3610 2624 3714 2700 qui

381 2722 498 2777 tam
532 2716 678 2775 hanc
709 2713 1048 2775 catechuim
1101 2713 1421 2771 hausisset:
1467 2728 1650 2786 neque
1695 2722 1824 2770 ante
1862 2713 2007 2771 illud.
2096 2731 2208 2774 non
2237 2717 2372 2776 nihil
2404 2721 2666 2777 momenti
2689 2718 2758 2776 ad
2791 2719 2909 2777 hac
2950 2729 3274 2793 argumenta
3300 2721 3572 2778 accedere
3602 2734 3713 2792 puo

384 2818 605 2886 tempus
624 2809 777 2868 eade
795 2808 1006 2882 quibus
1030 2807 1143 2880 agit
1171 2807 1316 2865 libro
1351 2805 1599 2868 secundo
1626 2817 1818 2866 contra
1837 2805 1999 2865 Aria-
2097 2816 2179 2866 tet
2201 2825 2273 2867 ex
2318 2809 2406 2885 his
2432 2827 2557 2884 quat
2581 2810 2772 2868 scribit
2801 2821 2998 2868 auctor
3025 2811 3151 2885 (lt),
3174 2821 3337 2868 aetate
3364 2824 3466 2870 sua
3490 2811 3718 2870 scilicet

383 2919 492 2966 uos
512 2944 533 2973 ,
566 2903 930 2964 Ebetinianos
965 2901 1223 2977 aliosque
1257 2899 1571 2975 huiusmodi
1603 2901 1993 2974 tenebrioues,

383 3006 546 3062 erant
581 2998 655 3058 ita
705 2997 921 3059 diserte
949 3011 983 3056 a
1028 2996 1288 3072 patribus
1329 2996 1542 3057 Latinis
1579 2983 1858 3071 explicata
1883 3039 1906 3069 ,
1934 3005 1998 3056 ut

376 3093 501 3155 sine
518 3092 684 3152 taedio
697 3091 952 3152 refricari
971 3107 1080 3151 non
1100 3102 1331 3166 possent
1355 3109 1370 3150 :
1394 3094 1542 3168 quod
1566 3093 1690 3166 ipse
1713 3092 1877 3151 habet
1890 3091 1994 3169 (lt).

380 3185 518 3258 Qua
545 3188 627 3246 sic
646 3187 953 3246 constituta
977 3185 1249 3245 inducunt
1273 3188 1540 3258 animum,
1575 3195 1636 3246 ut
1669 3187 1868 3261 quinto
1887 3201 1996 3246 s2-

379 3281 508 3342 culo
547 3279 758 3355 Dialogi
788 3282 1029 3339 natalem
1054 3278 1422 3341 ascribamus.

451 3373 511 3433 3.
548 3369 612 3432 ω
638 3373 836 3432 suadet
860 3375 1028 3432 etiam
1053 3375 1200 3450 quod
1227 3373 1526 3434 Zacchmus
1553 3375 1674 3448 ipse
1698 3375 2010 3435 haereticos.

381 3466 562 3527 solum
583 3465 920 3526 ﬂanicharos
936 3510 954 3538 .
982 3467 1361 3537 larcienitas,
1387 3468 1777 3541 Photinianss,
1797 3469 1993 3529 Sabel-

375 3562 580 3632 liauos,
610 3561 1054 3637 Patripassianos
1081 3607 1099 3634 ,
1131 3565 1372 3624 Arianos
1398 3579 1466 3624 ac
1492 3563 1877 3634 Novatianos,
1899 3565 1992 3640 qui

380 3675 481 3717 sua
538 3667 874 3734 tempestate
921 3660 1164 3734 amplius
1219 3660 1534 3721 fremebant
1584 3661 1991 3735 vigebantque,

383 3755 746 3829 perstringat.
777 3753 851 3814 At
887 3748 960 3814 de
1001 3748 1210 3829 Pelagii
1255 3753 1488 3829 ejusque
1513 3763 1852 3813 sectatorum
1880 3755 1995 3812 lue-

382 3849 520 3920 resi,
549 3863 674 3922 quis
694 3849 1036 3923 procedente
1059 3848 1272 3906 saeculo
1301 3849 1496 3923 quinto
1519 3850 1819 3907 maximam
1839 3849 1992 3908 orbis

377 3951 594 4016 partem
622 3941 849 4011 iniecit,
880 3957 954 4002 ue
1002 3942 1236 4003 verbum
1265 3941 1533 4018 quidem;
1573 3957 1701 4001 cum
1741 3943 1991 4016 pluribus

375 4036 435 4096 in
464 4037 624 4108 locis,
655 4036 784 4105 libri
808 4036 1157 4113 potissimum
1177 4053 1243 4106 ιι,
1266 4050 1398 4120 cap.
1424 4037 1516 4104 ll,
1545 4051 1680 4098 sese
1704 4036 1872 4099 dabat
1892 4051 1989 4094 oc-

373 4129 551 4192 casio.
571 4132 990 4193 Observandum
1013 4127 1353 4191 htc‘lnte'rlm
1381 4173 1400 4202 ,
1425 4125 1714 4190 auctorem
1736 4140 1989 4190 nostrum

375 4226 772 4288 hallucinatum
813 4228 905 4287 vel
933 4226 1352 4287 amanuensium
1401 4227 1626 4284 inscitia
1667 4225 1989 4298 subreptum

370 4319 631 4381 luisse.in
655 4319 1035 4395 descriptione
1066 4319 1406 4378 Sabelliana‘.
1435 4318 1665 4376 haeresis
1690 4359 1707 4385 ,
1733 4318 1939 4392 quippe
1969 4360 1986 4388 ,

371 4429 498 4490 qua
546 4414 860 4475 Macedonii
926 4425 1059 4484 est,
1115 4413 1352 4473 ascribit
1406 4412 1677 4472 Sabellio.
1735 4413 1984 4483 Accedit,

278 4576 281 4577 ν
366 4512 516 4587 quod
553 4512 744 4571 omnia
771 4512 1171 4587 signaq'uibus
1211 4504 1547 4575 Antichristi
1575 4507 1874 4568 adventum
1897 4511 2018 4568 iii-—

371 4616 526 4667 star'e
570 4618 871 4682 auguratur
897 4604 1010 4680 (c),
1064 4621 1193 4665 eum
1219 4604 1377 4664 his‘ce
1405 4606 1610 4664 nostris
1651 4606 1985 4677 conjecturis

2094 2898 2386 2960 dominici:
2411 2906 2604 2961 mortis
2630 2903 2831 2961 indicia
2858 2902 3033 2962 felicis
3057 2903 3298 2978 sepulcri
3317 2903 3556 2962 exuvias
3570 2917 3722 2962 cou-

2097 2985 2366 3053 t‘inuisse:
2397 2994 2593 3069 quibus
2622 2995 2837 3054 exuviis
2853 2995 3049 3065 credat
3070 2996 3368 3070 signiﬁcari
3407 2995 3709 3057 sindone.

2097 3087 2246 3146 illam
2293 3104 2401 3164 qua
2443 3105 2662 3147 sacrum
2702 3089 2909 3147 Christi
2956 3089 3527 3164 corpus'obvolutum
3573 3101 3711 3160 est;

2095 3197 2261 3256 quam
2294 3183 2520 3242 ineunte
2547 3185 2740 3255 Quinto
2786 3185 2993 3242 steculo
3035 3181 3286 3243 Eudocia
3314 3181 3715 3244 Constantino-

2023 3289 2070 3354 ρ
2105 3279 2272 3351 politn
2316 3285 2725 3352 asportaverat,
2759 3294 3036 3353 quamque
3074 3286 3218 3336 teste
3243 3278 3528 3338 Gualterio
3575 3281 3717 3355 (pe-

2101 3387 2200 3430 nes
2223 3388 2387 3445 quem
2432 3372 2595 3445 hujus
2621 3375 2701 3432 rei
2734 3371 2872 3431 fides
2901 3373 3006 3444 sit)
3045 3389 3190 3432 anno
3220 3372 3327 3432 639
3351 3371 3714 3434 Theodosius

2095 3464 2140 3522 li
2172 3465 2565 3526 Vesontionem
2589 3483 2799 3526 summa
2831 3468 3184 3526 solemnitate
3217 3469 3543 3528 transmisit.
3578 3466 3712 3526 Erit

2096 3569 2364 3633 praeterea
2393 3562 2488 3635 qui
2533 3563 2912 3635 conjecturam
2957 3564 3138 3637 capiat
3168 3562 3438 3637 temporis
3479 3579 3594 3638 quo
3619 3565 3715 3623 vi-

2097 3655 2258 3713 vebat
2296 3668 2490 3713 auctor
2536 3667 2749 3728 noster,
2799 3647 2865 3716 ex
2890 3673 2959 3716 eo
2984 3658 3130 3731 quod
3171 3657 3374 3716 alicubi
3423 3657 3443 3730 (
3473 3657 3494 3715 t
3513 3654 3563 3731 ),
3592 3674 3713 3722 non

2092 3751 2315 3825 quidem
2345 3749 2553 3809 cultum
2582 3767 2829 3823 omnem,
2870 3751 2967 3810 scd
2997 3752 3288 3823 incautum,
3326 3763 3388 3809 ut
3431 3751 3532 3820 ait,
3565 3752 3714 3812 abre

2093 3847 2276 3922 quium
2310 3848 2641 3923 imaginibus
2673 3848 3066 3921 imperatorum
3094 3863 3125 3905 a
3164 3847 3369 3922 populo
3394 3846 3710 3908 eahibitum

2094 3940 2475 4014 reprehendit.
2505 3941 2721 4017 Quippe
2749 3941 3038 4001 desinente
3078 3940 3284 4001 smeulo
3314 3951 3523 4015 quarto
3550 3942 3713 4017 vige«

2095 4035 2186 4091 bat
2212 4036 2356 4098 ritus
2386 4037 2499 4106 ille,
2527 4045 2588 4093 ut
2617 4033 2780 4108 pictae
2803 4047 2898 4094 aut
2924 4036 3069 4095 ﬂeta:
3107 4044 3467 4109 augustos-um
3496 4035 3705 4109 imagi-

2093 4146 2193 4188 nes
2238 4127 2484 4188 soremni
2537 4143 2736 4205 pompa
2796 4127 3305 4200 circumferrentur,
3351 4141 3422 4187 ae
3467 4127 3710 4203 publicis

2096 4223 2247 4298 vulgi
2271 4222 2759 4280 acclamationibus
2778 4224 3185 4297 exciperentur.
3217 4221 3418 4281 Verum
3440 4235 3553 4280 non
3576 4238 3712 4281 raro

2091 4318 2273 4374 cultus
2328 4316 2422 4375 ille
2448 4316 2504 4372 in
2552 4318 2956 4388 superstionem
2996 4315 3230 4376 cedebat
3267 4332 3340 4374 ex
3371 4317 3713 4390 impotentia

2091 4410 2264 4483 vulgi,
2290 4413 2384 4485 qui
2412 4409 2705 4471 an‘ectibus
2729 4413 2868 4480 suis,
2900 4413 3074 4471 sicubi
3100 4411 3348 4470 adulatio
3377 4419 3476 4470 aut
3495 4411 3710 4485 latitia:

2089 4505 2328 4579 publicas
2375 4505 2676 4565 ostentatio
2720 4515 2925 4575 movet,
2977 4503 3254 4578 moderari
3303 4502 3519 4579 nequit.
3585 4503 3709 4563 lloc

2089 4599 2260 4656 etiam
2295 4600 2450 4658 locus
2492 4607 2910 4674 nonnumun
2938 4597 3199 4658 faciebat.
3249 4600 3310 4658 Si
3333 4599 3560 4672 quidem
3589 4615 3706 4658 non

371 4700 645 4775 quadrent
674 4716 744 4758 ex
781 4699 1015 4758 amussi.
1049 4699 1186 4757 Illud
1210 4699 1361 4758 enim
1386 4700 1570 4772 ipsum
1601 4709 1821 4771 tempus
1848 4707 1936 4757 est
1965 4742 1982 4772 ,
2009 4705 2063 4770 1)
2090 4702 2304 4751 tantum
2339 4694 2394 4752 in
2422 4695 2696 4781 profanis,
2730 4696 2829 4752 sed
2878 4695 2934 4752 in
2965 4695 3139 4752 sacris
3166 4703 3394 4767 quoque
3436 4694 3577 4752 locis
3604 4708 3708 4751 ex-

364 4807 480 4867 quo
510 4793 753 4866 ingentia
779 4793 1149 4853 bat-horarum
1178 4791 1434 4852 examina
1465 4794 1521 4852 in
1549 4793 1795 4853 Africam
1817 4805 1987 4865 atque

370 4885 650 4962 Europam
671 4884 868 4956 elusa,
897 4885 1162 4956 Galliam,
1195 4887 1541 4958 Hispaniam,
1571 4887 1786 4946 Italiam
1816 4902 1881 4946 ac
1903 4891 1984 4962 ip-

364 4994 486 5039 sa
507 4979 728 5054 imperii
757 4994 942 5039 arcem
971 4980 1203 5038 Romam
1230 4980 1629 5048 devastaruut;
1661 4979 1791 5038 dum
1833 4981 1981 5039 inte-

365 5073 472 5132 rim
514 5073 570 5131 in
597 5075 816 5134 oriente
852 5075 1003 5147 regia
1044 5074 1565 5146 Constantinopolis
1604 5089 1670 5131 ac
1703 5075 1980 5149 plerasque

366 5168 626 5230 civitates
650 5167 961 5228 Palestina
985 5167 1274 5226 horrendo
1302 5178 1472 5227 terrm
1503 5178 1654 5226 motu
1678 5180 1975 5243 quateren-

365 5269 497 5332 tur;
535 5262 682 5320 lame
718 5259 963 5336 denique
991 5277 1057 5319 ac
1086 5272 1249 5335 peste
1274 5260 1528 5321 homines
1552 5260 1972 5320 amictarentur.

367 5353 505 5414 Vide
524 5354 603 5414 sis
619 5354 880 5415 Orosium
912 5354 1020 5431 (tt),
1050 5354 1333 5415 Zosimum
1364 5353 1461 5431 (e),
1477 5354 1846 5414 Sozomenum
1868 5355 1942 5430 (Ι)
1958 5400 1975 5426 ,

462 5569 520 5637 s)
534 5564 797 5637 ,Cassian.
832 5563 1049 5637 praefat.
1066 5562 1147 5637 ad
1174 5562 1356 5621 lnstit.

461 5635 517 5708 tt)
544 5636 748 5696 Zacch.
778 5635 1035 5695 consult.
1064 5635 1164 5693 lib.
1196 5651 1258 5708 ιιἒ
1285 5649 1410 5708 cap.
1443 5635 1497 5692 ς.

463 5707 614 5776 c)ld.
641 5707 776 5768 ibid.
808 5709 911 5767 lib.
937 5722 1055 5776 νιιι,
1087 5722 1210 5776 cap.
1227 5707 1296 5765 '8.

465 5775 524 5852 ὁ)
745 5782 846 5838 lib.
874 5795 973 5847 vss,
995 5794 1120 5852 cap.
1142 5775 1235 5849 to,
1264 5779 1387 5837 sub.
1414 5778 1537 5849 Ωιι,
1566 5787 1627 5836 et
1649 5794 1780 5852 cap.
1801 5775 1894 5836 ιε.

467 5851 523 5910 si
543 5851 751 5910 Zosim.
777 5853 878 5910 lib.
905 5867 980 5909 vt.

543 5921 761 5981 Suom.
790 5922 886 5981 ιιι).
916 5937 994 5991 ts,
1017 5938 1136 5998 cap.
1167 5921 1224 5979 Β.
1291 5993 1296 5997 μ

435 5565 464 5924 ᾗ

2090 4789 2440 4863 ponebantur
2485 4790 2757 4864 imagines
2813 4791 2948 4860 illa,
2993 4789 3139 4848 sicut
3186 4788 3446 4846 Eudocize
3492 4797 3704 4848 statuta

2085 4882 2559 4961 Constantinopoli
2594 4901 2763 4959 prope
2789 4885 3075 4944 basilicam
3103 4892 3312 4949 erecta,
3339 4899 3468 4957 quae
3492 4881 3704 4942 Joanui

2083 4980 2482 5056 Citrysostomo
2506 4983 2638 5054 justi
2668 4982 2772 5038 zeli
2823 4980 2985 5037 simul
3015 4991 3071 5038 et
3103 4979 3331 5038 invidia
3360 4994 3531 5038 causa
3562 4979 3690 5037 fuit.

2083 5072 2204 5144 Quo
2234 5075 2550 5144 respexisse
2577 5073 2802 5131 videtur
2823 5071 3145 5140 Zacchzcus,
3175 5087 3301 5130 cum
3342 5072 3492 5143 iniit,
3518 5085 3708 5129 sacer-

2082 5169 2243 5227 dmes
2269 5167 2538 5241 ejusmodi
2565 5169 3026 5227 consuetudinem
3070 5167 3391 5226 incautioris
3436 5165 3694 5238 obsequii

2085 5264 2398 5336 prohibere.
2435 5261 2505 5321 Ut
2546 5263 2691 5321 enim
2726 5274 2910 5334 patres
2950 5277 3222 5319 censuere
3267 5260 3539 5320 colendas
3564 5277 3692 5320 esse

2085 5356 2482 5432 imperatorum
2533 5356 2827 5431 imagines,
2881 5357 2954 5413 ita
3011 5371 3237 5430 semper
3269 5355 3701 5416 inmoderatum

2215 5563 2238 5638 )
2264 5563 2491 5638 ﬂieron.
2519 5563 2684 5638 epist.
2718 5563 2810 5638 l6.

2176 5583 2914 5719 incursatum,
2947 5637 3043 5693 εν.
3109 5703 3111 5707 ,

2245 5707 2463 5794 zachh;
2487 5709 2523 5765 Ῑο
2549 5724 2599 5794 9⁸
2633 5707 2843 5794 εἰδῇ-ω’
2863 5707 2918 5766 6'
3099 5779 3136 5794 ⁸·
3184 5782 3189 5789 ”

2251 5779 2803 5868 ὲῠςερορῐοεεεηιὶδ.
2831 5795 2912 5848 tx,
2937 5779 3157 5868 cap-L7.
3183 5782 3187 5804 ⁵

2267 5850 2468 5937 ζειδςιι.
2500 5854 2625 5937 |.__c.
2655 5853 2753 5910 lib.
2783 5869 2825 5916 ι.
2869 5850 3120 5937 capiti.

2156 5922 2244 5998 (ι)
2269 5923 2351 5984 Id.
2380 5924 2421 5982 Ι.
2447 5941 2501 5984 c.
2536 5925 2634 5984 lib.
2667 5941 2707 5993 ι,
2738 5939 2862 5997 cap.
2908 5922 3002 5983 28.
