3850 6264
85 305 223 372 ibi!

1486 251 2034 372 ιιιιοιεαοιιΕΝᾸ.

3297 262 3412 368 ὀἓῖ

88 420 464 494 improbarere
483 421 702 479 cultum
733 423 827 496 qui
857 420 926 479 ad
947 420 1296 494 religionem,
1321 422 1496 480 immo
1514 421 1584 479 ad
1608 435 1701 478 su-
1725 421 1777 483 Α
1806 420 1935 490 mis,
1968 421 2198 478 caeleste
2236 421 2479 479 tldelium
2521 436 2719 478 munus
2765 435 2903 491 pura
2940 423 3221 481 oblatione
3262 418 3415 484 cele-

90 513 495 589 perstitionem,
543 515 822 573 accedere
869 514 1189 573 videbatur.
1219 513 1363 585 Quin
1395 516 1565 573 etiam
1598 515 1702 571 im-

91 615 378 682 peratores
418 608 628 682 quibus
666 611 848 683 pietas
874 609 1027 666 cordi
1056 618 1196 677 erat,
1227 625 1338 665 non
1367 609 1544 667 tulere
1567 607 1704 665 etin-

92 718 212 762 μιν
249 702 538 761 libidinem
585 703 642 762 in
672 704 924 761 colendis
962 703 1213 760 iconibus
1241 702 1378 760 suis.
1431 703 1703 761 Prteelara

97 807 182 858 est
207 813 331 856 eam
376 799 432 856 in
478 815 596 856 rem
641 798 737 856 lex
765 797 1059 856 Theodosii
1108 797 1488 870 imperatoris,
1539 807 1705 868 quam

93 891 204 950 ltus
225 893 504 949 aseribam
535 891 604 948 ad
628 891 680 948 id
704 889 812 948 ioci
839 889 1219 948 illustrandum
1248 890 1268 950 ί
1281 887 1351 962 a)
1377 907 1391 944 :
1415 888 1482 947 Si
1498 886 1708 959 quando

101 996 300 1044 nostra
315 995 525 1050 «totum
554 987 636 1043 uel
670 987 920 1059 imagines
947 989 1238 1062 eriguntur,
1278 1001 1371 1040 seu
1399 982 1624 1050 diebus,
1651 992 1712 1039 ut

102 1079 329 1150 adsolet,
349 1079 520 1155 (estis,
544 1081 654 1136 sive
681 1078 1059 1144 communibus,
1089 1077 1230 1134 adsit
1250 1079 1421 1151 judea:
1447 1078 1560 1133 sine
1577 1076 1711 1132 ado-

104 1174 324 1231 ratiouis
350 1174 628 1230 ambitioso
648 1173 882 1248 fastigio,
904 1180 962 1227 ut
981 1179 1345 1226 ornamentum
1369 1169 1476 1226 diei
1494 1169 1574 1226 uel
1599 1167 1716 1224 loco

103 1279 151 1334 et
177 1276 378 1324 nostra
422 1266 774 1323 recordationi
803 1267 886 1322 sui
925 1264 1106 1340 probet
1149 1264 1433 1320 accessisse
1485 1279 1712 1335 prerem

108 1362 258 1417 tiam.
308 1360 476 1415 Ludis
519 1375 720 1431 quoque
758 1359 1046 1415 simulacra
1095 1357 1364 1429 proposita
1415 1366 1615 1412 tantum
1661 1356 1715 1410 in

109 1455 306 1511 animis
329 1439 732 1510 concurrente»:
776 1454 1061 1524 mentisque
1098 1453 1312 1508 secretis
1341 1440 1578 1507 nostrum
1619 1466 1719 1505 nu-

108 1565 226 1604 men
257 1557 309 1603 et
349 1547 532 1603 lauda
577 1548 751 1621 rigere
790 1546 1188 1601 demonstrent:
1215 1543 1473 1601 excedens
1511 1543 1720 1599 cultura

115 1642 396 1701 hominum
419 1644 726 1718 dignitatem
752 1657 980 1711 superno
1008 1639 1063 1696 Ν
1067 1641 1235 1696 nmini
1263 1647 1579 1696 reseruetur.
1608 1639 1719 1695 Eo-

112 1737 236 1794 dem
251 1737 454 1810 spiritu
477 1736 751 1798 animatus
770 1735 1069 1801 Honorius,
1097 1741 1337 1806 paternae
1360 1733 1582 1805 pietatis
1602 1731 1726 1787 imi-

1807 515 1953 572 brari
1982 525 2379 572 commemorat
2419 516 2539 590 (f).
2571 515 2829 572 Liberum
2879 516 3167 575 arbitrium
3196 527 3408 576 sartum

1807 616 1972 680 atque
2015 607 2290 681 integrum
2321 608 2525 680 passim
2573 618 2900 682 propugnat.
2957 609 3253 668 Sacrarum
3283 612 3419 669 reli-

1806 704 2057 776 quiarum
2095 705 2283 763 virtuti
2351 706 2562 762 illustre
2611 693 3019 764 testimonium
3052 706 3235 764 reddit
3286 707 3418 781 (g),

1810 798 1940 856 dum
1986 815 2049 857 ea
2107 814 2232 872 qua:
2255 812 2477 859 sanctos
2499 801 2696 858 iecisse
2740 800 2974 874 legimus
3022 802 3199 869 viros,
3247 801 3417 860 etiam

1811 903 1931 952 ante
1953 895 2323 968 defunctorum
2345 897 2540 953 cineres
2564 895 2682 953 ﬁeri
2709 897 2867 953 testis
2887 895 3136 954 oculatus
3154 895 3421 954 affirmat.

1812 987 2156 1050 Monasticen
2173 1007 2337 1072 quam
2363 992 2640 1051 Lutherus
2667 999 2729 1048 ut
2753 992 3040 1049 inventum
3067 990 3272 1050 diaboli
3292 1007 3427 1049 exa-

1813 1087 1985 1156 gitat,
2017 1095 2078 1142 ut
2120 1086 2220 1144 Dei
2262 1069 2394 1158 Opt.
2441 1087 2587 1144 Max.
2626 1100 2766 1157 opus
2806 1084 3091 1157 singulare
3134 1069 3448 1149 commensi

1816 1177 1910 1234 dat
1937 1177 2068 1252 (It).
2098 1178 2342 1251 Denique
2363 1179 2630 1251 Spiritum
2656 1188 2911 1236 sanctum
2933 1193 2962 1234 ο
2997 1177 3162 1235 Patre
3199 1194 3266 1235 ac
3285 1177 3428 1235 Filio

1817 1286 1943 1328 esse
1980 1272 2147 1330 tradit
2176 1272 2298 1348 (i),
2330 1274 2474 1347 quod
2506 1289 2593 1330 me
2617 1271 2802 1347 judice
2839 1271 2987 1329 idem
3034 1281 3149 1340 est,
3192 1282 3356 1344 atque
3395 1289 3426 1328 a

1818 1365 1982 1423 Patre
2007 1365 2254 1439 Filioque
2294 1367 2614 1440 procedere.
2635 1381 2638 1384 ’

1890 1461 1946 1515 6.
1992 1479 2013 1514 ι
2058 1460 2421 1532 Quamquam,
2454 1463 2532 1518 uti
2561 1461 2698 1517 nihil
2729 1461 2800 1518 ab
2820 1461 2967 1520 omni
2999 1471 3157 1534 parte
3179 1461 3424 1527 beatum,

1821 1569 1932 1612 non
1958 1555 2162 1611 desunt
2190 1554 2244 1610 in
2275 1554 2381 1612 hoc
2404 1560 2634 1612 auctore
2661 1554 2868 1627 aliquot
2891 1555 3056 1622 uteri,
3085 1555 3264 1627 queis,
3287 1563 3349 1610 ut
3373 1554 3425 1610 ei

1822 1649 2129 1706 auctoritas
2179 1647 2544 1722 undequaque
2593 1657 2850 1717 constet,
2903 1648 3190 1722 benignas,
3220 1661 3284 1708 ut
3331 1663 3435 1720 par

1823 1755 1934 1814 est,
1986 1743 2470 1818 interpretationes
2517 1743 2804 1802 adhibebit
2846 1743 3026 1800 lector
3045 1743 3294 1801 eruditus
3336 1743 3432 1814 qui

113 1842 282 1901 lator,
328 1831 848 1908 arguitgArcadium
895 1833 1146 1898 iratrem,
1196 1831 1340 1903 quod
1386 1846 1497 1887 non
1539 1829 1715 1886 solum

1890 1853 1951 1894 un
1981 1837 2132 1895 volet
2159 1847 2504 1894 excusatum.
2535 1835 2648 1892 Nos
2679 1837 2900 1893 interim
2931 1836 3228 1896 cautiones,
3250 1848 3425 1906 Oppo-

116 1927 597 1999 Constantinopoli
632 1927 894 1984 Eudocite
946 1937 1194 2000 augustae
1243 1925 1472 1982 colenda
1521 1925 1725 2004 populo

120 2033 302 2081 statua
328 2031 722 2097 exponeretur,
754 2022 854 2079 sed
883 2032 941 2081 et
982 2039 1081 2094 per
1109 2021 1421 2094 provincias
1448 2019 1600 2078 velut
1621 2044 1625 2046 ·
1645 2020 1725 2078 fa-

121 2113 325 2172 bulosae
351 2114 588 2188 Cybeles
631 2107 1507 2172 simulacrum'circumferretur.
1551 2114 1729 2171 Caete-

123 2222 242 2266 rum
286 2207 487 2266 frustra
518 2209 646 2281 quis
689 2208 836 2265 hunc
861 2206 1116 2266 Zaccbtei
1147 2207 1329 2264 locum
1369 2205 1730 2279 detorqueret

128 2300 182 2358 in
219 2301 634 2360 venerationem
661 2309 979 2358 sanctarum
1010 2301 1310 2374 imaginum
1344 2317 1358 2355 :
1387 2297 1730 2372 quandoqui-

131 2393 255 2452 dem
301 2395 568 2462 Ecelesia,
607 2379 734 2468 quae
775 2395 924 2468 pium
955 2409 1146 2452 earum
1193 2393 1407 2450 cultum
1438 2391 1723 2464 praadicat,

131 2491 302 2562 reiicit
326 2491 682 2548 immodicum
713 2507 780 2550 ac
798 2490 1269 2563 superstitiosum,
1302 2490 1382 2546 uti
1407 2486 1724 2561 Zacchmus,

135 2582 539 2658 imperatorum.

205 2678 257 2735 5.
301 2699 319 2732 ι
354 2681 423 2736 At
450 2676 599 2738 enim
633 2678 969 2751 coniecturis
1000 2675 1208 2735 nostris
1237 2677 1460 2734 obstare
1488 2676 1729 2745 videtur,

142 2770 286 2844 quod
325 2771 618 2830 Zaccbaaus
658 2771 792 2829 nihil
823 2770 1353 2844 deApollinaristis,
1403 2771 1733 2838 Donatistis,

143 2863 564 2924 Priscilliauistis
587 2865 970 2938 Pelagianisve
1005 2865 1236 2922 scribat.
1265 2863 1372 2922 Sed
1396 2864 1541 2922 hanc
1577 2863 1735 2937 obje-

155 2959 374 3017 etiooem
405 2961 521 3033 ipse
565 2960 879 3034 praevertit,
925 2971 1267 3018 contestatns
1296 2975 1357 3016 se
1384 2954 1497 3018 non
1543 2974 1734 3016 omnes

149 3048 444 3124 istiusmodi
487 3064 670 3125 pestes
709 3055 1022 3125 suscepisse
1063 3053 1428 3112 recensendas
1469 3051 1738 3110 :tamctsi

1831 1933 2008 1989 nimus
2052 1931 2370 2001 nonnullas,
2426 1947 2501 1999 ne,
2553 1929 2924 2002 simpliciores
2971 1928 3170 1986 alicubi
3224 1941 3434 1984 temere

1828 2025 2129 2083 oliendant.
2164 2026 2222 2084 in
2256 2025 2451 2098 primis
2495 2023 2716 2082 videtur
2762 2039 2872 2081 non
2923 2023 3063 2080 nihil
3114 2022 3429 2094 Pelagianae

1828 2117 2070 2192 fuliginis
2104 2117 2261 2192 (qua:
2286 2127 2404 2175 erat
2434 2117 2582 2174 illius
2609 2115 2796 2173 saeculi
2834 2113 3027 2188 labes)
3057 2116 3433 2182 contraxisse,

1828 2226 1940 2282 quo
1970 2209 2201 2266 forsitan
2233 2209 2488 2268 edoctum
2520 2217 2627 2276 est,
2657 2218 2715 2264 ut
2744 2224 2773 2264 a
2802 2205 3116 2278 Pelagianis
3143 2205 3430 2264 Nestoriu-

1831 2304 2031 2377 nisque
2073 2303 2166 2376 qui
2198 2304 2383 2360 ex'ltis
2422 2303 2694 2375 originem
2741 2301 2970 2367 duxere,
3001 2297 3439 2370 perstrin'gendis

1833 2395 2181 2456 abstinuerit.
2212 2395 2617 2452 incarnationis
2647 2411 2808 2450 causa
2848 2405 2943 2462 est,
2979 2391 3156 2464 inquit
3185 2391 3251 2466 (j
3272 2393 3312 2462 ),
3354 2389 3434 2446 vel

1831 2489 2075 2546 servandi
2137 2489 2349 2545 immani
2397 2490 2600 2561 generis
2647 2484 2728 2542 vel
2772 2486 3077 2560 reparandi.
3130 2484 3200 2540 Et
3248 2484 3436 2540 statim

1834 2581 1977 2640 hanc
2024 2582 2432 2652 reparationem
2463 2583 2516 2638 in
2554 2583 2685 2653 lege
2718 2591 2884 2654 atque
2929 2581 3187 2650 exemplo
3233 2576 3447 2634 constie

1836 2684 1990 2733 tuere
2019 2676 2260 2732 videtur.
2298 2677 2664 2732 Prtematuras
2696 2675 2968 2730 infantum
3005 2683 3214 2730 mortes
3242 2669 3446 2728 inele-

1836 2779 2149 2826 mentorum
2195 2769 2624 2840 inaequalitatem
2663 2777 2759 2823 aut
2790 2769 2844 2841 in
2878 2777 3164 2837 parentum
3204 2764 3444 2830 scelera,

1838 2880 1949 2922 non
1982 2864 2036 2921 in
2069 2863 2393 2937 originalem
2445 2879 2646 2920 noxam
2677 2861 2922 2920 refundit
2954 2861 3082 2934 (Ιί),
3117 2875 3226 2935 quo
3275 2859 3448 2916 Deum

1838 2959 2103 3033 iniustum
2147 2973 2256 3016 non
2287 2973 2413 3016 esse
2448 2957 2824 3021 demonstret;
2876 2955 3172 3025 subditque
3209 2969 3334 3010 cum
3367 2953 3450 3010 eis

1840 3053 2134 3125 benignius
2155 3052 2262 3124 agi,
2286 3066 2353 3108 ne
2375 3066 2443 3108 ex
2467 3048 2733 3122 improbis
2751 3047 2948 3120 geniti,
2971 3047 3182 3105 similes
3203 3044 3453 3118 quandoa

153 3142 251 3203 dici
277 3157 451 3219 posset
476 3148 680 3204 sacculo
705 3146 928 3206 ineunte
952 3148 1143 3218 quinto
1173 3147 1377 3220 Pelagii
1401 3163 1464 3202 ac
1500 3145 1753 3205 Nestorii.
1782 3165 1948 3220 k'que
1993 3147 2305 3205 efﬁciantur
2330 3146 2652 3203 auctoribus
2680 3164 2694 3201 :
2735 3143 2827 3201 ubi
2861 3154 3147 3216 peccatum
3177 3139 3450 3214 originale

156 3217 387 3313 dogmata
417 3259 524 3301 non
557 3241 745 3300 statim
789 3243 871 3301 sic
913 3217 1136 3300 exserte
1183 3217 1510 3315 proscripta,
1540 3250 1602 3298 ut
1623 3242 1738 3313 jam
1765 3217 1814 3284 (ἶ
1847 3217 1903 3302 in
1935 3261 2103 3316 pravo
2136 3255 2423 3317 parentum
2471 3242 2724 3315 exemplo
2773 3239 2891 3298 fere
2921 3239 3136 3296 statuit.
3169 3237 3450 3310 Nusquam

165 3342 267 3392 tum
291 3347 566 3394 exstarent
595 3337 827 3394 illustria
859 3335 1137 3393 volumina
1166 3351 1198 3393 e
1224 3337 1423 3408 quibus
1443 3351 1606 3412 more
1637 3351 1758 3407 suo_

163 3428 462 3488 catholicam
506 3439 728 3488 erueret
767 3427 1094 3486 doctrinam.
1137 3428 1298 3500 Quod
1329 3429 1526 3486 iterum
1553 3430 1741 3501 singu-

165 3515 316 3581 larem
339 3523 574 3582 hominis
595 3523 922 3582 modestiam
949 3523 1148 3596 arguit,
1176 3533 1232 3580 et
1249 3533 1494 3586 assertas
1507 3523 1576 3580 de
1592 3522 1742 3579 illius

168 3623 309 3676 aetate
345 3617 691 3690 conjecturas
737 3617 1050 3675 conﬁrmat.
1083 3617 1360 3675 Caeterum
1405 3615 1743 3674 fortissimus

167 3706 253 3767 ille
277 3710 549 3790 religionis
574 3712 782 3770 athleta
807 3727 918 3769 non
944 3712 1110 3769 modo
1138 3713 1384 3785 priorum
1411 3722 1740 3785 temporum,

171 3802 255 3861 sed
280 3804 433 3862 etiam
479 3807 588 3863 aevi
613 3807 793 3863 nostri
819 3804 1113 3864 haereticos
1136 3807 1491 3878 compressit,
1539 3821 1745 3878 eosque

172 3894 274 3955 suis
294 3899 562 3957 coloribus
599 3898 672 3956 a‘d
702 3898 887 3956 vivum
935 3899 1278 3970 expressisse
1319 3898 1468 3955 risus
1503 3907 1590 3955 est
1618 3897 1742 3974 (ὁ).

173 3984 248 4046 illi
269 4007 489 4066 namque
514 3993 642 4065 ipsi,
670 3991 772 4059 ait,
803 3993 897 4065 qui
927 3991 1264 4049 traditionem
1293 3994 1636 4067 apostolicam
1662 4009 1746 4048 reo

177 4077 454 4157 ﬁngunt“,
481 4087 762 4162 magistros
786 4084 1028 4160 perﬁdiis
1054 4088 1220 4141 secuti
1245 4095 1390 4154 sunt,
1411 4100 1596 4142 nomen
1623 4083 1742 4142 reli-

181 4175 325 4248 gionis
348 4187 604 4237 mutavere
630 4197 751 4236 cum
777 4195 967 4236 sensu.
988 4180 1136 4238 idem
1166 4189 1362 4238 auctor
1386 4181 1613 4238 Petrum
1637 4197 1747 4238 non

183 4270 332 4330 solum
358 4271 614 4333 Ecclesia:
651 4275 1066 4333 fundamentum
1094 4289 1219 4334 esse
1247 4276 1378 4333 dicit
1401 4274 1526 4351 (c);
1559 4292 1746 4334 verum

187 4361 324 4422 etiam
348 4367 399 4425 in
421 4368 538 4440 ejus
563 4384 855 4441 personam
898 4377 1229 4442 potestatem
1267 4371 1516 4427 omnium
1547 4384 1750 4428 convno

177 4455 292 4516 v-ltlre
313 4463 671 4535 sacerdotum,
702 4475 896 4523 contra
938 4483 1105 4540 quam
1146 4468 1392 4524 sentiunt
1428 4478 1744 4537 novatores,

198 4549 414 4614 Illrmat.
453 4559 665 4618 Rursus
709 4570 1040 4630 potestatem
1083 4561 1402 4619 absolvendi
1429 4581 1462 4620 a
1509 4564 1749 4635 peccatis

199 4649 528 4710 Sacerdotibus
554 4669 586 4710 a
615 4651 836 4711 Christo
865 4653 1085 4719 iactam,
1127 4635 1390 4712 a'dversus
1417 4656 1752 4714 Novatianos

195 4733 439 4812 “auter
473 4745 801 4818 iortiterque
841 4747 1081 4804 vindicat
1119 4748 1244 4820 (α).
1292 4747 1614 4821 Apollonius
1637 4748 1750 4819 jam

201 4825 476 4894 ﬁristiaua:
514 4823 722 4895 militia:
776 4840 1068 4910 ascriptus,
1114 4839 1380 4896 Ecclesiae
1422 4841 1750 4898 sacrificium

203 4928 250 4978 α
267 4927 444 4985 realem
467 4931 668 4988 Christi
694 4932 748 4987 in
779 4931 1122 4989 Eucharistia
1152 4933 1503 5004 praesentiam
1525 4935 1756 4991 conﬁte-

203 5018 280 5086 ilr
301 5017 412 5094 (e).
440 5023 545 5080 Pro
583 5024 852 5082 obsoletis
892 5022 1159 5098 pecudum
1186 5037 1350 5100 atque
1379 5029 1568 5086 alitum
1599 5028 1755 5086 victi-t

385 5227 821 5310 Qad._'i‘b_codos.
857 5233 942 5291 lex
967 5235 1124 5310 unica
1147 5234 1215 5292 de
1238 5234 1461 5308 imagin.
1489 5234 1761 5310 imperial.

389 5300 715 5379 _l_ae¢h._lib.
744 5321 808 5373 tt,
836 5320 960 5379 cap.
991 5308 1081 5364 ii.
1349 5300 1376 5308 ⁷
1566 5300 1585 5342 '~

384 5371 462 5452 i_d_.
493 5376 626 5452 ibid.
657 5371 904 5452 cap.'18.

393 5443 467 5520 tu.
492 5448 623 5520 ibid.
725 5517 727 5520 ⁴

384 5515 460 5590 id.
488 5517 697 5590 prefat.
725 5517 813 5578 ad
837 5521 934 5581 lib.
970 5539 1029 5581 tt.

385 5587 456 5664 l_d_.
478 5587 568 5664 lib.
591 5608 653 5660 ιι,
675 5609 803 5664 cap.
828 5595 883 5650 7.

343 5305 360 5374 i

335 5377 352 5442 l

305 5581 350 5657 il
478 5581 568 5718 liib.
591 5608 653 5660 ιι,
675 5609 803 5664 cap.
828 5595 883 5650 7.

279 5657 370 5800 ’ἢ
397 5699 471 5788 ια’.
493 5663 586 5792 till:
614 5667 933 5810 3:235:13

313 5795 580 5940 ‘l‘l‘tii‘.
601 5821 835 5940 istm:
863 5810 933 5940 ἓ]

350 5727 586 5810 λιιι-ιιι).
617 5727 700 5806 tu,
722 5727 883 5810 capp.
917 5740 973 5805 ὅ,
995 5737 1053 5804 4,
1079 5741 1132 5795 ϐ.

203 5881 226 5890 _
289 5795 455 5944 manu.
481 5803 573 5936 ῗὶιέ.
601 5795 978 5938 iapfifsei
1003 5795 1061 5868 δι

457 5913 471 5931 .
563 5920 580 5935 .
631 5896 835 5944 .eano.
866 5883 923 5944 8.
957 5883 1050 5944 15.

399 5871 471 5932 Id.
489 5876 580 5936 lib.
607 5871 657 5954 x,
671 5871 835 5954 capi).
866 5883 923 5950 ε,
957 5883 1165 5954 15,17,
1196 5884 1288 5941 2i.

615 5978 893 6042 Panos.
949 5977 1101 6042 XX.

1779 4606 1832 4667 D

1844 3354 1976 3398 vero
2005 3339 2195 3413 gratia:
2223 3338 2528 3398 Salvatoris
2557 3335 2828 3405 meminit,
2853 3349 3015 3408 quem
3040 3343 3100 3391 ut
3123 3329 3449 3390 meriturum

1846 3432 2132 3490 dumtaxat
2194 3433 2461 3490 arbitrum
2539 3429 2703 3486 habet
2779 3427 2886 3502 (Ι).
2957 3427 3202 3499 Denique
3243 3442 3248 3446 ’
3286 3433 3454 3482 totam

1844 3528 1981 3600 legis
2029 3529 2416 3584 necessitatem
2460 3524 2517 3582 in
2563 3523 2847 3580 voluntate
2894 3530 3079 3578 nostra
3128 3521 3291 3576 sitam
3323 3533 3455 3576 esse

1847 3621 2107 3696 opinatur
2138 3620 2284 3697 (ni).
2317 3620 2467 3678 Hanc
2507 3634 2672 3693 porro
2704 3617 2879 3674 labem
2915 3615 3197 3688 absterget
3219 3612 3461 3671 catholio

1847 3733 1944 3774 cus
1973 3716 2147 3774 lector
2187 3714 2379 3772 eadem
2422 3713 2674 3787 spongia,
2718 3726 2823 3783 qua
2855 3717 3080 3769 sanctus
3111 3708 3455 3781 A'ugustinus

1847 3825 1970 3868 eam
1998 3826 2028 3866 a
2060 3808 2315 3866 Patribus
2341 3807 2552 3865 Grtecis
2575 3805 2778 3863 amovit
2809 3823 2824 3860 :
2849 3804 2994 3875 quod
3025 3802 3282 3860 videlicet
3309 3817 3456 3858 non-

1823 3905 1978 3962 .dum
2011 3904 2324 3977 huiusmodi
2354 3904 2610 3976 dogmata
2635 3902 2708 3959 ab
2741 3901 2984 3960 Ecclesia
3012 3906 3233 3956 exserte
3279 3897 3457 3966 expli-

1847 4009 1969 4056 cata
1997 4007 2231 4056 essent:
2259 3997 2482 4054 tametsi
2510 3995 2648 4054 nihil
2672 4005 2758 4053 est
2784 3995 2886 4065 hac
2909 3995 3264 4051 excusatione
3287 4006 3452 4065 opus,

1850 4109 1974 4151 cum
2009 4095 2127 4165 ipse
2166 4100 2223 4148 et
2262 4102 2543 4164 peccatum
2599 4089 2961 4161 originale'et
3010 4085 3456 4170 gratite‘Cbristl

1852 4189 2270 4253 necessitatem,
2316 4193 2580 4258 quantum
2620 4184 2756 4240 satis
2805 4192 2924 4240 erat
2957 4193 3099 4238 ante
3148 4182 3456 4252 pleniorem

1852 4279 2255 4351 deﬁnitionem,
2310 4278 2624 4336 insinuarit.
2676 4276 2810 4334 Herc
2857 4276 2976 4349 fuit,
3010 4276 3187 4346 inquit
3216 4273 3340 4350 (τι),
3370 4286 3460 4331 a‘s-

1851 4372 2094 4432 sumendi
2123 4374 2381 4430 hominem
2414 4373 2685 4444 prwcipua
2709 4370 2846 4425 ratio
2867 4368 2944 4424 vel
2973 4370 3235 4434 voluntas,
3262 4377 3319 4423 ut
3341 4386 3459 4441 pec-

1853 4478 2027 4524 catum
2057 4468 2122 4522 ab
2144 4467 2352 4524 homine
2377 4472 2723 4531 contractum,
2756 4480 2848 4536 per
2876 4464 3139 4519 hominem
3168 4461 3460 4519 tolleretur.

1856 4561 1926 4619 Et
1971 4562 2099 4619 alibi
2142 4560 2282 4634 (e):
2331 4558 2556 4615 Nullum
2598 4558 2709 4613 sine
2755 4557 2962 4612 lavacro
3012 4572 3163 4627 aqum
3207 4556 3462 4629 spiritalis

1854 4676 2009 4734 posse
2037 4658 2254 4718 salvari.
2284 4655 2496 4712 Rursus
2525 4651 2624 4728 (p)
2647 4652 2931 4708 :-Generali
2970 4665 3236 4722 exemptus
3284 4653 3462 4721 ruina,

1856 4751 1914 4807 in
1941 4768 2084 4826 spem
2111 4765 2269 4824 quam
2299 4750 2548 4804 amiseras
2575 4747 2876 4818 repararis.
2924 4743 3058 4802 item
3111 4745 3302 4815 gratiae
3353 4744 3462 4803 Rea

1858 4840 2476 4914 demptoriseleganter
2505 4836 2869 4907 adstipulatur
2910 4834 3043 4910 (q).
3078 4834 3290 4893 Deinde
3331 4836 3464 4911 (r'):

1861 4935 1969 4994 Ille
2014 4947 2241 5006 tentant,
2273 4937 2372 5002 ait,
2416 4933 2683 5006 efﬁciendi
2727 4931 3072 4989 substantiam
3118 4941 3347 5003 prarstet,
3379 4935 3470 5006 qui

1861 5047 2055 5106 magna
2081 5046 2271 5102 cupere
2291 5012 2347 5086 se
2367 5029 2594 5084 donante
2622 5027 2876 5100 permisit.
2910 5025 3158 5098 Denique
3179 5025 3306 5100 (s):
3331 5025 3472 5084 Con-

1943 5235 2046 5308 (ιε)
2077 5235 2158 5308 ω.
2183 5234 2282 5308 tib.
2309 5249 2348 5303 ι,
2379 5248 2500 5305 cap.
2532 5230 2639 5308 ac:

1980 5305 2035 5379 ι)
2068 5307 2152 5379 id.
2182 5307 2282 5363 lib.
2312 5322 2352 5374 i,
2386 5321 2508 5375 cap.
2539 5305 2632 5379 διε,

1978 5376 2060 5452 ni)
2103 5378 2180 5435 id.
2209 5379 2303 5434 lib.
2331 5393 2372 5446 ι,
2403 5392 2525 5447 cap.
2563 5376 2656 5433 56.

1979 5449 2044 5520 η)
2082 5451 2164 5508 id.
2194 5449 2291 5504 lib.
2321 5465 2364 5518 ι,
2387 5464 2510 5520 cap.
2546 5447 2634 5503 id.

1979 5470 2011 5506 n
2042 5449 2048 5452 Ἴ
2082 5451 2164 5508 id.
2194 5449 2291 5504 lib.
2321 5465 2364 5518 ι,
2387 5464 2510 5520 cap.
2546 5449 2602 5503 il

1978 5540 2008 5579 o
2081 5522 2161 5578 ld.
2184 5521 2282 5578 lib.
2306 5537 2365 5586 tt,
2393 5536 2516 5591 cap.
2546 5520 2602 5576 8.

1978 5614 2008 5666 p
2081 5594 2160 5651 id.
2310 5608 2374 5661 tt,
2395 5607 2517 5662 cap.
2557 5593 2602 5648 it

1978 5449 2044 5868 εξ
2077 5665 2161 5793 l3:
2192 5664 2602 5820 ἰὲξῗῑιῗῗὲξίλῆ

1978 5827 2005 5867 t.
2075 5809 2156 5866 id.
2188 5809 2281 5864 lib.
2316 5825 2377 5868 il.
2405 5823 2526 5868 cat).
2551 5809 2602 5865 21

1941 5315 1966 5665 ἓ

1973 5591 2043 5666 p)
2081 5594 2160 5666 id.
2188 5592 2517 5666 lib._tt,cap.
2555 5591 2646 5666 i6.

1941 5664 2040 5793 Et]:
2081 5665 2161 5723 id.
2194 5664 2329 5748 ibid.
2355 5679 2515 5736 capp.
2549 5664 2657 5721 Set
2679 5665 2736 5720 8.

1975 5756 2003 5791 r
2077 5737 2160 5793 id.
2192 5737 2289 5793 lib.
2324 5751 2550 5793 "Lean.
2585 5737 2672 5792 10.

1938 5743 2040 5883 ta
2075 5743 2160 5866 tt-
2188 5743 2289 5864 tt:-
2316 5743 2672 5880 κινοξῖεοειοο

2960 5975 3038 6040 3Ιι

3295 242 3484 288 νῆις-ί
