3850 6264
430 282 615 392 ππ

1714 308 2497 397 nocuistmtsruut

3652 292 3808 360 l0?!

438 441 708 500 ehronieo
726 437 1070 508 Centulensi,
1090 432 1371 510 Spicilegii
1402 442 1555 491 tomo
1582 432 1675 493 Ν.
1714 451 1733 488 ι
1767 433 2045 491 Hactenus
2071 438 2121 502 Α
2150 438 2259 497 tus,
2290 430 2421 487 dum
2459 426 2557 484 illa
2591 423 2869 481 scriberet
2895 435 3023 494 quae
3047 418 3216 479 modo
3241 432 3310 476 ex
3342 431 3413 477 eo
3444 413 3801 510 retulimus.

440 536 530 593 vir
559 535 826 594 eruditus.

516 632 607 687 li.
668 630 869 688 Verum
901 638 1199 703 antequam
1227 627 1353 685 hinc
1379 626 1742 694 recedamus,-
1762 621 1896 681 illud
1915 638 2052 696 quo-

442 738 555 798 que
587 722 1031 781 animadvertere
1069 721 1226 789 libet,
1256 720 1400 789 quod
1438 719 1662 791 quidem
1686 736 1687 741 π
1711 715 1856 789 apud
1885 716 2055 773 Zaca-

437 818 631 891 gnium
682 816 834 875 inter
873 823 1032 873 notas
1061 813 1132 870 ad
1176 812 1428 872 Archelai
1458 810 1888 883 disputationem
1926 824 2051 866 cum

441 910 1022 972 Maneteobservasse
1071 909 1233 968 nobis
1267 909 1560 966 succurrit.
1604 904 2052 965 Locum'scilicet

437 1008 746 1081 explanans
782 1025 844 1066 v.
872 1023 924 1065 c.
972 1007 1030 1064 in
1059 1022 1167 1078 quo
1193 1006 1487 1079 episcopus
1535 1003 1628 1062 ille
1659 1001 2050 1062 Carcharensis

435 1102 603 1162 tradit
626 1102 705 1176 (α)
730 1101 1103 1177 imaginariam
1122 1100 1303 1173 legem
1332 1098 1557 1173 Moysen
1576 1096 1905 1164 tradidisse,
1932 1095 2052 1152 haec

432 1197 585 1256 inter
622 1196 735 1255 alia
768 1196 963 1254 scribit
1000 1193 1079 1267 (ὁ)
1115 1213 1130 1251 :
1169 1215 1190 1249 ι
1224 1192 1409 1253 Utitur
1445 1201 1503 1251 et
1530 1191 1636 1249 hac
1663 1205 1800 1249 voce
1830 1184 2048 1262 Evagrii

434 1290 699 1350 monachi
740 1301 903 1348 vetus
934 1288 1218 1361 interpres
1252 1288 1309 1345 in
1345 1287 1725 1360 disputatione
1748 1282 2050 1355 ETheOphili

436 1384 686 1458 episcopi
715 1383 1077 1441 Alexandrini
1119 1398 1249 1439 cum
1287 1379 1517 1439 Simone
1547 1380 1743 1438 Iudaeo
1778 1386 1904 1451 cap‘.
1954 1377 2046 1445 15,

416 1477 802 1536 .ubi‘sabbata’
849 1478 1227 1555 imaginariam
1276 1476 1530 1549 requiem
1577 1484 1744 1533 vocat
1794 1474 2049 1546 septimae

434 1572 591 1631 illius
631 1572 764 1646 diei,
814 1574 869 1631 in
899 1578 1006 1646 qua
1037 1572 1213 1631 Deum
1232 1591 1239 1599 '
1261 1572 1451 1631 mundi
1481 1574 1770 1631 creatione
1797 1568 2046 1628 absoluta

412 1672 781 1743 »requievisse
828 1672 1026 1745 pagina
1056 1686 1215 1729 sacra
1251 1678 1513 1727 testatur.
1542 1690 1563 1724 ι
1598 1668 1819 1742 Evagrii
1860 1667 2045 1724 locum

412 1780 619 1838 .quem
645 1765 875 1839 respicit
920 1760 1271 1836 Zacagnius,
1302 1774 1466 1837 prout
1515 1770 1698 1821 exstat
1754 1763 1809 1818 in
1851 1763 2046 1818 nostro

2157 523 2323 580 Multa
2353 522 2503 580 enim
2537 519 2595 577 in
2623 517 2719 575 illa
2743 516 3108 575 annotatione
3137 527 3397 587 peccasse
3436 508 3803 583 deprehen—

2158 615 2332 673 ditur.
2378 614 2446 672 Et
2477 612 2720 685 primum
2749 609 2975 684 quidem
3008 607 3309 681 Evagrium
3349 616 3620 663 nostrum
3657 615 3806 657 con-

2129 709 2343 769 ~fundit
2387 724 2515 766 cum
2552 706 2802 780 Evagrio
2827 705 3123 763 notissimo
3161 702 3265 759 illo
3303 701 3574 767 Pontico,
3622 694 3803 767 cujus

2128 806 2361 879 scripta
2415 804 2605 861 omnia
2626 817 2777 895 _qu:e
2806 810 3119 874 superant.-
3156 798 3316 895 alibi
3338 790 3799 895 edidimusfd):

2154 916 2316 975 quem
2345 883 2807 955 tamen-errorem
2834 893 2987 952 facili
3016 892 3240 966 negotio
3267 891 3516 956 vitasset,
3552 887 3610 944 si
3637 883 3805 943 Geu-

2153 994 2397 1051 nadium‘
2424 993 2655 1049 adiisset
2683 990 2776 1062 qui
2810 998 3110 1060 utrumque
3136 986 3314 1059 probe
3337 980 3662 1056 distinguit
3691 977 3800 1051 (ε).

2152 1087 2367 1147 Deinde
2394 1093 2643 1149 veterem
2678 1085 2853 1143 nostri
2885 1082 3178 1153 scriptoris
3205 1082 3575 1152 interpretem
3625 1074 3802 1134 efﬁn-

2151 1180 2254 1254 git,
2282 1179 2516 1254 perinde
2533 1193 2601 1236 ac
2626 1178 2674 1235 si
2697 1168 2891 1237 Grates
2920 1176 3015 1233 ille
3034 1174 3380 1246 scripsisset,
3411 1171 3503 1244 qui
3534 1168 3800 1226 Latinus

2153 1274 2332 1332 fuisse
2358 1271 2702 1345 agnoscitur.
2732 1272 3003 1343 Denique,
3034 1268 3183 1342 quod
3205 1266 3288 1325 rei
3310 1274 3478 1338 caput
3503 1272 3631 1333 est,
3656 1261 3799 1318 dis-

2150 1366 2456 1440 putationis
2501 1382 2628 1424 cum
2679 1364 2912 1423 Simone
2958 1362 3154 1421 Judteo
3211 1367 3501 1417 auctorem
3569 1354 3801 1414 statuit

2124 1461 2519 1533 “Theophilum
2585 1460 2913 1546 episcopum
2964 1456 3442 1522 Alexandrinum;
3494 1451 3660 1546 adeo
3685 1457 3800 1546 “ut

2148 1556 2442 1613 censuisse
2470 1543 2729 1611 videatur
2752 1567 2877 1609 cum
2896 1549 3093 1609 Judaeo
3115 1552 3444 1621 episcopum
3469 1545 3636 1603 illum
3663 1543 3794 1601 dis-

2128 1660 2399 1721 *putasse,
2429 1646 2590 1719 cujus
2617 1644 3057 1714 disputationem
3090 1640 3396 1713 Evagrium
3417 1653 3581 1696 suum
3614 1635 3799 1695 dein-

2149 1756 2283 1813 ceps
2332 1739 2556 1797 litteris-
2582 1738 2796 1796 Graecis
2826 1735 3210 1808 consignarit:
3251 1748 3382 1790 cum
3423 1742 3634 1789 contra
3684 1743 3793 1786 no-

430 1824 609 1925 edito,
642 1860 724 1916 sic
740 1824 805 1916 se
832 1856 1001 1915 habet
1031 1824 1104 1931 (ὦ
1137 1875 1151 1912 :
1184 1824 1555 1913 Educta'mala
1583 1854 1821 1922 sabbata,
1843 1853 2044 1925 inquit,
2076 1845 2270 1917 BMG?
2308 1831 2599 1903 Enﬂius‘
2630 1828 3071 1889 Αιιθτοθῑῖῧυθω
3108 1827 3261 1884 imm
3289 1831 3439 1884 ""0"
3485 1824 3791 1882 13mm"

428 1951 635 2010 scilicet
659 1967 979 2011 metrth
1018 1950 1226 2025 requiei
1249 1950 1461 2025 septimi
1511 1949 1617 2006 diei
1666 1949 1862 2005 tradita
1906 1947 2042 2021 fuit,

429 2054 544 2105 etc.
565 2046 669 2105 llis
694 2046 920 2123 positis,
975 2046 1131 2105 aliud
1156 2046 1450 2105 enimvero
1495 2044 1700 2119 agebat
1739 2043 1829 2101 vir
1858 2042 2047 2102 erudi-

500 2210 828 2287 (a)_5_reltel.
863 2211 1078 2287 Qisput.
1106 2224 1226 2281 cap.
1256 2209 1353 2279 3i,
1398 2207 1453 2264 in
1498 2214 1712 2264 nostra
1740 2204 1886 2262 Bibl.
1933 2203 2041 2261 PP.

428 2281 574 2356 tota;
593 2281 685 2356 In,
709 2298 833 2356 pag.
862 2281 1023 2356 sua,

506 2354 587 2428 (ι)
613 2352 872 2427 Zacagn.,
899 2353 1056 2427 ibid.,
1090 2361 1209 2413 not.
1242 2352 1300 2410 t.

2120 1938 2684 1998 ‘Lol'Cuats'rmtul
2738 1947 2796 1996 et
2845 1937 3140 1996 Simonem
3197 1933 3449 1994 Judzum
3515 1931 3790 1991 habitam

2146 2040 2315 2101 fuisse
2331 2041 2684 2100 conﬁnxerit.
2718 2042 2788 2098 At
2816 2040 2886 2099 de
2916 2040 3003 2098 bis
3032 2040 3193 2098 satis.

2224 2203 2303 2273 (c)
2332 2203 2534 2276 Eragr.
2562 2201 2800 2276 Αιωω..
2817 2201 2984 2276 intra.

2224 2271 2308 2424 ἑά)
2337 2271 2476 2332 Bibl:
2516 2275 2624 2333 PP.
2651 2284 2786 2361 tom.
2815 2272 2943 2359 illi,
2962 2288 3122 2401 pagg.
3148 2271 3255 2331 535
3281 2287 3441 2347 seqq.

2252 2349 2301 2422 e)
2342 2347 2596 2407 Gennad.
2626 2347 2725 2405 lib.
2766 2346 2838 2406 de
2876 2345 2999 2404 Vir.
3042 2350 3075 2403 ii
3104 2354 3243 2403 ustr.
3280 2361 3441 2418 capp.

2252 2342 2301 2422 e)
2342 2347 2596 2407 Gennad.
2626 2347 2725 2405 lib.
2766 2346 2838 2406 de
2876 2342 2999 2404 vn;
3036 2342 3243 2403 illustr.
3280 2342 3443 2418 capp.
3479 2342 3545 2403 11
3582 2354 3646 2402 et
3683 2342 3784 2402 50.

1511 2666 1543 2707 ει
1596 2659 2714 2748 CONSULTATIONUM

793 2834 1894 2992 ZACCHAEI
1986 2804 3383 2992 CHRISTIANI

958 3230 2024 3381 APOLLONII
2094 3183 3240 3366 PHILOSOPHI

1620 3479 1625 3483 '
1744 3461 2055 3537 LIBRI
2134 3463 2452 3541 TBES.

1640 3733 1989 3869 LIBER
2032 3860 2035 3861 θ
2062 3782 2547 3871 PRIMUS.

1029 4133 1424 4194 PREFATIO.

503 4230 663 4305 Apud
691 4228 962 4304 quosdam
982 4229 1345 4288 contradictio
1372 4228 1685 4303 gentilium,
1718 4228 1844 4301 quia
1872 4227 1945 4284 sit
1973 4227 2044 4284 ab

433 4328 583 4387 omni
609 4342 742 4385 vera
766 4327 1037 4398 sapientia
1055 4324 1085 4366 ιι
1109 4326 1353 4395 exclusa,
1385 4324 1541 4383 exsul
1571 4332 1628 4380 et
1652 4338 1822 4380 vacua
1842 4365 1860 4392 ,
1888 4338 2043 4393 sper-

435 4424 616 4480 nenda
646 4420 831 4493 potius
868 4422 1091 4477 videtur
1117 4436 1240 4477 esse
1274 4435 1436 4492 quam
1464 4414 1760 4475 refellenda
1787 4434 1804 4484 ;
1835 4420 1957 4474 cum
1985 4416 2040 4471 in

431 4522 751 4584 contemptu
788 4513 908 4582 ejus
956 4512 1229 4569 fastidium
1273 4512 1509 4579 inutile;
1552 4511 1605 4567 in
1654 4509 2042 4567 informatione

430 4620 612 4668 autem
633 4607 839 4679 duplex
860 4608 1061 4665 bonum
1092 4609 1185 4675 sit,
1211 4607 1356 4681 quod
1378 4614 1435 4664 et
1457 4605 1648 4678 religio
1672 4616 1861 4662 nostra
1881 4616 1903 4645 ο
1935 4607 2043 4662 sic-

432 4712 495 4760 ut
535 4717 617 4761 est
662 4716 855 4763 sancta
897 4712 953 4760 et
998 4702 1267 4776 simplex,
1322 4699 1583 4759 omnibus
1620 4700 1957 4756 intimatur:
1986 4708 2045 4756 et

429 4799 614 4855 solent
653 4798 836 4856 edocti
879 4797 1108 4856 credere
1148 4796 1293 4869 quod
1345 4794 1657 4867 spreverint
1709 4792 2037 4851 nescientes.

427 4886 621 4947 Visum
646 4902 745 4949 est
771 4908 902 4963 ergo
942 4908 1059 4949 rem
1089 4907 1348 4963 magnam
1382 4891 1511 4946 licet
1555 4890 1701 4946 tenui
1734 4890 1884 4961 style
1909 4904 2041 4945 con-

428 4982 583 5051 dere,
614 4994 669 5041 ct
707 4985 912 5041 clarius
938 4984 1155 5056 quidem
1188 5000 1217 5038 a
1248 4985 1437 5040 multis
1461 5027 1476 5051 ,
1508 4984 1604 5039 sed
1637 4985 1868 5053 sparsim
1891 4972 2043 5039 dicta

424 5079 483 5133 in
507 5093 737 5147 corpore
765 5078 996 5149 quodam
1023 5077 1364 5135 credulitatis
1386 5079 1657 5150 aperire;
1681 5088 1847 5149 atque
1873 5079 2044 5136 intro.

426 5171 591 5229 ducta
618 5173 952 5229 sciscitantis
988 5173 1321 5244 respotnlent
1341 5175 1492 5245 isque
1524 5189 1754 5245 persona
1784 5174 2041 5248 paulatim

424 5266 872 5323 consultationes
916 5268 987 5323 de
1025 5268 1550 5324 contradictionibus
1601 5268 1803 5324 facere.
1856 5268 2044 5339 Itaque

429 5374 504 5417 ne
534 5359 640 5416 sibi
667 5359 820 5415 velut
838 5361 1053 5417 absenti
1081 5360 1501 5433 praeiudicatum
1533 5361 1814 5433 gentilitas
1842 5377 2039 5433 quere-

498 5561 525 5635 ξ
556 5550 613 5608 in
644 5542 752 5635 tua.
783 5550 980 5635 cod‘i‘ce
1100 5551 1671 5635 MartialisLemov'ic.
1698 5550 1780 5635 si:-
1806 5551 2035 5635 legitur:
2065 5572 2123 5635 Ῑ)

433 5623 725 5698 Alter-cutio
763 5622 1034 5693 Apollonii
1076 5622 1376 5698 philosophi
1419 5641 1534 5678 cum
1579 5622 2039 5698 Zacchafogclrrt's-

433 5697 595 5751 lianc.
617 5694 729 5767 Sed
750 5710 936 5750 veram
964 5711 1089 5753 esse
1110 5694 1521 5763 inscriptionem
1543 5712 1703 5767 quam
1734 5696 2004 5767 edidimus
2025 5741 2040 5767 ,

442 5766 683 5838 relginde
713 5767 912 5833 liquet,
939 5769 1082 5838 quOd
1113 5780 1306 5838 auctor
1346 5770 1460 5837 ipse
1489 5765 1791 5837 iniprrelat.
1821 5765 2046 5823 Consul;

1205 5837 1477 5894 Paulatt’m
1529 5839 1932 5896 consultationes
1984 5840 2050 5895 de
2157 5857 2188 5898 e
2215 5839 2446 5898 Lemov.
2477 5839 2849 5914 reposuimus,
2878 5837 2978 5896 ubi
2998 5838 3206 5897 editum
3235 5847 3358 5898 erat
3383 5854 3447 5895 eo
3468 5839 3651 5899 ὀκνεῖ.-
3680 5912 3683 5913 ν

466 5836 708 5891 alienum
756 5852 890 5893 voce
922 5836 1106 5894 utitur
1145 5857 1160 5894 :

474 5906 940 5963 ontradictiottibus
978 5910 1165 5978 fatae.

2065 4129 2115 4196 C
2144 4136 2313 4201 retur,
2328 4140 2407 4202 et,
2438 4144 2497 4193 ut
2528 4135 2623 4194 ille
2651 4136 2758 4196 ait:
2780 4154 2872 4209 ne,
2907 4140 3121 4214 inquam
3149 4148 3205 4199 et
3224 4140 3416 4215 inquit,
3445 4142 3660 4216 sapius
3689 4142 3772 4202 iné

2153 4221 2571 4301 tet-poneretur,
2611 4231 2819 4303 placuit
2856 4232 3183 4307 gentilitatis
3221 4234 3487 4295 adhibere
3514 4235 3777 4297 Philoso-

2154 4322 2343 4393 phum,
2375 4323 2469 4395 qui
2518 4324 2573 4381 in
2612 4328 2934 4399 praefatione
2963 4328 3354 4401 propositionis
3397 4345 3513 4389 suae
3542 4330 3686 4389 dum
3708 4332 3777 4401 de

2155 4416 2487 4475 credulitate
2537 4431 2724 4477 nosua
2781 4422 3132 4496 arrogantius
3177 4423 3465 4497 disputat,
3521 4424 3776 4485 breviter

2150 4511 2282 4582 quid
2309 4512 2537 4569 credere
2563 4512 2867 4573 debeamus
2891 4517 3121 4587 exponit
3150 4534 3165 4573 :
3191 4516 3540 4575 membratim
3571 4531 3773 4592 postea

2152 4619 2507 4679 perscrutans
2529 4606 2739 4685 omnia,
2766 4612 3252 4673 subcrescentibus
3273 4616 3772 4689 interrogationum

2149 4704 2329 4761 causis
2367 4699 2538 4760 fatum
2578 4703 2789 4761 homini
2834 4721 2940 4764 non
2982 4721 3110 4765 esse
3156 4720 3445 4781 cognoscet
3482 4728 3499 4767 :
3544 4710 3618 4768 de
3658 4727 3774 4783 quo

2149 4798 2425 4870 praecipue
2452 4800 2524 4855 oh
2554 4794 2853 4857 mathesim
2880 4800 3280 4875 aliquantisper
3303 4804 3600 4871 resultans,
3623 4806 3772 4863 sicut

2150 4889 2219 4947 de
2248 4893 2485 4960 caeteris,
2514 4892 2583 4950 ad
2619 4904 2927 4952 extremum
2968 4898 3096 4955 fidei
3138 4911 3336 4954 manus
3365 4896 3537 4956 dabit.
3570 4898 3774 4958 Noster

2147 5001 2283 5043 vero
2306 4989 2359 5043 iu
2382 4990 2778 5061 expositionem
2804 4992 3135 5050 venerandae
3158 4979 3438 5065 religionis
3458 4992 3672 5049 sensim
3693 4995 3772 5051 le—

2152 5079 2404 5151 nitcrque
2419 5082 2785 5149 descendens,
2810 5098 2881 5140 ex
2906 5085 3094 5140 multis
3114 5093 3279 5156 atque
3302 5083 3771 5142 inenarrabilibus

2151 5186 2320 5243 pauca
2364 5182 2421 5229 et
2456 5190 2672 5230 summa
2702 5176 3067 5250 perstringet,
3100 5178 3373 5234 rationem
3403 5191 3525 5249 quae
3548 5178 3673 5235 sola
3703 5176 3770 5233 ab

2152 5264 2462 5334 ltujusmndi
2505 5267 2943 5338 disputatoribus
2980 5271 3279 5341 quaeritur,
3310 5269 3483 5327 sicubi
3524 5270 3769 5328 terrenis

2151 5359 2520 5418 intellectibus
2544 5361 2721 5432 deest,
2752 5362 2882 5420 ﬁdei
2906 5360 3269 5434 spiritualiter
3291 5362 3643 5421 commissam
3670 5362 3768 5423 de-

2220 5548 2247 5590 ι»
2274 5550 2428 5607 Hanc
2441 5565 2630 5608 vocem
2648 5566 2774 5621 quae
2798 5550 2852 5607 in
2882 5550 3007 5608 aliis
3023 5564 3157 5607 mss.
3178 5548 3395 5619 deerat,
3418 5548 3765 5609 restituimus

2158 5639 2188 5679 e
2219 5625 2410 5680 codice
2438 5624 2667 5679 Lemov.
2712 5686 2717 5690 ι
3408 5651 3423 5691 ε
3828 5668 3829 5675 η

2233 5707 2256 5735 ο
2288 5696 2361 5751 ita
2384 5697 2437 5751 in
2465 5696 2590 5751 cod.
2621 5694 2901 5768 Vindoc.;
2930 5694 3146 5768 namin
3176 5693 3684 5768 editisde'gebatur,
3719 5716 3743 5754 ι

2156 5778 2366 5835 sancta,
2397 5767 2550 5824 nullo
2578 5783 2773 5825 sensu.
2811 5767 2987 5839 Infra,
3018 5767 3186 5823 edocti
3211 5784 3278 5825 ex
3316 5767 3513 5825 eodem
3542 5767 3675 5827 eod.
3734 5782 3763 5825 e
