3850 6264
49 315 156 372 10⁸18

44 539 195 596 turus,
244 528 525 600 quoniam
597 529 887 587 admotum
941 527 1108 586 caecis
1146 527 1325 586 oculis
1369 525 1556 584 lumen
1599 525 1646 582 si

40 620 291 695 splendore
319 638 439 680 non
473 626 773 692 cernitur.
804 623 988 682 calore
1015 623 1272 680 sentitur.

668 761 902 822 CAPUT
944 762 988 820 Ι.

245 878 310 937 Si
339 878 619 938 Christus
649 879 790 937 Dens
817 887 868 936 et
895 879 1052 936 homo
1078 895 1190 936 esse
1215 880 1397 950 possit.

89 995 562 1054 Arouomus._-—
586 997 656 1054 In,
687 1006 952 1070 tempore,
981 1005 1008 1036 ι
1031 995 1316 1060 Zacchtne.
1346 1005 1401 1052 te
1427 993 1560 1050 mihi
1592 1004 1650 1051 et

41 1089 103 1145 his
125 1092 209 1163 qui
241 1089 489 1161 adsunt,
525 1094 922 1166 Opportunitas
959 1074 1244 1164 pristim,
1276 1101 1338 1146 ut
1366 1105 1489 1163 quae
1515 1089 1645 1145 olim

37 1182 224 1241 abusive
251 1186 788 1258 pmloquebamur,
815 1201 965 1242 nunc
1004 1185 1176 1242 libere
1212 1180 1461 1258 preferre
1487 1185 1648 1240 liceat

35 1275 338 1345 dprobare.
378 1275 618 1336 Omnes
652 1279 800 1338 enim
832 1278 1161 1352 religionum
1199 1285 1416 1345 sectas,
1440 1287 1497 1334 et
1523 1276 1646 1334 uni—

38 1381 196 1424 versos
227 1382 549 1428 sacrorum
589 1371 735 1429 ritus
770 1370 1190 1430 rationabilibus
1234 1384 1491 1428 manasse
1531 1369 1645 1442 pri-

35 1462 224 1519 nor-diis
248 1462 426 1522 facile
459 1465 776 1540 intelligas,
804 1466 851 1524 si
874 1465 1169 1540 diligenter
1194 1465 1440 1538 inquiras
1467 1481 1482 1522 :
1515 1479 1638 1523 ves-
1677 1521 1680 1524 .

33 1565 111 1612 tne
130 1565 312 1614 autem
339 1558 725 1618 credulitatis
751 1571 903 1618 secta
932 1563 1006 1618 ita
1039 1561 1313 1632 superflua
1342 1571 1398 1618 et
1425 1560 1644 1619 irratio-

35 1649 197 1706 nabilis
233 1659 361 1720 est,
405 1661 475 1709 ut
529 1654 683 1725 mihi
710 1669 818 1712 non
860 1654 966 1712 nisi
1003 1670 1105 1727 per
1141 1645 1424 1714 stultitiam
1470 1655 1641 1729 recipi
1677 1715 1680 1718 ,

35 1757 162 1814 posse
188 1743 482 1802 videatur.
515 1746 662 1816 Quid
693 1747 842 1804 enim
869 1755 978 1804 tam
1007 1747 1332 1813 ausurdum.
1361 1756 1418 1806 et
1444 1749 1514 1805 ab
1540 1748 1642 1804 hu-

1252 309 1890 373 CONSULTA’I'IONUM
1926 311 2058 371 LIB.
2101 311 2144 370 ι.

45 439 340 501 mosmos,
377 446 596 491 rerum
647 431 863 492 indiciis
909 447 1014 490 non
1065 430 1438 490 soliditatibus
1469 443 1652 487 mora-
1676 432 1728 494 Α

2389 430 2623 489 CAPUT
2659 431 2732 488 ll.

1952 524 2238 594 Quomodo
2265 526 2407 581 idem
2435 523 2678 585 Christus
2703 526 2773 582 sit
2801 523 2904 583 Dei
2931 526 3132 584 Filius.

1820 616 2022 676 Arcu.
2046 649 2120 660 —
2139 617 2394 675 Facilitas
2417 635 2505 676 me
2518 630 2722 677 vestrae
2747 620 3111 690 credulitatis,
3144 627 3204 679 et
3230 633 3365 678 con-

1651 741 1664 752 -
1752 724 1835 772 tra
1859 717 2026 772 totius
2049 714 2238 771 mundi
2261 716 2530 774 rationem
2558 716 2844 789 legemque
2867 724 3079 772 naturai
3106 724 3364 792 suscepta

1752 809 2028 866 confessio
2055 808 2433 866 vehementius
2461 809 2643 882 loqui,
2673 818 2731 866 et
2757 808 3063 866 districtius
3087 809 3366 867 disserere

1753 904 1956 976 coegit.
2010 903 2402 960 Verumtamen
2458 904 2505 959 si
2555 913 2642 960 est
2698 902 3071 975 respondendi
3125 902 3381 978 ﬁducia,

1751 997 1896 1058 hanc
1929 999 2168 1071 primum
2202 997 2337 1054 mihi
2368 997 2528 1054 tidem
2554 997 2755 1070 pande,
2778 999 3057 1071 quomodo
3083 997 3365 1056 Christum

1751 1091 1922 1149 videri
1949 1091 2124 1149 Deum
2163 1094 2250 1149 vel
2291 1092 2384 1147 Dei
2417 1090 2615 1147 Filium
2647 1092 2844 1160 vultis,
2873 1107 3034 1164 quem
3074 1102 3264 1164 postea
3293 1099 3362 1154 et

1750 1184 2028 1249 hominem
2080 1200 2192 1242 non
2234 1186 2446 1258 negetis
2497 1203 2513 1242 :
2553 1199 2676 1243 cum
2721 1186 2912 1259 utique
2950 1197 3044 1243 aut
3072 1186 3220 1244 Deus
3246 1195 3362 1248 .aut
3396 1235 3402 1243 .

1750 1279 1917 1337 homo
1958 1279 2157 1337 debeat
2201 1279 2674 1352 prmdicari,'quia
2701 1281 2945 1337 omnium
2989 1280 3362 1339 intellectibus

1747 1378 1920 1445 patet,
1953 1372 2188 1430 alterum
2220 1371 2336 1434 fieri
2370 1387 2552 1446 posse,
2586 1374 2747 1430 simul
2775 1382 3069 1446 utrumque
3094 1388 3220 1433 esse
3247 1389 3359 1434 non

1750 1480 1935 1538 posse.

1799 1563 2020 1624 .Zscclr.
2045 1593 2119 1606 --
2143 1561 2459 1620 Vestrarnm
2496 1561 2837 1634 argutiarum
2879 1570 2966 1620 est
2998 1563 3102 1619 ista
3132 1561 3359 1619 subtili-

1747 1665 1872 1724 tas,
1897 1656 2042 1727 quod
2074 1657 2223 1714 credi
2272 1656 2457 1712 nolitis
2504 1666 2728 1727 recepta
2769 1656 3005 1728 primum
3054 1664 3212 1729 parte
3252 1657 3356 1714 dc-

1743 1761 1992 1817 struere,
2027 1760 2083 1811 et
2110 1749 2179 1806 ad
2217 1749 2322 1806 hoc
2358 1743 2570 1822 exiguis
2608 1765 2804 1807 manus
2835 1749 3003 1819 dare,
3043 1759 3102 1807 ut
3142 1751 3356 1824 integra

37 1855 168 1896 mana
211 1844 442 1902 ratione
489 1855 608 1902 tam
662 1845 1008 1919 discrepans,
1063 1860 1226 1917 quam
1279 1856 1337 1901 ut
1391 1844 1640 1902 Christus
1671 1851 1717 1913 Β
1741 1845 2041 1903 subruatis.
2077 1843 2235 1902 Unde
2264 1843 2501 1901 maxime
2528 1844 2597 1901 ad
2627 1860 2726 1901 vos
2755 1845 3038 1902 silentium
3079 1837 3343 1919 prasstat;

36 1949 167 2006 quem
189 1935 284 1993 Dei
307 1937 541 1996 Filium
569 1939 774 2006 dicitis,
802 1938 949 1997 Deus
971 1949 1033 2008 et
1051 1939 1217 1997 homo
1237 1939 1448 2014 pariter
1473 1940 1644 2006 idem-

40 2043 120 2099 que
141 2030 452 2088 credatur?
481 2033 830 2106 Conceptum
860 2035 983 2092 sine
1009 2036 1221 2093 semine
1251 2037 1402 2108 virgo
1430 2035 1643 2108 pariat?

43 2123 153 2179 Deus
179 2117 460 2185 nascatur
488 2143 564 2186 ex
604 2127 842 2197 femina;
872 2144 972 2203 per
1007 2141 1412 2204 consequentes
1449 2139 1641 2203 postea

42 2226 230 2277 statum
255 2222 481 2292 gradus
512 2224 719 2282 terreni
745 2233 900 2281 actus
924 2224 1287 2281 humilitatem
1319 2233 1634 2298 cognoscat,

42 2312 231 2382 sentiat,
255 2317 521 2387 patiatur
542 2327 598 2375 et
620 2319 902 2390 perferat?
927 2321 1064 2377 iixus
1092 2319 1293 2380 deinde
1318 2320 1471 2378 cruci
1495 2335 1642 2377 mor-

48 2413 132 2460 tem
158 2407 348 2480 adeat,
375 2418 560 2483 atque
603 2412 670 2468 ad
698 2422 1004 2471 extremum
1035 2422 1287 2471 mortuus
1314 2431 1344 2470 a
1375 2428 1436 2472 se
1460 2415 1637 2472 susci-

48 2502 200 2556 tetur?
254 2500 374 2562 Nec
423 2505 640 2563 sufﬁcit
691 2506 858 2580 hujus
911 2511 1285 2581 persuasionis
1319 2510 1640 2567 auctoribus

53 2605 135 2650 tam
161 2599 343 2655 stultae
364 2598 395 2639 δ
430 2601 716 2659 traditioni
746 2619 1040 2678 aggregare
1068 2621 1429 2675 consensum,
1458 2607 1564 2663 nisi
1582 2617 1639 2664 et
1668 2659 1672 2661 .

51 2686 362 2751 immortales
415 2695 709 2768 gentilium
756 2696 887 2756 deos
939 2697 1226 2756 fastidiosa
1287 2699 1662 2759 infestatione.

53 2781 415 2843 condemnem.
485 2787 775 2861 Vigentem
837 2799 1107 2862 prseterea
1176 2794 1482 2850 aeternitate
1539 2808 1637 2850 sua

53 2877 281 2936 mundum
315 2883 478 2940 velut
506 2886 898 2957 temporarium
929 2888 1262 2960 brevemque
1299 2889 1636 2962 despiciant;

55 2971 136 3027 sibi
168 2975 285 3033 sine
307 2977 441 3036 Fati
472 2979 640 3037 ullius
675 2983 1065 3040 constitutione
1106 2996 1130 3049 φ
1162 2984 1488 3056 degentibus
1516 2994 1640 3056 post

54 3071 493 3132 resurrectionem
518 3088 813 3148 corporum
837 3087 1175 3134 mortuorum
1208 3077 1640 3135 immortalitatis

57 3157 424 3226 beatitudinem
469 3169 814 3242 pollicentes.
855 3169 1022 3243 Cujus
1059 3173 1422 3230 observantiae
1470 3176 1638 3229 ratio—

1745 1938 1872 2012 quia
1902 1954 2025 1996 cum
2058 1940 2131 1994 sit
2159 1938 2336 1995 levior
2359 1937 2517 2012 culpa
2545 1955 2653 1996 non
2680 1939 2898 1997 deferre
2920 1955 3082 2013 quam
3109 1939 3347 2008 ledere;

1743 2047 1845 2089 vos
1875 2041 1900 2081 ϐ
1932 2045 2036 2090 nec
2062 2030 2291 2090 credere
2321 2032 2377 2088 in
2410 2031 2585 2090 Deum
2607 2032 2792 2104 vultis,
2818 2043 2876 2091 et
2902 2031 3054 2106 loqui
3082 2034 3204 2093 sine
3229 2033 3352 2105 eius

1749 2123 1947 2198 injuria
1978 2140 2087 2182 non
2119 2124 2370 2198 potestis.

2359 2217 2591 2277 CAPUT
2628 2219 2715 2277 Ill.

2051 2311 2135 2368 Ne
2158 2313 2270 2370 sine
2295 2329 2456 2369 causa
2480 2313 2550 2367 sit
2574 2313 2686 2368 lucc
2713 2311 3037 2369 colluctatio.

1814 2406 2016 2466 Arcu.
2056 2438 2129 2451 —
2163 2407 2236 2465 At
2274 2423 2377 2480 ego
2408 2407 2604 2464 horum
2648 2414 2977 2464 tractatuum
3017 2405 3350 2465 collatiOnes

1742 2518 1962 2574 semper
1992 2502 2256 2575 prodesse
2283 2502 2668 2562 dubitantibus
2696 2502 2900 2568 credo,
2931 2511 2988 2558 et
3014 2501 3345 2573 quibusdam

1740 2596 2154 2670 inquisitionum
2197 2596 2330 2652 rivis
2360 2595 2428 2652 ad
2459 2596 2706 2671 veritatis
2733 2593 2945 2652 fontem
2972 2591 3002 2632 ¹ι
3033 2595 3207 2651 veniri
3249 2608 3350 2651 ex-

1740 2697 1931 2764 pertus
1957 2691 2208 2758 afﬁrmo;
2241 2704 2306 2750 ac
2333 2697 2619 2762 propterea
2649 2689 3029 2746 universarum
3067 2700 3346 2746 sectarum

1742 2801 1865 2844 esse
1911 2786 2214 2853 doctrinas,
2265 2783 2966 2867 ut'audiendointelligas
3019 2783 3165 2856 quod
3214 2793 3348 2840 ante

1743 2881 2011 2939 nescieris
2052 2897 2067 2934 :
2105 2878 2322 2938 facilius
2363 2879 2535 2946 enim,
2581 2877 2629 2935 si
2671 2878 2814 2935 ratio
2851 2887 3144 2951 suppetat,
3189 2877 3347 2937 credi

1740 2973 1927 3031 audita
1957 2982 2212 3046 possunt,
2241 2989 2404 3044 quam
2436 2972 2680 3029 inaudita
2708 2973 2985 3045 cognosci.
3016 2970 3134 3040 Qua
3161 2971 3342 3041 dere,

1740 3069 1789 3125 si
1816 3069 2041 3141 dignum
2071 3076 2176 3136 cst,
2208 3065 2493 3141 speciatim
2524 3066 2701 3138 pande
2726 3065 3036 3138 proposita,
3066 3082 3137 3122 ne
3166 3066 3222 3122 in
3249 3079 3345 3122 va-

1740 3178 1899 3220 cuum
1926 3161 2267 3220 certantibus
2297 3159 2493 3229 nobis,
2523 3161 2578 3218 hi
2605 3161 2700 3233 qui
2727 3171 3031 3234 praesentes
3060 3170 3189 3218 sunt
3231 3174 3345 3219 non

56 3265 156 3310 nem
195 3257 261 3332 (si
304 3270 496 3321 tamen
539 3263 683 3320 ratio
721 3264 954 3323 dicenda
987 3276 1070 3323 est
1090 3308 1106 3335 ,
1143 3264 1428 3323 hominum
1473 3267 1634 3323 ειυιω
1666 3267 1712 3333 c
1743 3263 1964 3329 sperato
1996 3255 2305 3324 intellectu,
2333 3255 2430 3311 sed
2462 3253 2682 3311 fastidio
2712 3255 3116 3327 compleantur.

61 3351 332 3423 persuasio)
378 3355 620 3414 reddere
659 3366 814 3429 potes
858 3358 944 3415 vel
985 3355 1206 3416 audesd
1237 3374 1360 3416 cum
1395 3375 1638 3430 praesen-

57 3437 163 3507 tium
191 3450 606 3509 examinatione
646 3452 996 3518 demonstra;
1028 3464 1086 3510 ut
1123 3465 1217 3512 aut
1257 3456 1539 3513 convictus
1566 3458 1637 3514 ab

59 3545 216 3594 errore
243 3540 526 3615 discedas,
557 3555 650 3602 aut
676 3562 798 3616 me,
827 3547 1020 3605 eadem
1048 3548 1362 3606 conditione
1403 3564 1636 3621 supera-

61 3635 168 3698 ιοω,
198 3635 481 3695 traditioni
512 3647 621 3698 tute
646 3641 885 3699 concilio
911 3650 1054 3699 teste
1077 3641 1397 3716 coniungas.

111 3723 415 3790 Issenses.
433 3764 511 3776 —
533 3744 558 3773 ο
588 3735 806 3794 Audere
831 3737 1048 3810 quidem
1070 3739 1248 3810 quivis
1273 3737 1432 3795 facile
1454 3747 1633 3810 potest

1812 3349 2014 3408 Zsccu.
2046 3381 2118 3392 —-—
2145 3349 2378 3422 Dignum
2409 3350 2575 3421 plane
2617 3359 2704 3408 est
2733 3349 3042 3407 cmisstium
3074 3350 3345 3410 consilio-

1740 3462 1859 3502 rum
1888 3454 2232 3502 sacramenta
2253 3445 2510 3517 cegnosci
2534 3460 2550 3512 ;
2579 3453 2638 3501 et
2659 3453 2769 3501 tarn
2793 3444 3026 3516 simplex
3045 3445 3117 3502 de
3136 3444 3342 3503 Christi

1738 3541 2023 3598 divinitate
2052 3549 2216 3612 atque
2242 3539 2465 3596 elucens
2492 3553 2598 3612 per.
2630 3554 2692 3596 se
2722 3539 2924 3596 veritas
2952 3545 3074 3608 est,
3117 3548 3176 3596 ut
3213 3555 3339 3596 eam

1738 3636 1865 3692 licet
1900 3628 2072 3707 digne
2111 3648 2277 3690 nemo
2307 3631 2496 3705 eloqui
2545 3633 2757 3704 possit,
2805 3629 2986 3703 quivis
3030 3641 3213 3690 tamen
3254 3631 3340 3689 fa-

1736 3732 1842 3788 cile
1881 3730 2186 3803 intelligat,
2226 3730 2272 3784 si
2313 3729 2653 3785 voluntatcm
2695 3728 2954 3785 exhibeat
3002 3725 3268 3784 credituri
3316 3743 3334 3782 :

59 3829 217 3906 verum
246 3835 302 3884 et
343 3827 418 3887 de
455 3827 568 3887 Deo
607 3829 884 3901 proferre,
929 3831 976 3888 si
1011 3845 1190 3890 tamen
1235 3833 1532 3906 quidquam
1563 3851 1629 3890 ex
1732 3843 1837 3899 qua
1869 3828 1922 3881 in
1961 3841 2022 3883 re
2064 3825 2231 3881 etiam
2266 3839 2367 3896 ego
2406 3827 2500 3897 qui
2531 3838 2652 3880 sum
2685 3822 3126 3881 Christianorum
3173 3819 3340 3878 mini-

62 3905 229 3972 divinis
252 3933 457 3979 vestrm
485 3923 770 3993 sapientiae
794 3938 1119 3997 congruum,
1160 3923 1179 3962 τ
1215 3905 1445 3998 talisque
1471 3925 1629 3997 justi-
1732 3934 1878 3986 mus,
1912 3935 2020 3975 non
2049 3921 2368 3982 reticerem,
2396 3917 2503 3974 nisi
2539 3932 2634 3988 per
2669 3917 2848 3990 legem
2881 3917 3072 3973 talium
3101 3921 3340 3974 alterca-

64 4000 132 4058 tite
169 4013 628 4072 non-abhorrens
673 4017 847 4086 possit
886 4017 1136 4088 expromi
1187 4034 1226 4078 ς,
1249 4030 1449 4074 vestra:
1480 4017 1625 4075 enim
1657 4055 1670 4069 ς
1735 4014 1945 4070 tionum
1970 4012 2291 4070 occasiones
2313 4012 2487 4068 vitare
2513 4013 2869 4084 prteciperer.
2899 4009 3004 4070 Ubi
3029 4011 3178 4068 enim
3209 4012 3338 4069 nul-

64 4103 309 4162 tententim
328 4115 439 4177 est,
459 4109 764 4179 sapientem
791 4110 927 4165 nihil
951 4109 1188 4180 opinari,
1213 4110 1344 4166 nihil
1369 4111 1622 4179 credere,
1677 4123 1683 4127 ‘
1733 4108 1817 4164 lus
1849 4106 2127 4178 profectus
2157 4117 2265 4175 est,
2297 4105 2591 4162 conﬂictus
2620 4103 2920 4161 inhibetur.
2954 4103 3114 4162 Unde
3144 4103 3193 4161 si
3221 4104 3340 4162 dis-

64 4201 146 4246 non
173 4191 298 4266 falli,
335 4201 434 4257 sed
469 4217 566 4271 per
593 4217 655 4259 se
696 4203 880 4257 omnia
919 4206 1062 4258 scire
1091 4247 1105 4268 ,
1137 4211 1192 4258 et
1220 4203 1432 4258 occulta
1460 4215 1626 4272 atque
1732 4213 1929 4278 putare
1959 4213 2169 4259 tantum
2212 4211 2270 4258 et
2296 4199 2552 4258 convinci
2581 4202 2806 4272 impune
2850 4200 3048 4256 niteris
3075 4215 3182 4255 non
3215 4214 3336 4257 cre-

63 4281 265 4352 iinorata
295 4309 402 4350 non
436 4290 666 4366 perpeti,
702 4311 804 4352 nec
829 4296 1092 4368 majorem
1124 4296 1361 4352 creatori
1393 4295 1625 4366 possibi-
1729 4298 1943 4353 diturus
1963 4339 1978 4361 ,
2015 4296 2314 4365 Epicureos
2342 4309 2405 4349 ac
2432 4293 2748 4350 Platonicos
2773 4336 2789 4358 ,
2820 4302 3130 4363 ceteraque
3173 4290 3334 4346 simi-

67 4369 233 4436 litatem
261 4383 475 4453 facere,
514 4402 677 4458 quam
705 4399 994 4454 creaturas,
1031 4403 1188 4459 teque
1226 4387 1297 4443 de
1333 4387 1427 4443 Dei
1458 4403 1622 4444 sensu
1729 4392 1860 4448 lium
1885 4400 2156 4446 sectarum
2188 4397 2404 4458 ostenta
2426 4388 2707 4459 perquire.
2738 4384 2854 4441 Nos
2877 4385 3034 4440 talem
3057 4394 3335 4458 consuetu:

65 4473 697 4550 itliquehorninisjndicare
719 4499 734 4538 :
757 4490 815 4537 et
833 4481 1102 4552 praecipue
1122 4482 1415 4539 adversum
1433 4483 1625 4540 Chris-
1728 4485 1900 4540 dinem
1921 4500 2024 4539 non
2055 4483 2302 4538 habemus
2333 4480 2378 4554 (l
2407 4480 2529 4536 Cor.
2564 4496 2648 4545 xt.
2683 4479 2800 4549 16).

67 4557 207 4622 tianos
235 4567 371 4630 hanc
399 4571 787 4645 disputationis
814 4575 1178 4632 intentionem
1212 4585 1442 4632 tenere:
1476 4578 1621 4634 unde
2346 4573 2574 4633 CAPUT
2609 4573 2698 4631 IV-

65 4647 153 4710 διε
176 4675 382 4735 quoque
407 4665 661 4722 collectio
686 4674 791 4738 tua
823 4667 990 4738 coepit
1020 4667 1162 4740 quod
1190 4667 1342 4739 prius
1385 4667 1614 4726 damna-
1639 4691 1693 4750 Β
1991 4672 2053 4727 Si
2085 4673 2148 4725 de
2176 4669 2381 4725 Christo
2408 4667 2610 4741 aliquid
2638 4675 2805 4740 poetic
2827 4666 3027 4724 dicunt.

65 4750 196 4822 "fit,
220 4771 402 4828 postea
428 4762 579 4819 velle.
603 4775 958 4834 cognoscere.
1795 4769 1998 4825 APOLL.
2034 4796 2106 4807 -μ-
2141 4762 2355 4820 Omissa
2385 4765 2488 4820 ista
2518 4763 2637 4820 haec
2665 4761 2857 4829 facito,
2895 4774 3244 4834 nequaquam
3289 4779 3325 4821 a

118 4969 140 4998 ⁸
158 4963 206 5022 In
230 4971 348 5027 cod.
376 4972 438 5028 S.
472 4975 607 5028 Arn.
641 4970 950 5037 Apofionius
975 4969 1110 5027 dixit
1137 4986 1154 5024 :
1181 4969 1474 5028 Zacchae:
1512 4971 1608 5028 sed

64 5026 146 5088 duo
169 5026 344 5114 priora,
375 5026 783 5114 verba'meli'us
805 5043 1001 5097 absunt
1034 5026 1053 5096 7:
1092 5046 1144 5097 in
1183 5044 1346 5100 editis
1384 5026 1606 5114 legitur,

69 5109 251 5182 “mihi,
277 5119 421 5171 male
453 5133 466 5168 :
501 5115 555 5171 in
585 5116 710 5170 cod.
740 5112 971 5170 Yindoc.
1009 5125 1056 5170 te
1083 5115 1230 5180 mihi,
1265 5117 1423 5172 bene.

121 5176 296 5244 "Sic'in
322 5188 447 5243 cod.
471 5187 533 5244 S.
565 5192 702 5243 Arn.
731 5185 1026 5256 etquidem
1060 5187 1202 5241 haud
1221 5176 1386 5256 paulo
1413 5187 1609 5243 melius

71 5259 370 5329 'l"I_m__qund
415 5261 471 5314 in
523 5269 682 5315 textu
733 5260 1036 5329 legebatur,
1081 5259 1296 5313 rationi.
1327 5257 1466 5314 Infra
1493 5301 1506 5323 ,
1541 5275 1606 5316 ex

73 5322 165 5400 99d.
192 5322 403 5387 Vindoc.
435 5332 762 5399 scripsimus
789 5322 1088 5400 ‘l’igentent,
1124 5330 1212 5385 ubi
1243 5330 1374 5384 editi
1406 5322 1611 5386 trahent

79 5385 340 5478 Vincentem;
362 5385 422 5460 in
452 5385 1164 5478 Lenior.Apaulo'lsuperius,
1185 5403 1290 5456 nisi
1315 5412 1362 5456 et
1394 5413 1448 5456 ut
1472 5385 1609 5478 rnor-

75 5464 186 5547 loles,
207 5489 321 5534 meo
345 5475 568 5547 quidem
590 5464 817 5547 judicio,
847 5464 1008 5547 male.

93 5547 145 5617 η’
170 5539 230 5617 lla
252 5549 306 5603 in
332 5539 459 5603 cod.
495 5539 748 5612 Vin'doc.;
774 5547 827 5601 in
860 5546 1042 5614 editis,
1072 5547 1137 5598 de
1162 5545 1436 5617 gentilibus
1463 5546 1610 5603 τωᾱο

76 5601 233 5674 omni
255 5601 466 5676 mare;

126 5678 458 5750 ‘Lectlonem
487 5689 630 5748 hanc
653 5689 778 5747 cod.
807 5690 868 5748 S.
903 5690 1035 5746 Arn.
1067 5690 1119 5745 in
1158 5698 1309 5748 textu
1340 5691 1610 5748 collocare

1724 4988 1757 5045 e
1787 4973 2018 5030 Vindoc.
2053 4974 2106 5029 in
2149 4986 2258 5045 quo
2278 4980 2480 5027 caetera
2507 4977 2814 5045 sequuntur
2841 4969 2965 5045 sic,
2984 4978 3042 5024 ut
3069 4967 3214 5026 edita
3243 4970 3327 5026 vi-

1719 5118 1782 5171 de
1812 5117 1923 5174 Deo
1948 5135 2142 5174 verum.

1796 5189 1815 5228 ί
1852 5191 1908 5246 lu
1967 5192 2091 5246 cod.
2128 5187 2354 5245 Vindoc.
2401 5187 2740 5251 c‘tLemov.,
2789 5187 3002 5256 talique.
3053 5184 3204 5240 Haud
3251 5186 3330 5242 itii

1718 5262 1893 5318 multo
1936 5274 2091 5332 post,
2124 5261 2216 5318 ubi
2259 5262 2348 5317 sed
2381 5277 2472 5328 uer
2497 5273 2552 5314 se
2595 5259 2773 5313 omnia
2799 5260 2964 5326 scire,
2998 5258 3054 5314 in
3096 5257 3331 5315 Vindoc.

1715 5339 1911 5391 vocula
1941 5337 2034 5390 sed
2060 5335 2237 5391 abest.

1795 5415 1822 5455 8
1855 5410 1909 5463 in
1938 5401 2216 5474 alio’cod.,
2250 5422 2339 5461 vos
2364 5423 2466 5460 non
2497 5405 2706 5459 credere
2728 5402 2884 5456 vultis
2910 5400 3154 5457 in'Deum
3178 5418 3199 5455 .'
3218 5417 3328 5472 qua

1724 5477 1794 5534 de
1816 5494 1979 5535 causa
2008 5478 2454 5550 przepositionem
2481 5478 2536 5530 in
2563 5477 2927 5550 reposuimus,
2951 5491 3074 5545 qua:
3095 5478 3149 5530 in
3174 5482 3331 5532 textu

1723 5550 1933 5619 deerat.
1970 5548 2171 5620 supra,
2200 5566 2302 5604 non
2328 5549 2532 5620 deferre
2558 5548 2804 5602 honorem
2832 5548 2963 5619 tego.

1793 5621 1822 5660 ιι
1852 5617 2002 5679 llaud
2032 5617 2416 5693 dubiumquin
2449 5622 2521 5693 ita
2556 5620 2841 5693 legendum
2874 5617 2983 5674 sit:
3016 5617 3322 5693 n_nmgqu0d

1718 5694 1772 5750 in
1804 5694 1968 5752 editis
1995 5695 2246 5759 habetur,
2275 5689 2465 5753 uiritim,
2491 5691 2624 5745 ferri
2657 5706 2765 5744 non
2800 5699 2999 5759 potest.
3035 5689 3205 5744 Paulo
3237 5693 3324 5744 in-

79 5748 227 5840 ξξιαξιίι
267 5748 528 5840 uhi‘enm
578 5765 911 5840 praesentium
975 5762 1260 5840 legebatur
1298 5781 1311 5816 :
1371 5763 1425 5819 in
1479 5764 1603 5820 cod.
1715 5748 2032 5840 ossium.
2067 5748 2322 5832 Vitulch
2350 5748 2644 5840 propterea,
2678 5748 2968 5818 emendate
3009 5781 3024 5819 :
3056 5762 3114 5816 in
3141 5761 3318 5832 priori

453 5817 605 5892 haud
626 5817 702 5891 ita
730 5835 887 5907 longe
921 5848 951 5888 a
983 5817 1110 5907 vera
1141 5817 1401 5891 lectione.
1493 5817 1534 5819 μ
1592 5817 1600 5820 ⁷
1710 5817 2271 5907 editione-(provenit,
2308 5817 2464 5890 ninia:

130 5906 148 5934 °
180 5899 236 5960 lia
255 5899 594 5966 restituimus
620 5922 652 5964 e
680 5905 802 5962 cod.
824 5899 1063 5961 'Lemov.
1099 5905 1153 5961 in
1178 5921 1292 5982 quo
1309 5907 1522 5970 eradere,
1551 5917 1608 5962 et
1701 5979 1704 5982 ἢ
1801 5975 1804 5978 ἢ

1718 5043 1852 5122 (ἷξεςζ
1872 5045 1925 5100 in
1956 5046 2119 5102 editis
2140 5040 2380 5110 {audire
2409 5042 2619 5114 quidem
2645 5043 2812 5114 quivis
2839 5040 2995 5114 facile
3039 5050 3241 5109 potest,
3273 5051 3326 5098 et
3429 5111 3436 5122 .
3485 5045 3491 5052 ’
