3850 6264
144 389 277 448 (077

1343 381 1963 442 δοκευιιτιιτιοιιωι
2000 382 2135 442 ωδε
2174 384 2214 440 l.

3262 375 3405 449 tofi

144 506 361 574 ieprosi,
393 503 607 558 mortui
629 500 961 557 suscitantur
1018 498 1242 570 (Matth.
1280 512 1360 564 tu,
1406 497 1485 567 5).
1515 497 1649 565 Quae
1676 499 1721 553 si
1749 506 1802 564 Α
1826 514 1929 569 quo
1952 515 2091 571 opus
2116 508 2283 556 ianus
2303 500 2633 571 dignationis
2675 508 2929 565 acturus.
2955 502 3408 572 quemadmodum

145 594 206 647 ab
229 574 427 648 eodem
476 599 630 661 gesta
660 606 768 646 non
797 590 1050 655 creditis,
1091 588 1217 647 ﬁeri
1239 590 1308 645 ab
1328 590 1643 645 hominibus
1676 591 1729 644 in

145 685 355 737 nomine
376 682 508 752 ejus
535 692 629 736 aut
661 682 797 736 facta
835 682 1178 760 cognoscite;
1203 682 1294 753 qui
1345 683 1603 752 utiquesi
1624 666 1730 737 itei

144 774 305 829 Filius
331 785 434 829 aut
478 774 622 830 Deus
654 788 764 829 non
793 766 959 842 esset,
990 759 1076 831 vel
1100 759 1238 831 falso
1280 775 1525 831 induisse
1554 775 1731 831 homi-

143 883 255 923 nem
296 867 652 932 crederetur,
678 882 781 922 nec
797 868 1097 935 .invoeatus
1127 867 1429 934 assisteret,
1466 882 1567 922 nec
1608 881 1731 937 pro-

140 958 309 1015 futura
346 946 724 1031 indigentibus
780 961 953 1031 signa
989 967 1310 1029 praestaret;
1363 960 1489 1031 quia
1541 967 1730 1035 aperte

140 1051 361 1123 intelligi
424 1054 607 1121 potest
654 1068 751 1107 nec
808 1051 978 1115 Deum
1019 1052 1370 1123 acquiescere
1419 1050 1721 1117 mendacio,

139 1162 227 1201 nec
259 1147 521 1204 homines
570 1163 665 1217 per
711 1139 1052 1202 mendacium
1102 1146 1253 1217 signa
1300 1161 1462 1217 posse
1512 1154 1728 1217 prome-

138 1241 254 1293 reri.

731 1329 959 1386 CAPUT
1002 1330 1110 1386 γη.

202 1422 331 1489 Qum
378 1423 662 1478 nrcessitas
692 1421 800 1487 Deo
828 1423 926 1491 fuit
968 1421 1316 1476 descendendi
1353 1422 1422 1475 ad
1459 1432 1647 1477 terras.

196 1514 403 1569 APOLL.
437 1543 508 1554 —
530 1514 857 1571 Videretttur
891 1515 1009 1570 inec
1049 1530 1078 1569 a
1120 1515 1225 1571 ﬁde
1254 1529 1358 1571 non
1383 1504 1575 1569 abesse
1603 1514 1723 1585 qua!

133 1603 392 1675 loqueris,
452 1607 497 1661 si
553 1606 932 1663 credulitatem
988 1606 1721 1676 sequentia‘mererentur:

134 1715 248 1752 nam
278 1709 339 1753 ut
366 1700 476 1754 alia
506 1702 725 1754 interim
752 1710 984 1769 taceam,
1016 1698 1268 1753 veniendi
1299 1699 1365 1752 ad
1404 1708 1579 1753 terras
1612 1699 1722 1754 Deo

129 1802 242 1856 qua}
264 1782 408 1840 ratio
434 1798 527 1841 aut
553 1788 851 1842 necessitas
878 1787 1022 1841 fuit?
1144 1826 1145 1829 η
1370 1796 1380 1803 '

1832 591 2017 646 debuit
2042 592 2108 647 ad
2143 603 2352 649 terrena
2377 592 2729 660 descendere,
2780 594 2887 655 nisi
2909 606 2963 647 ut
2995 594 3142 649 illum
3176 602 3200 634 ι
3230 597 3285 649 in
3309 607 3409 651 suo

1831 685 2035 757 fragilis
2080 685 2358 741 hominum
2390 687 2612 741 materia
2641 686 2954 753 sustineret,
3004 700 3163 754 quem
3193 694 3312 741 erat
3332 687 3411 741 vi-

1830 785 2325 847 surapratsentem,
2356 777 2640 845 docentem
2667 778 2937 847 auditura,
2988 777 3258 833 imitatore
3284 792 3413 849 ope-
3438 800 3441 803 ·

1829 871 2070 926 rantem?
2672 905 2675 907 -

2432 963 2656 1020 CAPUT
2706 962 2797 1017 IX.

2146 1055 2318 1123 Quare
2345 1054 2484 1109 Deus
2516 1069 2581 1109 ea:
2610 1041 2799 1124 {cunno
2823 1062 3083 1109 nascatur.

1897 1148 2103 1205 Aron.
2129 1179 2199 1189 ——
2226 1147 2354 1203 Esto
2380 1145 2633 1202 veniendi
2658 1146 2724 1201 ad
2762 1154 2939 1203 terras
2963 1144 3257 1217 probabilis
3280 1158 3405 1201 cum

1825 1244 2104 1299 voluntate
2124 1243 2262 1298 ratio
2282 1240 2546 1305 videatur,
2575 1239 2827 1309 quoniam
2849 1254 2948 1310 pro
2978 1238 3217 1317 hominis
3239 1231 3405 1293 miseL

1825 1335 2032 1390 ratione
2075 1335 2213 1403 Deus
2263 1332 2479 1389 venisse
2526 1332 2879 1403 perhibetur:
2912 1330 3296 1401 numquidnam
3352 1330 3405 1383 ei

1824 1425 2160 1497 impossibile
2202 1425 2302 1480 fuit
2346 1440 2411 1479 ex
2440 1438 2775 1495 quacumque
2819 1422 3131 1478 sublimiore
3178 1420 3401 1475 materia

1775 1506 1794 1521 ’
1823 1508 2235 1589 incorruptibilc
2260 1532 2456 1588 corpus
2476 1514 2733 1583 efficere,
2772 1529 2879 1584 quo
2904 1524 3181 1582 assumpto
3203 1513 3273 1566 ita
3307 1512 3413 1565 lto-

1824 1610 1955 1664 mini
1998 1624 2166 1687 popem
2222 1607 2410 1674 ferret,
2440 1621 2510 1661 ne
2547 1604 2885 1675 corruptibili
2939 1604 3160 1660 homine
3207 1616 3397 1674 grave-

1824 1700 1997 1755 retur?
2140 1763 2145 1769 ,
2344 1710 2352 1717 ·
2544 1736 2547 1740 -
2582 1712 2611 1766 '_

1894 1792 2094 1847 Zenona.
2116 1820 2188 1833 -
2211 1790 2405 1846 Omnia
2436 1790 2578 1845 Deus
2606 1805 2672 1845 ex
2709 1789 3008 1845 voluntate.
3035 1803 3133 1842 sua
3172 1786 3394 1856 faciens,

193 1878 397 1932 ZACCB.
426 1907 495 1917 —-
526 1878 695 1931 Deum
752 1878 973 1946 quidem
1017 1875 1320 1932 necessitas
1372 1876 1524 1931 nulla
1572 1891 1721 1930 (ξοπι-
1750 1885 1796 1945 Β
1826 1871 1961 1936 nihil
1988 1882 2128 1952 quod
2156 1882 2259 1937 sibi
2286 1896 2449 1950 grave
2478 1883 2548 1935 sit
2570 1880 2715 1934 velut
2742 1875 2995 1934 coactusd
3018 1881 3242 1933 assumit
3262 1895 3277 1943 ;
3300 1878 3394 1933 sed

131 1969 413 2038 plectitur,
448 1971 576 2039 quia
607 1985 827 2039 semper
869 1971 1008 2025 liber
1057 1980 1113 2025 et
1143 1970 1277 2024 nulli
1333 1980 1417 2024 est
1458 1964 1728 2025 obnoxius

130 2062 365 2131 passioni
396 2080 411 2115 :
440 2062 546 2132 ipsi
588 2078 684 2130 per
733 2072 909 2117 semet
939 2061 1181 2131 subjecta
1230 2071 1354 2115 sunt
1388 2062 1589 2126 omnia,
1625 2076 1725 2116 nec

125 2155 371 2223 cuiquam
410 2157 528 2222 ipse
562 2155 847 2223 ‘snbjectus
901 2160 1005 2210 est.
1042 2152 1426 2209 Verumtamen
1476 2152 1722 2208 absoluta

128 2248 328 2319 estejus
342 2256 405 2301 et
427 2255 579 2302 certa
602 2247 903 2301 sententia:
926 2244 1509 2309 Nisicredideritismon
1529 2245 1721 2298 intelli-

126 2339 242 2406 getis
268 2338 412 2410 (Isa.
448 2338 542 2405 vit,
569 2341 624 2403 9.
669 2355 771 2393 sec.
806 2337 997 2409 LXX).
1046 2339 1281 2393 Proinde
1328 2338 1374 2391 si
1400 2340 1635 2393 animum
1664 2341 1715 2394 in

129 2433 360 2487 tenebris
403 2432 764 2487 aberrantem
799 2432 864 2485 ad
908 2431 1133 2499 superni
1184 2430 1490 2486 intellectus
1533 2432 1713 2486 lumen

126 2524 383 2590 erexeris,
415 2532 476 2579 ut
502 2524 671 2579 Deum
699 2537 1057 2594 quaecumque
1085 2524 1213 2578 velit
1235 2522 1426 2578 credas
1455 2532 1509 2577 et
1530 2536 1709 2592 posse;

127 2615 365 2670 veniendi
397 2615 578 2671 eidem
632 2616 699 2670 ad
732 2625 935 2681 terras,
972 2617 1141 2671 immo
1189 2615 1315 2684 quia
1342 2613 1542 2683 ubique
1570 2626 1714 2670 sem-

131 2720 217 2773 per
236 2717 349 2775 est,
377 2709 435 2762 in
465 2708 692 2763 homine
738 2718 798 2763 ut
819 2708 1115 2763 .visibili‘ter
1136 2716 1442 2776 appareret,
1475 2705 1715 2761 necessi-

129 2807 274 2853 tatem
304 2800 555 2869 quidem,
607 2810 866 2870 Quantum
926 2802 978 2854 in
1029 2802 1151 2870 ipso
1202 2809 1306 2867 est,
1361 2815 1465 2854 non
1514 2801 1710 2871 depre-

126 2887 346 2958 hendes,
397 2892 496 2946 sed
522 2906 643 2946 cum
695 2893 908 2947 ratione
963 2892 1136 2947 fuisse
1196 2891 1469 2962 intelliges
1518 2892 1709 2946 volun-

129 2989 169 3031 ιδ
178 2990 279 3036 tem
287 3022 303 3036 θ

702 3075 932 3133 CAPUT
976 3076 1108 3131 Vill.

192 3171 361 3234 Quare
393 3173 847 3243 ineorruptibilem
891 3174 1151 3229 hominem
1205 3173 1345 3229 Deus
1388 3176 1627 3247 suscepit.

1828 1974 1970 2025 sicut
2007 1969 2119 2026 falli
2137 1986 2244 2025 non
2272 1979 2467 2040 potest,
2500 1971 2569 2023 ita
2595 1970 2710 2039 ipse
2733 1982 2838 2023 non
2865 1966 3023 2022 fallit.
3053 1967 3246 2023 Verum
3271 1981 3400 2038 etgo

1826 2066 1894 2119 ab
1920 2078 1986 2120 eo
2013 2064 2151 2132 ﬂeri,
2180 2078 2287 2119 non
2316 2058 2623 2117 simulatum
2663 2061 2913 2127 decebat,
2961 2074 3064 2116 nec
3098 2059 3397 2129 pmstigio-
3474 2086 3477 2088 -

1824 2171 1942 2210 rum
1979 2171 2131 2212 more
2162 2156 2497 2233 phantasiam
2522 2169 2621 2225 pro
2640 2154 2862 2209 homine
2887 2146 3208 2219 monstrari,
3224 2152 3321 2207 sed
3343 2160 3407 2206 ut

1825 2249 1927 2305 hoc
1961 2258 2105 2306 esset
2127 2251 2268 2319 quod
2301 2262 2421 2305 esse
2447 2249 2614 2305 vellet
2638 2248 2831 2307 videri.
2874 2246 3060 2316 Itaque
3106 2247 3158 2303 in
3185 2246 3399 2301 homine

1820 2356 1952 2398 vero
1971 2356 2070 2413 pro
2101 2342 2344 2396 omnium
2392 2342 2565 2397 salute
2591 2347 2870 2403 venturus,
2929 2346 2986 2393 et
3013 2338 3162 2393 nasci
3192 2335 3393 2401 debuit,

1818 2428 1899 2489 et'
1926 2450 2019 2503 per
2044 2434 2286 2509 ordinem
2321 2434 2441 2487 vita!
2489 2431 2663 2487 aetatis
2707 2432 3039 2487 incrementa
3082 2430 3390 2498 suscipere.

1819 2508 1883 2580 ut~
1906 2526 2064 2579 simul
2108 2508 2247 2579 utea
2276 2524 2499 2580 doceret
2538 2540 2657 2593 quas
2679 2522 2869 2578 facere
2887 2524 3048 2576 homo
3074 2520 3263 2591 possit,
3295 2534 3393 2574 nec

1816 2617 1930 2671 lieri
1964 2608 2284 2686 praeciperet
2310 2617 2453 2686 quod
2505 2620 2608 2671 non
2658 2617 2802 2687 prius
2848 2616 2963 2687 ipse
3000 2628 3094 2684 per
3117 2612 3386 2666 hominem

1810 2719 2145 2779 assumptum
2170 2707 2407 2763 fecisset.
3162 2692 3164 2696 ’

1883 2892 2151 2961 Quomodo
2172 2802 2509 2965 fragilitas;
2520 2799 2815 2948 ῗιῗῖιαξαιιι
2840 2893 2996 2947 euasit
3014 2907 3076 2947 ea;
3096 2890 3305 2963 Virgine
3398 2956 3399 2959 η

2511 2996 2684 3043 natus.

1879 3081 2080 3144 APOLL.
2123 3107 2203 3122 --
2231 3078 2349 3133 Fiat
2401 3078 2451 3132 si
2501 3078 2633 3134 libet
2679 3076 2918 3133 certandi
2975 3091 3041 3133 ex
3101 3076 3203 3131 hac
3246 3090 3381 3146 quo-

1808 3184 1909 3239 que
1964 3178 2113 3240 parte
2163 3170 2561 3239 compendium.
2631 3170 2819 3226 Nonne
2878 3170 2992 3225 hoc
3054 3169 3244 3227 saltem
3297 3168 3379 3223 in-

183 3262 382 3332 Αροιι..
414 3294 488 3304 --
516 3265 667 3321 Sicut
695 3282 760 3320 ea
780 3282 899 3336 quia
927 3267 1055 3320 velit
1086 3269 1253 3320 Deum
1295 3282 1480 3342 posse,
1506 3266 1705 3336 ambigi
1730 3258 1775 3319 C
1808 3260 2025 3329 dignum
2044 3258 2139 3315 fuit
2170 3254 2307 3315 intra
2340 3271 2551 3336 uterum
2582 3262 2870 3316 femineum
2922 3256 3265 3314 coalescere?
3286 3265 3381 3313 aut

126 3368 220 3408 non
259 3364 477 3423 potest;
523 3358 597 3411 ita
624 3373 745 3413 eum
783 3358 925 3413 nolle
958 3361 1228 3413 contraria
1261 3375 1320 3413 nc
1351 3373 1410 3414 se
1462 3360 1698 3429 indigna,

126 3445 460 3514 perspicuum
497 3469 510 3501 :
543 3458 706 3518 atque
739 3447 926 3503 ideo'si
961 3454 1261 3505 necessitas
1290 3468 1393 3505 non
1428 3453 1546 3517 fuit,
1579 3467 1698 3505 eum

124 3539 318 3594 ratione
343 3542 520 3595 edoce
564 3542 915 3597 voluntatem.

184 3630 381 3686 Zsccu.
406 3662 481 3673 -—
506 3632 619 3687 Hoc
643 3633 871 3701 primum
894 3637 1056 3688 menti
1086 3646 1192 3689 tua:
1211 3635 1386 3697 tradu,
1418 3648 1698 3703 qutecum-

125 3738 215 3791 que
235 3716 377 3780 idem
411 3726 552 3780 inter
583 3727 826 3782 homines
873 3729 1011 3780 Deus
1047 3727 1318 3788 ostendit,
1368 3726 1611 3794 suscepit
1636 3739 1697 3779 ac

129 3818 353 3881 pertulit,
410 3832 573 3871 causa
606 3828 691 3871 est
719 3800 798 3871 vel
832 3818 1078 3871 servandi
1132 3817 1352 3872 humani
1379 3821 1593 3889 generis
1614 3819 1694 3873 vel

128 3910 403 3975 separandi
434 3927 447 3961 :
474 3908 526 3962 in
558 3924 666 3979 quo
717 3912 787 3963 ita
823 3909 1077 3964 beneficia
1107 3927 1200 3964 sua
1226 3927 1345 3982 qua:
1374 3928 1401 3965 a
1432 3912 1695 3981 principio

127 3995 333 4055 dederat
359 4016 578 4071 semper
627 4001 838 4067 dilexit,
874 4011 928 4055 ut
956 4002 1072 4072 plus
1108 4004 1275 4079 venite
1308 4003 1587 4073 largiretur
1614 4004 1696 4058 in-

127 4088 274 4143 duitis
306 4101 330 4128 ⁸
359 4106 522 4161 quam
554 4090 847 4145 ultionibus
871 4092 993 4146 mali
1028 4082 1302 4162 pensaret.
1331 4092 1560 4163 Propter
1588 4095 1694 4149 lto-

130 4181 310 4234 minem
332 4182 601 4239 volumina
621 4182 915 4252 Scriptura:
938 4182 1135 4247 referta
1160 4183 1427 4254 exemplis
1451 4186 1695 4253 praeteri-

130 4278 329 4339 torum,
381 4284 440 4330 et
491 4270 869 4331 adhortatione
939 4278 1287 4345 praesentium
1323 4321 1337 4344 ,
1393 4278 1691 4335 futurorum

129 4366 371 4433 preterea
395 4383 494 4436 spe
525 4378 778 4437 metuque
806 4370 1075 4437 completa
1105 4381 1261 4433 sunt;
1294 4382 1351 4424 ut
1380 4370 1422 4424 si
1452 4372 1516 4423 ad
1548 4374 1695 4439 agni-

130 4459 311 4513 tionem
341 4460 618 4515 Creatoris
642 4453 706 4513 et
731 4460 935 4514 cultum
957 4500 971 4524 ,
1016 4475 1135 4535 quae
1171 4471 1253 4515 est
1288 4474 1496 4515 summa
1519 4460 1546 4499 δ
1575 4464 1693 4529 jus-

136 4548 270 4613 titiat,
295 4564 401 4631 non
434 4548 702 4606 illicerent
733 4552 995 4622 promissa
1024 4552 1220 4616 ﬁdelia,
1244 4554 1541 4631 denuntiati
1561 4570 1693 4609 exa-

1807 3349 2066 3405 credibile
2110 3362 2195 3406 est
2242 3365 2362 3405 eum
2410 3351 2736 3406 nasciturum
2792 3350 2914 3404 sine
2955 3349 3163 3403 semine
3210 3344 3380 3407 fuisse

1805 3451 2121 3511 conceptum
2152 3442 2174 3495 ?
2590 3446 2591 3449 ‘
2887 3460 2896 3467 ’
3288 3432 3295 3439 ’

1876 3534 2073 3588 ΖΑοοιι.
2097 3562 2167 3572 -
2195 3533 2319 3586 Dixi
2342 3532 2567 3596 dudum,
2598 3530 2897 3587 intellectus
2923 3528 3084 3585 ﬁdem
3113 3528 3376 3600 sequitur,

1803 3637 1901 3678 nec
1923 3624 2021 3678 ιιἰυί
2046 3637 2143 3692 per
2170 3622 2328 3677 tidem
2359 3636 2483 3692 quat
2506 3637 2565 3677 se
2602 3623 2794 3677 altiora
2818 3628 2943 3689 sunt
2975 3628 3030 3675 et
3059 3619 3167 3675 Deo
3192 3618 3373 3689 proxio

1800 3732 1907 3783 ma,
1937 3716 2165 3771 humana
2194 3731 2349 3771 mens
2380 3725 2405 3756 θ
2436 3714 2679 3786 percipit.
2732 3713 2790 3769 8i
2819 3714 2961 3769 enim
3012 3726 3081 3768 ex
3112 3727 3218 3767 non
3243 3710 3373 3767 sub.

1798 3809 2005 3880 si3tenti
2062 3810 2307 3875 materia,
2339 3810 2420 3863 vel
2447 3824 2512 3864 es
2541 3822 2899 3879 quacumque,
2955 3813 3015 3862 ut
3060 3805 3220 3875 paulo
3243 3812 3371 3861 suto

1798 3900 1997 3969 dixisti,
2032 3900 2175 3956 Deus
2200 3916 2321 3956 eum
2370 3901 2531 3956 vellet
2558 3911 2612 3954 et
2638 3899 2819 3965 facere
2858 3899 3127 3955 hominem
3150 3896 3323 3968 potuit
3352 3901 3373 3951 τ
3461 3927 3467 3933 -

1798 4007 1993 4062 nempe
2021 3992 2226 4047 facilius
2260 3991 2277 4030 ί
2310 3992 2379 4048 de
2409 3992 2719 4047 subsistenti
2770 4000 2947 4047 etsua
2967 4032 2981 4057 ,
3011 3998 3072 4045 ut
3099 3989 3230 4046 nihil
3260 3998 3368 4045 non

1797 4102 2005 4153 verum,
2036 4096 2088 4140 et
2118 4087 2312 4140 mirum
2363 4087 2531 4156 magis
2552 4093 2729 4153 esset,
2758 4096 2811 4140 et
2837 4084 3253 4155 permixtionem
3280 4098 3368 4140 see

1798 4180 1959 4233 minis
1994 4195 2095 4233 non
2128 4180 2367 4236 haberet.
2398 4180 2491 4233 Vel
2534 4180 2677 4250 quod
2705 4179 2901 4233 animal
2928 4189 3018 4233 aut
3040 4176 3365 4234 elementum

1797 4266 1909 4325 Deo
1936 4271 2150 4325 citerius
2179 4285 2340 4340 quam
2370 4270 2532 4325 homo
2560 4272 2682 4327 est?
2721 4269 2853 4338 Qua:
2902 4280 3064 4327 tanta
3092 4269 3367 4325 lbrmatio-z

1799 4368 1851 4417 ni
1882 4364 2122 4426 materia,
2152 4379 2308 4433 quam
2338 4374 2537 4419 sancite
2552 4362 2792 4434 Virginis
2809 4366 3006 4434 aptior,
3037 4342 3173 4418 intra
3203 4375 3364 4433 quam

1798 4455 2028 4525 Spiritus
2085 4456 2173 4511 Dei
2228 4458 2402 4511 electo
2454 4456 2861 4527 purissimorum
2914 4438 3183 4511 viscerum
3234 4454 3369 4509 ιιοτιι

1799 4562 1991 4617 corpus
2020 4548 2225 4601 effecit:
2258 4548 2311 4601 in
2339 4561 2444 4617 quo
2473 4546 2753 4602 Filius‘Dei
2782 4548 2922 4601 inter
2952 4547 3196 4601 homines
3222 4556 3360 4601 cottae

133 4628 540 4696 n-inisiormido
579 4643 993 4711 constringeret.
1034 4643 1168 4698 Cum
1218 4628 1331 4698 hate
1372 4645 1533 4714 igitur
1562 4660 1692 4699 con-
1722 4634 1768 4693 D
1798 4648 2042 4693 versatus
2062 4636 2532 4704 'bnbitaviHQde
2564 4652 2630 4693 ne
2660 4637 2974 4693 incredibile
2998 4633 3241 4693 videatur
3268 4643 3364 4707 ροιι

134 4728 298 4787 stitnta
314 4747 502 4800 parum
525 4732 847 4799 proficerent
878 4749 970 4801 per
1012 4734 1323 4803 progihetas,
1350 4734 1687 4804 prtesentiam

134 4820 205 4875 sui
229 4820 473 4880 Salvator
493 4822 737 4887 indulsit,
759 4835 812 4877 ut
840 4824 1028 4878 salutis
1044 4808 1243 4879 nostra:
1271 4841 1405 4895 opus
1418 4822 1711 4896 integrum‘

135 4927 241 4969 cum
268 4916 652 4985 pra-dicatione
707 4906 877 4970 virtus
932 4917 1199 4987 impleret,
1248 4933 1348 4973 nec
1400 4932 1615 4987 semper
1654 4932 1692 4971 a

136 5006 239 5062 solo
280 5008 499 5064 homine
549 5008 826 5079 castigatio
874 5008 1057 5063 venire
1108 5017 1386 5076 putaretur
1428 5025 1591 5064 :cum
1638 5010 1691 5065 in

137 5091 343 5163 Christo,
384 5108 444 5154 et
492 5098 734 5154 doctrina
782 5108 835 5153 et
882 5097 1094 5153 actibus
1131 5107 1188 5153 et
1227 5099 1399 5167 signis
1446 5100 1697 5155 divinitas

139 5184 612 5259 eluceret,nosque
644 5188 708 5243 ad
748 5188 1102 5243 imitationem
1131 5191 1351 5258 jnsutia:
1400 5206 1462 5244 ac
1501 5189 1701 5246 sancti-

141 5281 250 5335 tatis
275 5298 379 5367 non
412 5282 723 5354 vicoget‘et,
778 5282 874 5336 sed
924 5282 1261 5336 mirabilibus
1288 5282 1555 5336 invitaret.
1593 5282 1697 5337 Ita-

201 5426 224 5455 ³
248 5419 333 5476 Sic
356 5419 531 5476 codex
559 5420 743 5487 Vind.;
776 5422 828 5477 in
859 5421 1042 5487 editis,
1085 5438 1237 5490 quam
1264 5438 1355 5490 pro
1384 5414 1687 5485 ultimiibus,

145 5484 266 5542 haud
290 5490 356 5545 ita
381 5501 553 5546 recte.

201 5556 455 5629 *Optima
498 5560 621 5616 cod.
672 5561 833 5617 Vind.
865 5562 1021 5617 lectio
1051 5579 1063 5615 :
1092 5560 1142 5613 in
1182 5560 1405 5615 Letnov.
1458 5561 1687 5629 justitia,

144 5640 197 5704 πρ
219 5642 398 5704 uetera
427 5644 485 5687 ut
512 5633 563 5687 in
588 5631 750 5704 Vind.
778 5632 836 5686 ln
867 5633 1043 5695 editis,
1077 5633 1163 5697 qui
1188 5641 1259 5685 est
1306 5635 1687 5704 summmjusli-

148 5697 224 5767 tio,
249 5701 364 5767 alio,
397 5716 496 5759 nec
515 5705 652 5758 adeo
681 5703 878 5757 idoneo
906 5718 1088 5756 sensu.

206 5768 404 5842 {Foeda
432 5775 614 5839 lectio,
645 5788 765 5842 qua:
806 5787 994 5842 omnes
1022 5773 1234 5825 codices
1260 5771 1454 5824 insedit
1480 5789 1490 5822 :
1518 5771 1689 5826 liben-

151 5839 476 5914 “llegerem,
507 5839 679 5899 insuti
703 5843 907 5915 fragilis
935 5841 1195 5894 hominum
1229 5851 1435 5894 natura.

168 6080 327 6149 ,ἁλι

1792 4729 2046 4797 Spiritum
2080 4732 2169 4784 llei
2198 4728 2309 4783 ﬁeri
2342 4731 2595 4795 potuisse,
2650 4730 2861 4783 intuere
2887 4728 3015 4799 quid
3043 4728 3223 4782 mundi
3248 4728 3359 4795 spi-

1790 4823 1926 4876 ritus
1958 4824 2143 4891 possit,
2177 4823 2266 4891 qui
2312 4824 2495 4891 utique
2521 4839 2624 4876 non
2656 4822 2823 4884 Deus.
2857 4823 2951 4877 sed
2974 4832 3112 4877 unus
3143 4838 3208 4877 ex
3235 4836 3365 4891 ope—

1795 4914 1943 4967 ribus
1975 4914 2066 4967 Dei
2095 4923 2212 4978 est;
2259 4930 2421 4982 quam
2477 4915 2628 4989 facile
2683 4914 2999 4968 dissolutam
3052 4914 3367 4969 naturaliter

1799 5006 2019 5060 humum
2052 5007 2230 5076 rigore
2260 5008 2617 5077 constringat,
2649 5022 2814 5075 aquas
2844 5014 3015 5061 vertat
3036 5006 3090 5060 in
3117 5005 3363 5076 glaciem,

1796 5113 1863 5152 ex
1893 5099 2080 5151 iisdem
2126 5106 2179 5152 et
2205 5101 2382 5152 nivem
2413 5100 2638 5169 gignens
2662 5140 2674 5163 ,
2709 5112 2831 5167 quze
2877 5097 3085 5168 pondus
3126 5099 3357 5163 levitate,

1800 5194 2037 5246 colorem
2065 5194 2301 5248 (audere
2333 5203 2658 5258 commutet;
2680 5193 2817 5247 idem
2875 5192 3126 5263 crystalla
3154 5190 3365 5245 ﬂatibus

1801 5282 1978 5349 duret,
2014 5294 2216 5337 naturae
2246 5298 2358 5337 sum
2380 5300 2483 5339 non
2515 5293 2795 5353 receptura
2816 5280 3131 5335 mollitiem:
3162 5288 3215 5334 et
3243 5278 3371 5347 post

1865 5418 1889 5456 ἀ
1920 5421 1995 5475 ita
2026 5421 2076 5491 in
2108 5420 2288 5491 Vind,
2323 5421 2374 5474 in
2401 5421 2555 5476 editis
2580 5420 2874 5491 assumpsit.
2887 5414 3047 5491 iliaud‘
3096 5415 3164 5491 ita
3193 5414 3358 5491 multo

1795 5498 1916 5562 post
1948 5492 2009 5614 iiii.
2032 5487 2249 5546 Lemo‘v.
2276 5484 2371 5545 sed
2395 5500 2450 5545 ut
2474 5491 2609 5561 quod
2632 5484 2777 5555 esset,
2799 5488 2943 5555 vellet
2965 5484 3122 5538 videri
3138 5498 3158 5536 :
3175 5484 3359 5539 nescio

1795 5578 1861 5614 an
1886 5576 1970 5613 me
2001 5576 2100 5613 IIIS.

1795 5578 1861 5615 an
1886 5576 2100 5614 mettns.

1871 5640 1893 5667 θ
1923 5630 1978 5685 in
2010 5631 2112 5684 alio
2134 5632 2340 5695 codice,
2363 5631 2616 5698 perspicit.
2646 5627 2818 5683 minus
2840 5636 3015 5690 recte;
3041 5639 3162 5680 eum
3181 5638 3353 5694 neque

1798 5717 1893 5773 per
1918 5700 2073 5773 (idem
2108 5701 2218 5757 Deo
2249 5705 2485 5773 prtrtxinta
2516 5699 2937 5773 pe_rspiciantu_r._
2958 5764 2971 5773 _
3008 5706 3042 5720 ἰ
3203 5763 3215 5773 ⁸
3274 5756 3275 5759 η

1871 5771 1890 5809 ί
1921 5771 2008 5826 Sic
2034 5772 2084 5825 in
2108 5763 2266 5826 εεηιιιιῖ
2297 5766 2446 5825 Vind.
2475 5763 2532 5824 et"
2570 5763 2710 5821 [εἴη.
2741 5776 2794 5820 et
2846 5764 3060 5836 quidem
3096 5763 3307 5836 ,ιψιίιηο
3335 5783 3347 5819 :

1794 5844 1843 5895 in
1870 5842 2048 5907 editis,
2081 5842 2141 5895 de
2160 5843 2451 5895 subsistenli
2475 5857 2587 5904 sua,
2612 5849 2663 5890 nt
2709 5847 2751 5889 ct
2780 5833 2925 5887 nihil.
