3850 6264
333 364 486 433 *ατο

1620 360 1946 434 uacuas!
1981 323 2377 418 cuutsrtsut

338 484 458 540 have
481 484 593 541 Deo
612 468 954 556 impossibile
975 481 1142 539 fuisse
1171 479 1361 548 crede,
1395 479 1539 554 quod
1560 493 1686 537 esse
1715 477 1947 552 possibi-
1974 479 2024 542 Α
2049 448 2372 559 pertulerit,
2404 487 2461 534 et
2487 477 2748 551 qute'soll
2778 477 2894 534 Deo
2935 477 3216 551 possibilia
3237 519 3253 546 ,
3287 477 3497 549 verbo,
3525 492 3663 538 cum
3699 546 3717 559 ι

342 571 685 649 ΙθἿΜὸΙὶίςὶε
724 583 1012 634 creaturae.

967 667 1199 727 CAPUT
1236 667 1334 725 Xl.

497 765 770 834 Quomodo
794 779 887 838 per
919 771 1102 819 (states
1132 761 1362 818 diuersas
1388 759 1533 817 Deus
1564 759 1803 817 creverit.

419 860 628 918 Arcu.
654 889 727 902 -—
754 857 1005 916 Etiamne
1031 855 1307 927 Virginem
1335 853 1614 926 peperisse
1642 848 1952 910 testamini?

345 953 568 1012 Creatio
597 952 742 1011 enim
761 992 777 1019 ,
819 951 963 1008 sicut
987 950 1212 1019 asseris,
1239 957 1267 988 ιι
1297 965 1404 1006 non
1434 949 1506 1006 de
1548 944 1952 1018 riucorruptibili

356 1049 492 1117 Deo,
519 1047 616 1106 sed
641 1063 710 1104 ex
738 1045 967 1105 materia
992 1043 1339 1118 corruptibili
1389 1043 1606 1112 effecta,
1657 1056 1766 1116 quo
1794 1051 1954 1114 pacto
2001 1059 2006 1066 ί

351 1141 575 1198 modum
598 1139 836 1214 propria
878 1137 1191 1211 fragilitatis
1219 1136 1490 1194 excessit?

425 1234 627 1292 Zaccu.
660 1263 732 1276 --
758 1231 804 1289 0
827 1231 1020 1288 mundi
1051 1229 1318 1302 sapientia
1367 1229 1607 1285 divinum
1638 1228 1692 1286 in
1718 1237 1808 1286 tua
1831 1243 1956 1301 per-

349 1328 609 1386 suasione
629 1324 770 1382 nihil
793 1325 1068 1382 scntiens!
1109 1324 1205 1382 Dei
1235 1337 1406 1396 opere
1448 1323 1567 1380 lieri
1595 1323 1739 1380 intra
1770 1320 1954 1380 homi—

354 1437 482 1481 nem
512 1423 759 1492 omnium
780 1421 942 1476 audis
964 1419 1232 1488 salutem;
1265 1428 1324 1475 et
1350 1425 1475 1474 cum
1498 1419 1617 1474 sine
1645 1418 1957 1476 turbatione

352 1518 607 1591 corporis
626 1525 955 1590 conceptum
1005 1512 1278 1587 intelligas
1297 1555 1314 1585 ,
1344 1507 1552 1585 absque
1571 1514 1696 1586 eius
1720 1512 1959 1588 dissolu.

357 1606 512 1670 tione
540 1610 792 1683 prodisse
817 1624 926 1666 non
972 1607 1185 1667 credis!
1213 1607 1315 1666 Ubi
1354 1615 1602 1682 estergo
1629 1607 1958 1665 beneﬁcium

357 1716 455 1762 aut
502 1706 762 1779 potentia
792 1703 909 1774 Dei,
941 1704 987 1761 si
1020 1705 1277 1760 humana:
1331 1703 1611 1777 fragilitati
1639 1717 1795 1761 sacra
1825 1718 1961 1760 con-

353 1801 571 1874 iunctio
594 1815 798 1856 nomen
845 1809 1054 1879 tantum
1084 1798 1472 1868 communicat,
1511 1813 1620 1854 non
1652 1796 1960 1855 honorem?

2053 555 2324 638 voluerit,
2352 567 2546 627 electa
2584 571 2923 644 praestiterit.

2648 662 2883 723 CAPUT
2919 662 3078 722 Xlll.’

2056 755 2116 814 Si
2129 755 2363 814 Christus
2388 755 2524 814 alios
2547 758 3114 828 suscitauit,quomodo
3135 767 3298 817 morte
3327 776 3432 818 non
3461 760 3672 819 caruit.

2128 850 2330 909 Aron.
2361 864 2436 895 έ-
2469 851 2700 910 Memini
2750 851 2956 909 dudum
2997 863 3055 911 et
3088 855 3437 913 curationum
3481 852 3675 912 varie-

2057 955 2196 1004 tates
2213 956 2231 1015 ,
2254 955 2313 1004 et
2337 954 2678 1004 mortuorum
2700 948 3092 1006 suscitationes
3115 947 3288 1007 fuisse
3310 949 3587 1019 prolatas;
3605 948 3672 1006 in

2056 1040 2255 1115 quibus
2283 1051 2464 1099 tamen
2483 1041 2781 1115 specialem
2804 1042 3008 1101 Christi
3039 1044 3460 1102 admirationem
3488 1041 3675 1102 fuisse

2059 1152 2170 1196 non
2191 1136 2356 1195 video
2381 1136 2713 1210 :‘siquidem
2759 1152 2887 1194 enm
2923 1147 2985 1195 et
3016 1139 3312 1211 peritiores
3339 1140 3481 1212 magi
3514 1154 3675 1196 more

2060 1239 2187 1289 tuos
2198 1223 2553 1301 suscitent,et
2574 1217 2774 1289 medici
2792 1231 3061 1288 universis
3081 1230 3464 1290 debilitatibus
3479 1246 3679 1292 remeo

2058 1325 2146 1382 dia
2168 1327 2494 1400 largiantur.

2133 1420 2339 1478 Zaccu.
2368 1449 2441 1464 --
2466 1418 2581 1479 Nec
2623 1436 2714 1477 me
2759 1421 3004 1492 praeterit
3051 1420 3278 1494 magicis
3319 1419 3678 1480 carminibus

2062 1529 2172 1571 non
2206 1522 2586 1583 mortuorum,
2631 1513 2730 1571 sed
2769 1513 3083 1572 daemonum
3128 1514 3355 1590 spiritus
3395 1515 3673 1584 evocari,

2063 1605 2397 1681 eosdemque
2419 1621 2516 1679 per
2543 1605 2890 1676 phantasiam
2920 1608 3202 1680 paulisper
3227 1607 3493 1665 simulare
3518 1607 3677 1682 quod

2065 1713 2175 1756 non
2220 1708 2348 1756 sunt
2381 1717 2396 1755 :
2427 1699 2807 1758 conditionem
2846 1709 3113 1774 praeterea
3158 1701 3366 1758 addere
3406 1699 3675 1772 falsitati,

2065 1804 2130 1851 ut
2152 1805 2246 1850 aut
2269 1802 2383 1852 non
2406 1794 2513 1852 visi
2549 1794 2954 1866 respondeant,
2981 1805 3104 1866 aut,
3131 1797 3178 1852 si
3208 1795 3497 1863 videntur,
3524 1796 3679 1855 obti-

357 1893 442 1952 Tu
473 1892 752 1952 Christum
800 1907 872 1950 ex
922 1891 1028 1950 hoc
1063 1892 1154 1949 vel
1204 1893 1442 1951 maxime
1497 1892 1664 1952 Deum
1698 1907 1824 1951 esse
1851 1911 1958 1963 non
1991 1893 2038 1955 B
2066 1897 2226 1946 ceant
2256 1906 2272 1946 :
2328 1897 2390 1945 ut
2431 1887 2862 1972 imprudentium
2895 1898 3036 1946 vota
3087 1889 3288 1948 debilia
3348 1889 3683 1948 umbrarum

354 1984 564 2057 credis,
594 1987 721 2059 quia
752 1995 949 2043 contra
969 1985 1423 2042 consuetudinem
1463 1986 1732 2049 ,humante
1770 1987 1971 2046 nativi-

364 2080 493 2138 tatis
523 2090 687 2147 natus
712 2079 1042 2152 praedicatur
1061 2095 1132 2138 ex
1160 2079 1405 2153 Virgine.
1457 2080 1527 2138 At
1549 2096 1654 2155 ego
1690 2081 1818 2141 hinc
1833 2098 1967 2150 eum

358 2173 536 2248 magis
566 2174 832 2232 transisse
857 2173 913 2231 in
937 2173 1031 2231 Dei
1076 2173 1306 2247 gloriam
1349 2174 1540 2244 credo,
1588 2177 1734 2250 quod
1772 2179 1967 2237 condi-

363 2268 502 2325 tioni
545 2276 748 2325 nostra:
793 2268 960 2327 etiam
1009 2267 1310 2338 secundum
1353 2267 1631 2328 hominem
1688 2272 1741 2329 in
1786 2273 1971 2347 aliquo

358 2361 775 2431 dissimilis,~et
798 2361 1062 2420 nascendi
1103 2362 1357 2420 ordinem
1390 2361 1655 2421 decenter
1699 2365 1966 2438 implevit,

358 2465 418 2512 et
447 2453 684 2511 materni
703 2453 952 2526 corporis
1004 2446 1374 2528 integritatem
1405 2456 1684 2513 nascentis
1723 2455 1971 2532 [Atinas-

359 2545 546 2622 eendi]
565 2548 897 2605 necessitate
909 2562 1018 2605 non
1050 2549 1295 2605 violavit.
1325 2547 1558 2619 Dubium
1579 2565 1716 2624 ergo
1736 2566 1845 2609 non
1862 2561 1968 2623 est,

358 2654 486 2697 cum
501 2640 576 2697 sit
591 2641 799 2697 creatio
810 2640 1094 2714 de‘spiritu
1111 2631 1538 2713 incorruptibilis
1556 2642 1673 2713 Dei,
1687 2645 1972 2718 incorrup-

357 2735 570 2795 tibilem
607 2737 773 2794 etiam
804 2737 1102 2796 editionem
1150 2736 1348 2809 fuisse;
1381 2751 1440 2800 et
1465 2739 1612 2813 quod
1635 2749 1756 2798 erat
1779 2736 1973 2814 fragile

361 2827 629 2897 hominis,
656 2827 961 2889 divinitatis
1003 2831 1185 2904 potius
1218 2833 1423 2892 virtute
1451 2842 1754 2904 serratum,
1807 2849 1971 2908 quam

363 2919 418 2978 id
447 2921 595 2996 quod
621 2932 741 2980 erat
787 2923 909 2992 Dei,
933 2923 1235 2997 fragilitate
1280 2926 1518 2984 hominis
1565 2927 1932 2986 imminutum.

975 3016 1208 3078 CAPUT
1246 3020 1366 3077 XII.

861 3110 937 3168 De
959 3109 1239 3168 uirtutibus
1263 3111 1481 3170 Christi.
1639 3173 1642 3175 Α
1796 3172 1799 3174 ,

435 3202 637 3262 Ανοιι..
667 3232 740 3246 --
772 3203 924 3262 Pone
944 3248 962 3275 ,
993 3213 1055 3261 ut
1080 3205 1158 3262 ita
1187 3221 1249 3263 se
1274 3205 1480 3264 Christi
1503 3207 1769 3267 divinitas
1795 3221 1850 3269 et
1877 3226 1976 3268 na-

2071 1981 2265 2039 illudat
2288 1980 2521 2055 efﬁgies.
2557 1980 2953 2040 Defunctorum
2985 1993 3170 2042 autem
3197 1985 3394 2042 animae
3417 1984 3684 2044 resolutis

2070 2076 2399 2149 corporibus
2429 2076 2498 2133 ad
2547 2076 2709 2133 sedes
2755 2076 2972 2135 debitas
3016 2078 3414 2151 perducuntur,
3461 2091 3532 2136 ac
3576 2092 3685 2151 pro

2071 2171 2288 2229 meritis
2309 2185 2487 2243 usque
2512 2169 2579 2227 ad
2607 2167 2776 2227 futuri
2793 2170 2986 2242 iudicii
3009 2172 3155 2228 diem
3177 2171 3268 2230 vel
3299 2171 3354 2228 in
3381 2171 3522 2230 locis
3548 2172 3686 2229 bea—

2072 2277 2260 2325 torum
2306 2274 2609 2335 morantur,
2654 2275 2709 2324 et
2749 2265 3013 2337 subiectae
3048 2281 3334 2341 magorum
3367 2265 3684 2324 invocatio-

2074 2362 2235 2421 nibus
2263 2378 2376 2420 non
2421 2371 2580 2431 sunt,
2614 2371 2710 2418 aut
2754 2361 3081 2436 quibusdam
3111 2364 3314 2422 clausa)
3357 2361 3688 2421 carceribus

2072 2459 2265 2515 venire
2304 2458 2378 2516 ad
2423 2471 2664 2527 superna
2701 2457 3074 2528 prohibentur
3104 2475 3119 2512 :
3151 2458 3229 2515 ita
3278 2455 3338 2513 tit
3375 2466 3435 2513 ut
3473 2453 3688 2540 iisdem

2076 2553 2267 2611 venire
2287 2553 2376 2610 vel
2399 2551 2830 2624 dedignantibus
2853 2594 2867 2617 ,
2900 2551 2989 2610 vel
3011 2552 3243 2609 retentis
3264 2595 3281 2621 ,
3313 2565 3510 2608 eorum
3527 2550 3693 2608 simi-

2074 2645 2363 2705 litudinem
2417 2643 2700 2702 daemones
2747 2643 2998 2716 ﬁngant,
3050 2653 3109 2701 ut
3147 2654 3202 2702 et
3236 2643 3472 2702 fallaciae
3514 2658 3692 2718 quam

2075 2725 2554 2812 diligunthsemper
2577 2739 2864 2807 intersint,
2895 2748 2952 2796 et
2993 2738 3288 2795 credentes
3316 2737 3518 2794 talibus
3561 2736 3691 2795 veri

2077 2834 2383 2893 imitatione
2405 2816 2758 2891 frustrentur.
2784 2834 3124 2898 Medicorum
3145 2847 3278 2890 vero
3298 2831 3532 2890 medelas
3546 2831 3697 2888 mulo

2077 2926 2471 3003 tisbrrbarum
2493 2928 2930 2985 confectionibus
2953 2943 3053 2985 nec
3075 2928 3261 2983 statim
3285 2941 3395 2984 nec
3419 2924 3694 2984 omnibus

2077 3026 2344 3091 prosunt;
2375 3029 2431 3078 et
2470 3020 2521 3076 si
2546 3019 2766 3092 quando
2793 3020 2959 3077 altior
2983 3022 3148 3094 aegris
3175 3020 3402 3077 morbus
3436 3018 3696 3076 inoleve-

2079 3113 2194 3182 rit,
2222 3123 2316 3171 aut
2342 3113 2454 3186 igni
2477 3115 2689 3171 viscera
2707 3123 2904 3170 exusta
2931 3121 3233 3182 torrentur,
3257 3121 3354 3170 aut
3382 3111 3532 3170 ferro
3557 3127 3696 3185 per-

2079 3208 2254 3265 nicies
2298 3206 2516 3265 occulta
2544 3216 2871 3265 resecatur:
2903 3207 3041 3264 nihil
3069 3207 3125 3263 in
3159 3207 3466 3264 remedium
3506 3205 3696 3281 impe-

366 3301 552 3358 tivitas
575 3299 944 3371 habeat,'quia
972 3313 1197 3375 propter
1217 3301 1392 3360 Deum
1413 3317 1579 3376 quem
1600 3305 1806 3362 rationi
1828 3322 1975 3364 sem-
2000 3293 2049 3360 C
2078 3301 2165 3360 rio
2188 3302 2389 3374 agitur,
2435 3301 2574 3358 nihil
2620 3301 2745 3359 solo
2772 3315 3030 3359 sermone
3069 3287 3376 3372 perﬁcitur.
3421 3300 3493 3358 Et
3529 3312 3694 3359 certe

363 3409 466 3468 per
493 3395 776 3456 immisces
799 3435 816 3462 ,
857 3395 1022 3452 etiam
1053 3394 1336 3469 Virginem
1373 3411 1573 3470 parere
1601 3400 1848 3472 potuisse
1879 3402 1974 3474 iu-

361 3487 659 3546 dicandum
685 3499 806 3555 est;
839 3488 973 3561 quid
1000 3490 1266 3546 momenti
1295 3489 1396 3548 fuit
1423 3490 1690 3550 infantem
1728 3493 1784 3550 in
1814 3494 1974 3551 cunis

364 3584 584 3657 vagisse
608 3627 624 3652 ,
657 3581 862 3655 deinde
888 3585 945 3640 iu
989 3584 1188 3656 puerili
1228 3584 1549 3665 ignorantia
1587 3598 1928 3646 remoratum
1954 3634 1971 3657 ,

364 3687 462 3735 aut
488 3676 764 3734 lubricum
790 3676 1178 3738 adolescentia
1205 3686 1424 3753 tempus
1461 3681 1625 3737 annis
1652 3695 1763 3739 non
1791 3690 1976 3739 trans-

363 3771 478 3830 isse
513 3770 854 3844 majoribus,
885 3769 914 3811 δ
946 3771 1040 3830 ubi
1073 3774 1447 3841 possibilitate
1484 3775 1672 3834 divina
1723 3767 1916 3834 statim"
1941 3792 1974 3834 a

365 3866 627 3924 ﬁrmitate
655 3864 802 3922 virili
831 3881 957 3938 qua:
988 3852 1108 3924 erat
1134 3872 1395 3940 gesturus
1425 3870 1730 3943 inciperet?

435 3961 641 4022 Zaccu.
670 3995 746 4009 --
770 3964 851 4021 Ex
871 3963 978 4020 hoc
1017 3960 1119 4019 tibi
1142 3962 1273 4020 vita)
1313 3963 1490 4036 ipsius
1529 3967 1672 4021 ratio
1715 3967 1972 4039 adiuncta

365 4047 1002 4114 divinitatis-voluntate
1051 4054 1381 4127 respondit,
1433 4063 1494 4113 ut
1537 4058 1630 4129 qui
1678 4058 1970 4116 convales-

364 4149 544 4206 centis
572 4150 712 4206 uteri
732 4163 919 4206 moras
940 4147 1174 4214 tulerat,
1201 4157 1454 4220 tempore
1476 4161 1725 4208 servaret
1749 4153 1970 4208 aetatis:

365 4256 471 4300 nec
495 4241 889 4317 dedignaretur
913 4252 975 4301 ut
994 4243 1164 4299 homo
1188 4244 1376 4301 vivere
1396 4287 1412 4311 ,
1441 4245 1536 4317 qui
1562 4246 1822 4317 dignatus
1847 4246 1971 4305 fue-

363 4342 450 4392 rat
472 4334 550 4393 ita
579 4338 750 4394 nasci.
793 4336 1026 4405 Quando
1077 4335 1227 4393 enim
1270 4351 1464 4394 verum
1512 4339 1760 4397 induisse
1789 4339 1975 4398 homi-

361 4441 490 4484 nem
519 4427 864 4497 crederetur,
900 4438 922 4468 °
963 4428 1010 4484 si
1059 4428 1163 4483 hos
1208 4429 1332 4484 vitta
1361 4429 1566 4502 gradus
1612 4439 1972 4490 transcucuro

365 4520 567 4578 rissetf
595 4520 704 4578 Sed
735 4520 874 4599 forte
895 4534 1164 4590 spernere
1186 4521 1391 4593 aliquid
1412 4520 1485 4578 de
1503 4522 1729 4582 homine
1753 4523 1966 4596 debuit,

360 4614 456 4688 qui
482 4611 553 4694 ad
579 4612 925 4671 edocendam
956 4611 1330 4671 humilitatem
1358 4623 1416 4670 ct
1440 4615 1759 4686 patientiam
1783 4620 1970 4676 venie-

2076 3395 2237 3453 fateri
2272 3410 2471 3459 omnes
2497 3409 2792 3466 possumus
2816 3394 3086 3468 derogare
3113 3393 3448 3451 medicinam
3493 3408 3569 3452 ex
3622 3411 3693 3452 co

2073 3484 2225 3562 quod
2252 3489 2327 3545 sit
2355 3490 2410 3545 in
2439 3489 2662 3546 homine
2683 3533 2701 3559 ,
2733 3503 2935 3561 posse;
2964 3487 3168 3545 addere
3201 3501 3313 3545 non
3351 3501 3516 3560 passo
3533 3487 3694 3560 quod

2075 3598 2186 3640 non
2217 3582 2326 3650 sit,
2367 3597 2492 3656 quae
2531 3582 2736 3640 Christi
2777 3597 3012 3656 operum
3040 3590 3234 3640 contra
3264 3583 3545 3655 reputatio
3573 3592 3692 3641 est.

2072 3674 2265 3732 Caecus
2302 3678 2566 3733 materias
2596 3675 2867 3748 luminum
2897 3678 2969 3733 ab
2999 3675 3164 3734 initio
3194 3692 3302 3734 non
3335 3677 3550 3735 habens
3574 3718 3592 3748 ,
3611 3687 3696 3736 -et

2074 3783 2248 3826 vacua
2274 3769 2565 3827 oculon
2595 3773 2718 3828 loca
2757 3771 3040 3841 praebens,
3073 3773 3207 3829 limo
3243 3773 3413 3830 illitus
3433 3813 3452 3840 ,
3480 3787 3692 3846 quern-

2075 3859 2371 3918 admodum
2417 3871 2535 3920 erat
2566 3865 2801 3935 primum
2850 3867 3017 3921 homo
3055 3864 3272 3932 factus,
3303 3867 3484 3924 visum
3527 3881 3693 3927 rece-

2075 3957 2157 4027 pit
2186 3973 2201 4013 :
2233 3969 2487 4028 gressum
2512 3957 2770 4014 nesciens
2791 3957 3017 4030 iubetur
3049 3959 3303 4016 incedere
3334 3977 3350 4014 :
3385 3959 3605 4018 solutus
3633 3961 3690 4018 in

2077 4051 2310 4109 muliere
2351 4066 2616 4109 venarum
2656 4053 2883 4125 sanguis
2907 4097 2923 4124 ,
2971 4053 3120 4110 dicto
3148 4053 3362 4111 sistitur
3393 4072 3409 4110 :
3445 4056 3691 4128 imperio

2062 4146 2225 4201 auris
2239 4143 2513 4202 solidatur
2532 4146 2776 4202 abscissa
2799 4167 2815 4202 :
2833 4161 2934 4204 nec
2950 4146 3317 4205 medicamine
3340 4147 3483 4220 fugit
3500 4147 3686 4222 lepra,

2063 4237 2176 4296 sed
2201 4237 2390 4297 verbo.
2419 4239 2536 4296 iiuc
2567 4239 2897 4298 tabefactum
2923 4240 3200 4313 sepulcris
3217 4243 3454 4299 cadaver
3477 4251 3537 4300 et
3561 4259 3687 4316 pro-

2072 4333 2196 4392 dire
2232 4335 2481 4406 iubetur,
2523 4345 2582 4392 et
2627 4336 2851 4404 vivere;
2890 4351 2996 4395 nec
3040 4337 3280 4394 subitam
3329 4340 3688 4410 praesentiam

2073 4431 2426 4488 cernentibus
2457 4439 2717 4503 praestat,
2767 4431 2866 4490 sed
2905 4432 3122 4489 cunctis
3151 4433 3438 4490 hominum
3467 4434 3689 4492 actibus

2074 4524 2308 4582 interest
2331 4568 2349 4593 ,
2376 4535 2542 4598 atque
2563 4541 2740 4583 annos
2763 4527 3008 4584 victurus
3031 4528 3298 4586 exsultat:
3318 4528 3458 4600 Quis
3476 4540 3690 4603 preter

2073 4617 2247 4676 Deum
2297 4620 2538 4691 quinque
2584 4620 2814 4689 panibus
2863 4629 3074 4678 tantum
3117 4631 3142 4660 ο
3187 4621 3348 4695 plura
3389 4623 3683 4682 boiuum

362 4711 477 4768 bat.
510 4709 749 4778 Quanto
802 4707 1109 4766 modestius
1165 4708 1220 4765 in
1265 4723 1327 4766 se
1359 4709 1534 4766 Deum
1579 4721 1638 4770 et
1686 4712 1967 4770 hominem
1995 4704 2052 4766 Ι)
2078 4710 2245 4766 millia
2288 4725 2518 4783 pascere
2563 4713 2862 4784 itapotuit
2899 4723 2960 4771 ut
3002 4715 3489 4785 saturaret‘i-Quis
3531 4733 3687 4776 mare

353 4804 605 4877 probans
623 4812 682 4860 et
702 4803 846 4862 mira
875 4798 902 4840 δ
928 4803 1170 4874 praetulit
1192 4847 1207 4872 ,
1241 4813 1300 4860 et
1326 4801 1544 4860 infirma
1577 4821 1688 4862 non
1719 4806 1968 4878 respuit!

359 4896 494 4954 inde
535 4898 593 4954 in
625 4911 868 4954 ntmrore
894 4895 1176 4965 doluisse,
1210 4895 1490 4961 dormisse
1519 4897 1575 4953 in
1606 4899 1965 4968 lassitudine,

360 4991 416 5047 in
453 4988 637 5047 inedia
685 5003 840 5046 esum
891 4988 1272 5056 desiderasse.
1326 4990 1546 5046 flevisse
1591 4992 1645 5046 in
1676 4990 1866 5060 luctu,
1913 5005 1969 5050 et

356 5083 637 5153 gemuisse
672 5081 730 5138 in
775 5089 953 5146 morte
980 5080 1381 5152 perscribitur;
1411 5094 1473 5138 ut
1514 5098 1639 5138 cum
1670 5083 1842 5140 Deum
1873 5101 1969 5141 vc-

357 5191 480 5231 rum
501 5190 626 5247 qute
644 5175 898 5246 superius
924 5172 1325 5245 comprehensa
1355 5183 1484 5231 sunt
1507 5176 1765 5234 sublimia
1791 5193 1962 5250 opera

355 5265 838 5334 demonstrarent,
864 5281 1071 5332 verum
1113 5265 1393 5323 hominem
1424 5267 1628 5325 flebilia
1670 5269 1965 5341 loqueren-

357 5354 636 5431 tur.'Cum
677 5367 737 5417 et
761 5374 883 5432 qua:
929 5359 1093 5418 nobis
1154 5369 1282 5416 sunt
1318 5363 1541 5434 propria
1610 5362 1965 5433 suscipiendo

428 5575 456 5604 ἰ
485 5565 823 5642 Ρωζιῇςμιαω,
869 5568 1174 5642 negationis
1229 5582 1354 5639 qua:
1378 5567 1612 5624 omnino
1641 5569 1954 5626 necessaria

350 5648 493 5703 erat,
523 5638 836 5696 addidimus
858 5657 891 5698 e
919 5638 1040 5697 cod.
1073 5641 1297 5697 Lemov.

383 5779 392 5786 _
424 5708 450 5747 δ
478 5709 572 5765 Sic
599 5711 966 5786 codexﬁiiud.
992 5729 1007 5779 ;
1050 5712 1104 5769 in
1133 5713 1305 5781 priori
1332 5712 1574 5771 editione
1595 5755 1608 5781 ,
1643 5721 1698 5767 ut
1728 5712 1953 5783 possibi-

355 5780 548 5853 litate_,_
568 5782 750 5836 minus
789 5783 989 5853 idoneo
1017 5780 1203 5839 sensit.

432 5860 454 5887 ο
475 5848 585 5927 ilic
599 5865 829 5927 quoque
856 5850 1110 5927 codicem
1143 5855 1305 5927 Vind.
1344 5855 1657 5927 sequimur;
1690 5873 1825 5915 nam
1844 5874 1949 5917 an-

359 5923 448 5974 tea
475 5919 780 5989 legebatur,
813 5925 915 5978 nisi
942 5924 1078 5990 ltus;
1112 5926 1259 5984 {mdo
1296 5919 1486 5984 errore
1513 5970 1527 5993 ,
1558 5919 1653 5998 qui
1694 5931 1824 5986 inde
1858 5947 1948 5987 or-

2074 4803 2307 4876 pedihus
2353 4803 2600 4878 ingredi,
2637 4809 3070 4869 etimmensum
3116 4809 3458 4868 ambulando
3503 4811 3684 4870 libere

2071 4897 2306 4953 caicavit
2335 4898 2700 4966 elementum,
2733 4909 2793 4956 ut
2831 4901 3224 4960 famulantibus
3262 4906 3372 4961 vite
3413 4903 3681 4965 ﬂuctibus

2075 4988 2269 5062 ﬁgeret
2311 4991 2469 5048 ﬁrma
2502 4994 2770 5066 vestigia?
2799 4993 2934 5062 Quis
2981 4996 3161 5053 ventis
3196 4996 3434 5067 iubere,
3474 5006 3538 5056 et
3579 5013 3684 5057 stn-

2071 5084 2286 5141 vientes
2315 5085 2370 5140 in
2411 5095 2794 5154 tempestatem
2827 5089 3104 5160 procellas
3134 5105 3397 5149 sermone
3422 5106 3684 5165 capes-

2067 5178 2239 5235 cere?
2263 5177 2403 5248 Quis
2427 5181 2497 5237 de
2540 5197 2684 5253 aqua
2711 5183 2899 5239 viuum
2929 5183 3112 5242 facere
3131 5230 3148 5255 ,
3179 5192 3238 5243 et
3277 5199 3348 5243 ex
3391 5187 3592 5246 eadem
3619 5188 3680 5247 in

2068 5274 2317 5332 eamdem
2345 5286 2538 5333 natura
2560 5279 2684 5337 sine
2701 5280 2987 5338 intellectu
3005 5280 3400 5341 demutationis
3422 5284 3678 5344 melioris

2069 5370 2272 5443 speciei
2321 5380 2589 5442 praestare
2637 5374 2980 5446 profectum?
3007 5374 3146 5446 Quae
3179 5373 3441 5436 Christus
3476 5376 3536 5436 in
3575 5377 3680 5436 Iso-

2061 5579 2150 5629 tus
2177 5580 2266 5631 est
2286 5615 2301 5640 ,
2332 5572 2480 5645 quod
2528 5573 2791 5631 librarius
2829 5575 2983 5633 verbi
3029 5541 3404 5636 transcurrere
3425 5579 3684 5642 intellec-

2059 5652 2180 5700 tum
2209 5654 2498 5702 assecutus
2527 5661 2636 5701 non
2663 5655 2804 5703 erat.

3403 5727 3678 5806 NW3.

2127 5715 2155 5756 α
2187 5718 2262 5772 ita
2286 5718 2340 5772 in
2366 5717 2532 5774 codd.
2565 5718 2730 5778 Vind.
2753 5729 2811 5776 et
2843 5717 2905 5778 S.
2933 5718 3108 5789 Arn.;
3140 5721 3198 5780 in
3235 5733 3388 5782 textu

2057 5789 2502 5878 male‘zgutroque
2532 5791 2675 5878 haud
2704 5793 3095 5878 paulodmelius
3124 5806 3277 5854 esset
3299 5839 3330 5878 η
3347 5789 3604 5878 protulit.

2053 5861 2288 6003 Pigra:
2307 5861 2485 5921 codex
2537 5861 2733 5920 VindJ.
2779 5864 2984 5925 rectius
3024 5880 3193 5940 quam
3239 5861 3403 5942 prior
3429 5871 3672 5948 editio,

3565 6157 3654 6169 LA
