3850 6264
167 281 284 340 1081

1371 283 2004 344 CONSULTA'I‘IONUM
2045 286 2174 345 UB.
2208 288 2248 345 l.

3320 219 3480 352 mp}
3527 300 3530 303 .

163 396 296 480 mine
315 410 493 478 gens
520 406 589 456 ut
631 413 694 457 se
720 412 778 458 et
808 399 980 457 Deum
1011 399 1311 473 ‘probaret,
1346 401 1536 459 multis
1569 401 1764 459 viden-
1788 404 1844 469 Α
1869 417 2002 459 nare
2023 403 2285 476 principia
2312 445 2328 468 .
2355 413 2411 461 et
2436 419 2596 477 quem
2621 406 2753 463 mali
2778 405 3008 479 gradum
3041 407 3202 478 primi
3226 407 3470 466 hominis

163 473 291 549 tibus
319 473 486 549 fecit.
535 491 736 567 Itaque
774 493 820 550 si
871 492 1013 552 echo
1055 495 1338 568 loquenti,
1378 505 1473 552 aut
1518 495 1763 554 fontibus

162 599 336 660 apum
361 631 377 657 ,
407 587 504 645 vel
528 603 676 645 vero
702 588 897 646 lumini
925 589 1121 647 umbra
1145 590 1477 664 comquanda
1509 600 1622 659 est;
1653 605 1761 648 non

164 682 366 756 indigna
427 685 864 756 comparatione
905 685 1214 759 junguntur
1259 701 1430 759 opera
1481 687 1760 744 hominum

162 777 440 836 virtutibus
471 778 579 837 Dei
617 799 632 836 τ
663 795 791 841 cum
833 780 954 850 hic,
987 783 1106 839 haec
1133 791 1344 839 tantum
1389 783 1762 840 remediorum
1795 795 1805 808 ν·

161 887 299 930 tuera
326 873 439 944 sit,
472 881 539 931 ut
565 876 840 947 prodesse
873 876 1202 950 iubeantur;
1239 875 1352 954 illic
1392 876 1636 948 praestita
1668 891 1766 948 per

163 963 390 1024 laborem
420 969 589 1040 prius
617 983 759 1042 pene
782 985 944 1042 quam
976 971 1311 1040 sentiantur,
1335 979 1688 1028 evanescant.

751 1061 983 1123 CAPUT
1024 1063 1167 1122 XIV.

257 1155 362 1225 Qui
385 1156 459 1212 sit
480 1156 740 1214 diabolus
757 1199 775 1225 ,
804 1159 886 1214 uel
911 1159 1054 1231 quod
1082 1167 1354 1231 peccatum
1372 1159 1619 1216 hominis.

220 1249 424 1310 Arcu.
449 1281 528 1292 —
560 1250 626 1310 Si
651 1251 917 1323 prmdicta
949 1253 1248 1322 miracula,
1280 1262 1339 1310 ut
1360 1254 1511 1310 credi
1539 1252 1760 1322 studes,

162 1358 375 1402 manens
408 1345 468 1402 in
500 1345 740 1403 homine
768 1346 915 1403 Deus
957 1347 1214 1419 prmstitit
1236 1390 1250 1416 ε
1287 1347 1554 1418 numquid
1591 1347 1766 1404 sttsci-

163 1453 282 1510 pere
306 1450 363 1496 et
390 1439 522 1512 'pati
555 1455 782 1497 crucem
818 1440 1034 1498 voluit?
1075 1450 1171 1498 aut
1209 1456 1376 1511 quam
1425 1441 1498 1497 oh
1544 1456 1766 1497 causam

161 1542 444 1602 erepturus
465 1549 498 1590 ιι
519 1546 707 1593 morte
721 1534 884 1604 alios,
903 1544 1083 1592 morte
1107 1552 1214 1592 non
1231 1535 1445 1593 caruit?
1467 1535 1552 1592 vel
1576 1551 1765 1606 quem-

163 1624 444 1684 admodum
500 1628 635 1686 aliis
693 1629 976 1702 proderit,
1034 1631 1128 1703 qui
1185 1631 1288 1687 sibi
1337 1627 1600 1701 prodesse
1655 1645 1764 1686 non

163 1718 361 1793 potuit?
386 1735 522 1778 cum
547 1723 604 1779 in
636 1723 742 1779 hoc
770 1723 944 1796 magis
973 1723 1136 1781 iidem
1161 1722 1232 1780 de
1256 1738 1318 1782 se
1357 1723 1767 1795 amhigcntibus

1865 483 2230 569 transgressio
2259 497 2486 564 fecerit,
2520 499 2760 572 simplici
2790 502 3109 559 narratione
3139 510 3466 571 contexere;

1866 583 1924 645 ut
1944 591 2036 663 qui
2064 593 2273 663 peccati
2299 600 2508 649 tantum
2530 607 2726 651 causas
2748 594 2937 651 audire
2959 593 3244 654 desideras
3260 596 3467 663 ,‘etiam

1865 684 2186 745 Creatorem
2220 687 2440 744 humani
2474 689 2695 760 generis
2736 691 2970 761 propius
3010 705 3298 764 agnoscas.
3330 684 3470 748 Cum

1865 780 2012 836 enim
2049 780 2190 838 Deus
2219 781 2401 838 omnia
2450 782 2679 849 iecisset.
2717 798 2785 840 ex
2834 781 3012 839 nihilo
3037 825 3052 851 ,
3101 783 3470 841 habitatorem

1867 872 2059 930 mundi
2089 875 2366 932 hominem
2417 875 2575 933 ﬁnxit
2620 890 2690 934 ex
2734 875 2896 943 limo,
2931 875 3163 949 rudique
3198 877 3381 934 adhuc
3418 885 3476 936 et

1867 969 2126 1026 exanimo
2155 970 2374 1043 corpori
2419 970 2672 1041 Spiritum
2715 986 3053 1044 sensumque
3093 970 3317 1044 largitus
3346 980 3472 1040 est;

1867 1062 2125 1135 Spiritum
2189 1081 2300 1136 quo
2348 1079 2696 1121 communem
2755 1066 3033 1137 carpimus
3085 1078 3313 1135 aerem,
3361 1077 3476 1136 quo

1869 1159 2116 1216 membra
2145 1159 2538 1230 provehimus;
2570 1173 2794 1216 sensum
2823 1175 2934 1230 quo
2962 1173 2995 1214 a
3021 1157 3240 1216 caeteris
3263 1161 3477 1215 anima-

1868 1251 2014 1309 libus
2037 1253 2420 1324 discrepamus
2443 1272 2456 1309 :
2481 1262 2595 1311 tum
2622 1253 2844 1311 vivendi
2877 1238 3157 1326 proprium
3182 1252 3474 1310 arbitrium

1868 1344 2117 1413 addidit,
2148 1346 2385 1403 liberum
2420 1347 2474 1401 in
2506 1349 2691 1404 omnia
2722 1347 3011 1418 imperium
3043 1345 3328 1415 tribuens;
3359 1355 3475 1402 tum

1870 1439 2257 1499 immortalitas
2309 1457 2431 1498 cum
2481 1441 2801 1499 conditione
2869 1441 3141 1513 permissa
3192 1437 3298 1513 [An
3347 1452 3478 1512 pro-

1871 1534 2122 1611 missa?]
2147 1547 2231 1593 est
2260 1581 2274 1605 ,
2312 1547 2368 1593 et
2406 1537 2458 1594 in
2492 1539 2773 1594 voluntate
2805 1536 2892 1592 lex
2938 1536 3115 1607 posita
3141 1581 3155 1603 ,
3198 1550 3307 1592 non
3351 1548 3478 1608 qum

1870 1630 2256 1688 observatione
2276 1631 2517 1688 difﬁcilis
2541 1632 2841 1704 periculum
2867 1632 3092 1689 inferret
3119 1633 3351 1704 ignaro;
3379 1630 3477 1689 sed

1869 1741 1992 1797 qum
2018 1735 2238 1784 ostensa
2282 1743 2350 1784 ne
2379 1739 2767 1798 usurparetur,
2809 1737 3013 1785 tantam
3044 1725 3328 1786 Creatoris
3355 1743 3480 1800 gra—

165 1817 370 1873 nuuire
399 1815 669 1874 debuerit
691 1858 706 1883 ,
739 1817 1102 1874 liberaturum
1128 1826 1184 1874 et
1225 1819 1361 1874 alios
1388 1817 1510 1874 {ore
1537 1821 1628 1890 qui
1662 1817 1767 1876 hoc
1799 1819 1845 1882 Β
1875 1820 2003 1876 tiam
2029 1835 2153 1877 cum
2204 1822 2638 1879 immortalitatis
2693 1821 2966 1880 beneﬁcio
3009 1821 3337 1879 custodiret.
3385 1820 3479 1880 Sic

163 1907 386 1981 primum
423 1907 488 1966 in
520 1925 626 1967 sua
657 1910 987 1968 liberatione
1031 1921 1417 1970 monstrasset.
1460 1911 1577 1981 Qua
1610 1911 1664 1967 in
1703 1926 1765 1968 re
1809 1913 1813 1917 ’

167 2010 250 2058 aut
279 2002 562 2061 rationem
592 2005 752 2077 prodi
790 2019 1023 2062 necesse
1066 2014 1192 2074 est,
1241 2014 1337 2062 aut
1379 2004 1761 2062 credulitatem

165 2108 261 2151 non
285 2094 437 2170 exigi
465 2098 610 2157 satis
625 2098 858 2171 justum.

225 2190 422 2253 licet.
455 2225 525 2236 —
561 2194 741 2252 Etiam
772 2196 828 2252 in
859 2195 961 2254 hoc
990 2196 1288 2253 mstimatio
1317 2206 1405 2253 tua
1435 2195 1663 2261 fallitur,
1701 2208 1762 2256 ut

171 2286 221 2342 in
241 2288 422 2345 crucis
444 2288 722 2368 al'tlxione
750 2289 1100 2346 divinitatem
1131 2290 1326 2346 credas
1353 2290 1609 2360 iniuriam
1639 2306 1762 2363 per-

170 2381 384 2452 tulisse;
411 2400 542 2459 qua:
588 2369 1170 2458 incomprehensibilis
1211 2397 1267 2442 et
1310 2386 1478 2444 libera
1511 2401 1613 2443 nec
1648 2387 1758 2458 pati

169 2476 365 2549 potuit,
407 2488 520 2537 nec
543 2479 720 2536 teneri
753 2498 767 2535 :
799 2479 901 2538 sed
942 2479 1234 2552 quemdam
1278 2479 1349 2538 de
1394 2479 1616 2538 diabolo
1663 2495 1762 2553 per

170 2573 502 2645 assumptum
536 2574 816 2632 hominem
839 2574 953 2645 egit
981 2575 1318 2646 triumphum
1339 2616 1355 2640 ,
1376 2589 1502 2630 eum
1534 2575 1587 2630 in
1612 2575 1760 2647 ligno

169 2661 441 2722 victoriam
491 2666 681 2724 carnis
723 2665 1058 2737 imponens,
1091 2682 1218 2723 cum
1263 2667 1382 2722 sine
1428 2667 1511 2722 sui
1561 2666 1756 2737 injuria

172 2767 258 2826 per
285 2757 566 2819 hominem
596 2763 915 2832 superavit,
949 2761 1041 2832 qui
1073 2760 1352 2817 hominem
1383 2775 1510 2818 cum
1545 2761 1641 2817 Dei
1676 2761 1758 2816 in-

167 2848 294 2921 iuria
317 2862 509 2924 egerat
553 2854 609 2910 in
639 2853 934 2910 delictum.
966 2853 1143 2911 Homo
1173 2869 1331 2925 ergo,
1365 2870 1473 2911 non
1499 2852 1758 2910 divinitas

173 2948 303 3004 cruci
331 2948 455 3004 data
477 2957 600 3016 est;
633 2955 690 3005 et
717 2949 809 3020 qui
853 2963 953 3020 per
989 2949 1197 3020 lignum
1228 2960 1550 3020 peccaverat
1572 2991 1588 3018 ,
1619 2949 1757 3004 fixus

173 3036 220 3095 in
235 3040 375 3114 ligno
393 3054 505 3102 est.
531 3045 710 3118 Atque
729 3044 848 3102 haec
869 3045 982 3102 Deo
1006 3043 1108 3101 fuit
1131 3045 1448 3101 assumendi
1475 3044 1752 3101 hominem

174 3137 428 3208 praecipua
473 3139 624 3196 ratio
672 3139 759 3197 vel
805 3138 1100 3208 voluntas,
1134 3149 1194 3193 ut
1234 3151 1516 3210 peccatum
1549 3138 1618 3193 ab
1649 3137 1751 3194 ho-

174 3228 302 3286 ine
324 3241 673 3291 contractum
704 3249 804 3304 per
833 3232 1110 3290 hominem
1139 3234 1447 3298 tolleretur,
1477 3241 1528 3289 ct
1557 3233 1629 3289 ah
1658 3233 1749 3288 illo
1780 3228 1827 3291 C

175 3318 297 3380 ﬁdes
317 3327 749 3384 resurrectionis
780 3326 1076 3398 inciperet,
1111 3341 1271 3399 quem
1304 3330 1547 3398 primum
1571 3340 1758 3382 resur-

173 3426 284 3485 gere
307 3418 574 3478 debuisse
624 3429 908 3478 constaret
943 3439 958 3476 :
992 3435 1160 3492 purus
1201 3420 1348 3476 enim
1390 3428 1448 3477 et
1493 3420 1564 3476 ab
1603 3420 1754 3476 omni

177 3509 409 3570 immunis
425 3500 632 3574 delicto
659 3517 770 3588 pati
796 3530 895 3587 pro
918 3515 1169 3572 omnibus
1191 3514 1394 3582 voluit;
1423 3524 1480 3570 ut
1502 3528 1611 3570 non
1635 3513 1754 3569 sola

174 3617 422 3677 putestate
443 3653 460 3680 ,
495 3610 597 3668 sed
629 3611 826 3667 merito
847 3652 862 3678 ,
889 3611 1151 3666 omnibus
1173 3604 1551 3682 praeferretur.
1586 3607 1754 3666 Vides

177 3712 292 3773 ergo
313 3718 435 3776 quae
461 3705 541 3762 sit
581 3704 785 3761 divinae
828 3719 1024 3777 pompa
1053 3702 1272 3759 virtutis
1301 3704 1538 3774 vitaeque
1581 3701 1755 3758 victo-

178 3792 269 3857 ria.
299 3809 530 3856 mortem
561 3813 670 3855 non
705 3799 976 3854 meruisse
999 3840 1014 3865 ,
1046 3796 1142 3853 sed
1174 3795 1513 3854 merentibus
1558 3795 1752 3851 abstu-

176 3885 324 3958 lisse,
352 3901 409 3948 et
434 3901 462 3930 ι
493 3893 698 3949 vexillo
735 3892 1005 3963 spiritalis
1036 3892 1297 3963 triumphi
1327 3890 1546 3962 culpam
1577 3899 1751 3947 mate-

180 3980 261 4036 riai
289 3982 526 4044 al’lisisse
570 4001 681 4043 non
732 3987 1048 4059 propriam;
1103 3989 1367 4058 quoniam
1414 3987 1752 4059 quicumque

179 4073 324 4146 alius,
349 4079 476 4138 dum
498 4099 528 4139 a
559 4083 800 4155 peccatis
828 4097 992 4138 nemo
1018 4081 1304 4136 hominum
1334 4081 1475 4136 liber
1501 4090 1588 4137 est
1611 4122 1626 4145 ,
1652 4095 1751 4153 pro

181 4181 230 4226 se
254 4180 448 4233 tantum
499 4176 663 4234 vitam
695 4175 962 4243 dedisset,
991 4175 1146 4231 illum
1173 4175 1416 4244 oportuit
1444 4189 1544 4245 pro
1572 4173 1751 4230 omni-

181 4260 268 4322 bus
306 4269 560 4342 interire,
599 4273 692 4346 qni
723 4288 822 4344 pro
851 4286 913 4330 se
956 4286 1114 4329 noxas
1157 4270 1292 4327 nihil
1332 4269 1582 4337 debeas,
1623 4263 1747 4326 eum

183 4361 651 4424 condemnari'non
694 4374 912 4440 posset.
961 4349 1387 4437 acquieverit‘ct
1415 4363 1633 4431 occidi,
1677 4380 1748 4420 ne

183 4464 267 4511 nos
281 4471 534 4532 perpetua
562 4473 714 4518 mors
743 4471 981 4517 teneret.

751 4553 984 4613 CAPUT
1025 4554 1142 4612 XV.
1173 4550 1177 4554 ’

1867 1915 2048 1985 posito
2091 1915 2278 1986 itaque
2306 1915 2516 1971 homini
2549 1916 2692 1972 inter
2730 1914 2962 1974 delicias
2991 1915 3232 1984 paradisi
3254 1955 3272 1986 ,
3303 1928 3480 1972 amoe-

1865 2002 2320 2084 nissimiscilicet
2346 2009 2448 2066 loci
2477 2053 2493 2076 ,
2521 2017 2577 2066 ct
2603 2009 2751 2064 nulla
2774 2023 3038 2066 aurarum
3068 2009 3396 2081 intemperie
3410 2022 3477 2066 ac

1867 2103 2138 2160 varietate
2171 2108 2459 2176 corrupti,
2500 2119 2566 2160 ex
2609 2103 2758 2160 omni
2810 2104 3173 2174 pretiosarum
3215 2102 3475 2158 arborum

1863 2192 2042 2252 fructu
2073 2195 2272 2252 edendi
2310 2195 2535 2269 copiosa
2567 2196 2730 2252 datur
2761 2194 3028 2262 facultas;
3061 2195 3156 2252 sed
3197 2195 3254 2252 in
3285 2189 3475 2252 multis

1862 2289 2025 2345 unius
2053 2298 2261 2346 tantum
2285 2288 2504 2347 arboris
2529 2289 2812 2362 usurpatio
2839 2287 3187 2362 prohibetur,
3219 2296 3280 2344 ut
3305 2287 3480 2345 inter-

1862 2383 2066 2440 dictam
2094 2383 2344 2441 eamdem
2367 2383 2623 2440 arborem
2650 2396 2870 2454 semper
2893 2383 3116 2438 intuens
3139 2381 3331 2448 homo,
3355 2380 3477 2452 ejus

1861 2479 1952 2550 qui
1980 2477 2345 2536 interdixerat
2384 2477 2748 2543 meminisset,
2780 2485 2836 2533 et
2863 2475 2893 2515 ι)
2925 2475 3184 2548 praelatus
3210 2475 3469 2532 omnibus

1861 2587 1975 2646 prie
1997 2588 2057 2629 se
2087 2588 2211 2630 esse
2237 2587 2344 2628 non
2375 2572 2795 2629 oblivisceretur
2820 2557 3138 2636 auctorem;
3168 2584 3234 2626 ac
3263 2568 3365 2625 sibi
3398 2569 3477 2628 ita

1857 2671 2042 2725 omnia
2063 2667 2305 2737 snhjecta
2337 2673 2723 2737 cognosceret,
2742 2674 2800 2720 ut
2826 2664 2878 2720 ei
2893 2664 2986 2737 qui
3009 2665 3111 2721 sibi
3135 2663 3473 2734 subiecerat,

1859 2758 2005 2817 esset
2059 2759 2176 2832 ipse
2221 2759 2504 2830 subjectus
2536 2776 2550 2813 :
2584 2758 2747 2814 simul
2795 2772 2863 2813 ne
2910 2756 3074 2812 homo
3119 2755 3470 2812 rationabilis
3529 2753 3532 2758 ’

1860 2856 2035 2912 factus
2081 2855 2223 2911 sicut
2262 2855 2417 2910 bruta
2463 2852 2722 2908 animalia
2751 2852 2874 2907 sine
2924 2850 3314 2906 observatione
3354 2856 3474 2904 tor-

1859 2957 2047 3022 peret;
2077 2945 2174 3006 sed
2202 2955 2262 3004 ut
2296 2961 2364 3003 eo
2403 2960 2566 3019 quem
2599 2945 2753 3000 solus
2789 2945 3123 3015 praecipuum
3170 2950 3468 3012 acceperat

1858 3057 2078 3100 sensum
2104 3086 2120 3109 ,
2155 3042 2298 3099 inter
2333 3050 2674 3112 prmceptum
2704 3053 2769 3095 ac
2807 3037 3133 3095 henetieium
3179 3043 3236 3092 et
3264 3049 3464 3092 cavere

1858 3135 2191 3207 intelligeret
2221 3145 2277 3193 et
2303 3134 2530 3191 mereri.

1932 3231 2067 3287 Huic
2096 3229 2419 3287 beatitudini
2446 3227 2696 3285 diabolus
2724 3225 2978 3282 invidens
3001 3240 3101 3295 per
3115 3233 3454 3298 serpentem,

1860 3325 1953 3397 qui
1997 3335 2116 3381 erat
2159 3323 2377 3381 caeteris
2417 3321 2746 3378 animalibus
2792 3319 3135 3392 prudentior,
3169 3320 3460 3377 mulierem

1861 3418 2133 3492 primum,
2160 3417 2212 3474 id
2233 3425 2316 3473 est
2340 3415 2614 3473 inferioris
2631 3430 2796 3472 sexus
2821 3415 3094 3470 hominem
3113 3460 3129 3484 ,
3159 3421 3217 3470 et
3241 3413 3309 3468 ad
3336 3427 3460 3470 cre-

1858 3512 2098 3570 dendum
2129 3511 2307 3571 animi
2354 3509 2616 3566 lacilioris
2657 3508 2840 3566 illexit
2877 3505 3233 3564 interdictum
3262 3513 3458 3579 gusta-

1859 3615 1972 3662 tum
2004 3605 2221 3662 arboris
2251 3613 2569 3660 temerare:
2608 3617 2710 3673 per
2749 3600 2996 3657 eamdem
3046 3607 3236 3669 postea
3279 3585 3460 3656 virum

1856 3701 2024 3759 simili
2052 3701 2288 3775 falsitate
2315 3697 2547 3771 decepit,
2583 3696 2801 3753 futuros
2829 3710 3083 3753 asserens
3115 3695 3226 3750 Deo
3251 3693 3461 3750 similes

1857 3796 1902 3852 si
1929 3799 2050 3867 ejus
2074 3795 2203 3868 ligni
2237 3789 2409 3865 pomis
2433 3808 2540 3848 non
2569 3790 2916 3846 abstinerent
2942 3832 2958 3855 ,
2992 3786 3137 3860 quod
3160 3787 3310 3843 velut
3337 3786 3462 3842 ideo

1855 3889 2116 3946 divinitas
2162 3887 2505 3958 excepisset,
2554 3900 2624 3941 ne
2662 3885 2948 3941 r'talestem
2995 3881 3286 3938 scientiam
3332 3895 3457 3936 eum

1855 3982 2172 4039 hominibus
2202 3982 2516 4054 partiretur.
2555 3980 2648 4034 llis
2683 3979 2949 4048 deceptos
2996 3975 3140 4031 dolis
3169 3974 3225 4030 in
3265 3987 3462 4044 pecca-

1856 4083 1969 4131 tum
2002 4073 2390 4147 pravissimum
2413 4071 2720 4140 compulit,
2749 4081 2805 4130 ut
2843 4085 2902 4124 se
2921 4067 3031 4138 per
3059 4066 3458 4137 transgressio-

1855 4185 1978 4226 nem
2012 4167 2271 4240 prmeepti
2315 4165 2565 4222 Creatori
2609 4163 2816 4220 similes
2865 4177 2993 4218 esse
3017 4203 3032 4223 .
3069 4159 3320 4232 quamvis
3350 4174 3458 4216 non

1855 4265 2096 4337 possint,
2128 4262 2267 4319 velle
2301 4272 2478 4318 tamen
2525 4261 2645 4315 ausi
2684 4259 2818 4315 sint.
2865 4257 2980 4312 liae
3013 4254 3205 4310 fraude
3238 4254 3461 4308 immor-

1855 4360 2082 4416 talitatis
2106 4356 2370 4415 benelicio
2398 4355 2616 4426 Spoliati
2640 4353 2712 4409 de
2741 4351 2998 4422 paradiso
3024 4349 3320 4418 ejiciuntur
3344 4365 3360 4416 ;
3390 4363 3457 4405 ex

1850 4453 1942 4510 illa
1974 4451 2280 4508 inviolabili
2313 4449 2579 4520 temperie
2618 4447 2919 4511 detractis,
2957 4456 3012 4500 et
3042 4445 3146 4500 sub
3187 4443 3293 4500 hoc
3332 4456 3459 4496 cor-

1854 4546 2098 4618 ruptibili
2127 4560 2257 4601 aere
2288 4543 2516 4601 victuris
2560 4536 2821 4615 pelliceus
2872 4539 3057 4596 statim
3088 4538 3320 4594 vestitus
3352 4537 3458 4592 im-

216 4644 266 4699 Si
289 4645 414 4707 Deus
440 4649 780 4725 inpassibilis
795 4660 892 4717 est,
920 4666 1083 4722 quare
1111 4651 1356 4705 irascitur
1381 4659 1431 4705 et
1457 4649 1704 4705 vindicat.
1772 4636 1827 4698 D
1852 4639 2098 4711 ponitur,
2131 4648 2190 4694 et
2221 4639 2287 4694 ad
2335 4635 2690 4708 quaerendum
2732 4634 2936 4689 victum
2967 4630 3125 4686 labor
3172 4627 3456 4725 improbus

240 4740 420 4802 Arcu.
441 4776 515 4790 -—
547 4747 784 4804 Remoto
829 4745 938 4802 hoc
966 4744 1191 4802 interim
1213 4787 1230 4812 ,
1263 4755 1318 4798 ut
1345 4747 1469 4817 quis
1497 4747 1602 4802 iste
1629 4745 1751 4801 dia-

187 4826 315 4892 δοιω
357 4841 438 4898 vel
469 4841 618 4897 unde
647 4841 719 4896 sit
745 4839 927 4907 dicas,
957 4855 1122 4911 quem
1170 4842 1509 4897 inccntorem
1565 4843 1751 4898 nescio

189 4928 314 4998 Cujus
334 4937 536 5005 peccati
566 4935 740 4993 fuisse
767 4935 1100 4999 conﬁrmas;
1125 4936 1302 5007 ipsum
1320 4978 1336 5003 ,
1361 4936 1406 4992 si
1438 4952 1544 4991 non
1573 4938 1747 5008 piget,

1852 4732 2178 4804 deputatur;
2217 4741 2279 4785 ut
2307 4732 2485 4786 solum
2514 4736 2796 4785 verterent
2839 4727 2911 4781 nil
2959 4730 3158 4797 sponte
3188 4721 3456 4795 prahitu-

1852 4821 1972 4883 rum
2002 4869 2017 4890 .
2049 4835 2105 4882 et
2131 4827 2274 4881 inter
2298 4825 2486 4897 spinas
2516 4839 2581 4878 ne
2619 4819 2852 4877 tribulos
2881 4818 3242 4884 desudantes,
3263 4831 3460 4887 quam-

1853 4929 1933 4985 vis
1962 4931 2116 4999 plura
2137 4933 2537 4998 congererent,
2569 4921 2766 4979 mortis
2795 4931 2979 4977 tamen
3009 4917 3302 4975 sententia:
3327 4916 3461 4971 sub-

190 5012 386 5084 hominis
405 5027 590 5102 pande
613 5040 900 5100 peccatum
920 5070 936 5090 .
957 5028 1115 5100 cujus
1143 5039 1295 5084 tanta
1324 5031 1586 5086 atrocitas
1607 5032 1750 5088 sicut
1847 5025 2116 5095 iacerent
2193 5056 2198 5059 ·

190 5117 356 5175 meris
379 5120 510 5190 fuit,
561 5133 622 5178 ut
647 5122 769 5186 ;nisi
811 5136 910 5193 per
933 5120 1110 5177 solam
1140 5119 1348 5178 Christi
1379 5139 1598 5180 crucem
1638 5141 1744 5181 non

192 5214 390 5274 totum
414 5215 628 5288 expiari
661 5234 676 5272 ς
709 5215 956 5287 inspecta
995 5213 1142 5272 enim
1173 5216 1218 5271 si
1249 5232 1356 5286 qua
1387 5226 1473 5272 est
1497 5209 1744 5274 criminis

193 5299 439 5375 qualitate,
491 5307 628 5382 quid
686 5309 809 5366 hac
858 5309 1042 5364 crucis
1088 5309 1409 5381 praedicatio
1458 5320 1746 5384 tantopere

192 5389 304 5454 elata
323 5400 634 5472 prastiterit
656 5448 671 5471 ,
703 5403 1018 5474 promptius
1045 5402 1305 5459 elucebit.

248 5484 416 5554 heus.
441 5525 516 5541 --
536 5494 658 5554 Nan
689 5497 840 5569 piget
873 5495 1040 5568 plane
1067 5494 1532 5571 odensteyeteris
1559 5499 1748 5571 expla-

252 5715 345 5783 ⁸11
375 5725 648 5800 lae-[0].,
691 5724 955 5800 specialis.
975 5722 1138 5800 _ln_fra
1161 5767 1178 5792 ,
1213 5722 1448 5780 dedisset
1491 5722 1735 5800 restitui-

195 5769 672 5872 ικιῖἇῖἦξίἰᾶ.
691 5769 1096 5858 ﬂandi;
1109 5769 1706 5869 “geretur-dedicar-

247 5857 478 5934 itm
517 5869 662 5931 hunc
696 5869 880 5929 locum
910 5869 1253 5928 restituimus
1289 5885 1322 5926 e
1366 5867 1531 5926 codd.
1569 5866 1709 5925 Vind

145 6125 156 6127 _
179 6083 466 6127 ,κωλαῖ
495 6103 526 6127 _:.

1928 5120 2056 5176 llaec
2092 5118 2370 5176 interdicti
2405 5117 2578 5188 prima
2612 5112 2983 5186 transgressio
3022 5108 3292 5166 malorum
3336 5120 3458 5162 om-

1855 5216 2007 5271 nium
2052 5228 2218 5270 causa
2256 5213 2564 5282 mortisque
2620 5208 2991 5281 principium;
3030 5218 3132 5260 nec
3174 5212 3356 5257 tamen
3401 5199 3458 5253 in

1852 5309 2146 5365 vindictam
2191 5307 2286 5364 Dei
2317 5313 2628 5379 promptam
2671 5301 2936 5374 patientia
2983 5298 3274 5356 sententiae
3314 5294 3457 5349 irro-

1853 5405 2006 5478 gavit
2031 5401 2322 5469 enectum,
2355 5401 2450 5458 sed
2492 5401 2602 5456 vim
2649 5395 2955 5456 severioris
2987 5391 3159 5453 edicti
3188 5387 3458 5463 temporis

1859 5499 2276 5574 interpositione
2307 5497 2574 5562 mollivit;
2608 5507 2666 5552 ut
2707 5494 2969 5551 meritum
2995 5490 3172 5546 venite
3213 5492 3366 5544 esset
3390 5491 3480 5541 et

1841 5733 1901 5784 et
1954 5723 2223 5787 Lemov.;
2277 5725 2329 5780 in
2380 5719 2892 5796 prioripeditiene,
2947 5714 3180 5788 prclaris
3219 5709 3462 5769 omnibus

1841 5813 2063 5870 praeesse
2092 5815 2196 5854 non
2218 5796 2354 5866 sibi;
2379 5792 2496 5868 quo
2521 5794 2660 5852 nihil
2686 5792 2904 5850 foedius.
