3850 6264
338 437 467 494 1085

1533 423 2154 496 ροωδυιτΑτιυΝωι
2191 423 2323 478 Lis.
2353 422 2397 478 ι.

3458 407 3601 484 iiiis

336 555 664 623 spastsionis.
689 551 1055 623 possibilitate
1107 543 1424 601 viuecndam
1473 560 1486 596 :
1529 556 1690 610 quem
1737 548 1923 608 postea
1951 540 2004 599 Α
2031 538 2198 608 tisper
2227 536 2524 592 similitudo
2567 537 3112 610 veritati,.siguisque
3169 539 3487 610 phantasia;
3517 543 3608 594 sed

335 659 456 700 cum
480 652 636 700 esset
663 645 719 700 ei
739 643 962 707 unicus,
1000 639 1094 693 Dei
1144 637 1302 705 jussu
1328 633 1650 689 credendum
1693 647 1802 712 arae
1844 631 1929 685 in-

339 743 664 790 cunctanter
705 733 987 795 admovit;
1053 736 1314 799 prtestare
1360 723 1592 792 amplius
1641 721 1923 785 Creatori,

338 803 498 894 quam
527 825 749 880 afl'ectui
781 820 1029 884 studens,
1060 819 1332 886 simulque
1359 813 1642 870 conlidens
1671 813 1832 868 etiam
1859 809 1930 865 de

339 917 607 974 ambustis
637 915 918 973 cineribus
948 909 1101 968 reddi
1132 901 1239 966 sibi
1263 909 1534 979 integrum
1559 921 1745 977 posse,
1767 919 1929 974 quem

338 1008 437 1064 Dei
465 1023 634 1064 causa
668 1003 1118 1077 ignis/hausisset
1152 1009 1211 1056 Α.
1250 1000 1450 1055 Verum
1488 1013 1780 1069 numquam
1812 1012 1932 1052 cre-

339 1083 600 1156 dentibus
625 1099 761 1154 dura
784 1095 1062 1159 divinitas,
1091 1093 1423 1164 non-orbari
1465 1089 1820 1145 lectissimum
1851 1087 1931 1142 vi-

341 1191 462 1246 rum
495 1204 656 1258 passa
698 1196 801 1250 est,
833 1185 928 1242 sed
968 1193 1173 1238 tantum
1208 1183 1458 1253 probari;
1493 1197 1617 1237 nam
1669 1182 1771 1235 sub
1819 1178 1932 1236 ictu

337 1280 505 1350 gladii
532 1281 646 1350 jam
673 1279 894 1348 jamque
916 1275 1162 1332 ferientis
1191 1275 1420 1331 arietem
1445 1272 1676 1342 subjecit
1699 1272 1929 1336 intento,

339 1369 576 1426 bestiam
607 1369 877 1424 mitiorem
905 1385 921 1434 ;
951 1379 1004 1423 ut
1055 1379 1111 1422 et
1148 1366 1351 1437 absque.
1383 1365 1602 1435 pietatis
1641 1361 1933 1432 dispendio

339 1463 580 1519 devotio
612 1463 1016 1538 compleretur',
1062 1471 1112 1517 et
1146 1460 1500 1516 nihilominus
1538 1459 1764 1531 gratiam
1809 1456 1931 1512 ﬁdei

338 1557 641 1628 acciperet,
675 1554 767 1625 qui
787 1555 959 1612 Deum
983 1553 1197 1611 alfectui
1222 1553 1571 1624 praetulisset.

418 1641 535 1703 Tali
571 1647 749 1718 igitur
796 1646 1121 1702 credulitate
1171 1643 1592 1715 promissionem
1655 1639 1935 1696 affluentia

339 1738 506 1816 terrae
550 1747 806 1794 secuturo
849 1739 1043 1792 semini
1078 1738 1303 1802 meruit,
1349 1745 1405 1791 et
1429 1734 1640 1792 Judaici
1685 1733 1936 1803 princeps

340 1832 531 1902 populi
580 1829 1057 1886 circumcisionem
1099 1828 1306 1897 primus
1344 1829 1577 1896 accepit.
1626 1825 1742 1880 Non
1787 1823 1933 1902 quod

2030 629 2200 682 obniti
2250 637 2536 697 utcumque
2577 627 2936 697 permittitur,
2986 644 3095 684 non
3145 637 3207 685 ut
3252 629 3604 700 profanorum

2032 720 2236 774 falsitas
2279 720 2540 786 vinceret,
2574 721 2666 776 sed
2693 731 2754 777 ut
2797 721 2895 777 Dei
2924 722 3100 778 virtus
3145 722 3305 778 latius
3349 723 3612 780 eluceret.

2029 814 2163 870 Nam
2192 828 2313 869 cum
2344 815 2616 884 plagarum
2647 814 2992 871 diversitates
3012 816 3066 870 in
3092 829 3259 878 causa
3299 817 3437 887 signi
3477 817 3619 872 sicut

2031 895 2207 960 δίοδος
2237 905 2490 969 faciebat;
2521 905 2663 961 idem
2697 922 2911 978 quoque
2955 907 3132 964 facere
3160 907 3496 977 viderentur,
3531 924 3617 965 re-

2031 1013 2227 1053 vocare
2256 1013 2360 1052 non
2394 999 2641 1065 poterant
2679 999 2834 1070 ~quod
2882 999 3162 1058 fecissent.
3214 1002 3281 1058 Et
3310 1003 3448 1058 sicut
3498 1004 3618 1060 luce

2033 1098 2372 1160 monstruosa
2404 1090 2632 1146 scientia
2651 1089 2810 1154 solet,
2841 1105 3038 1146 nocere
3069 1103 3356 1163 noverant,
3389 1108 3617 1149 succur-

2033 1193 2158 1240 rere
2187 1182 2540 1245 nesciebant;
2583 1182 2847 1236 malorum
2876 1197 2999 1252 qua:
3029 1182 3132 1252 ipsi
3168 1182 3466 1258 intulerant,
3493 1198 3616 1240 ces-

2034 1276 2301 1331 sationem
2330 1275 2400 1330 ab
2430 1289 2496 1335 eo
2536 1288 2754 1329 rursum
2792 1290 2954 1344 quem
3000 1274 3202 1330 imitari
3245 1275 3619 1341 conabantur,

2033 1376 2275 1423 orantes.
2300 1365 2390 1423 Sic
2411 1366 2475 1420 ad
2497 1377 2798 1422 extremum
2819 1365 3096 1422 dimittere
3113 1367 3139 1404 α
3162 1367 3423 1436 populum
3443 1370 3496 1423 vi
3522 1368 3622 1426 iui»

2036 1457 2358 1514 mitabilinm
2399 1459 2676 1527 signorum
2725 1465 2783 1511 et
2829 1456 3284 1526 impossibilitatis
3330 1473 3443 1513 sure
3492 1472 3622 1514 con-

2035 1550 2273 1604 fessionis
2310 1547 2578 1616 compulsi
2631 1556 2786 1602 sunt.
2846 1547 3222 1604 Admonentur
3271 1548 3366 1606 Dei
3413 1544 3622 1619 judicio

2036 1641 2334 1713 profecturi
2380 1640 2757 1697 celebritatem
2803 1639 2988 1710 gaudii
3031 1638 3131 1694 sub
3170 1640 3319 1696 brevi
3367 1641 3624 1696 simulare

2036 1734 2315 1800 discessu,
2375 1742 2433 1790 et
2479 1732 2546 1788 ad
2595 1741 2845 1787 ornatum
2891 1719 3199 1786 absentium
3235 1731 3626 1787 solemniorum

2040 1826 2334 1894 impetrare
2362 1824 2638 1895 hospitum
2678 1837 2929 1890 censum,
2977 1821 3337 1892 eumdemque
3367 1837 3467 1893 pro
3509 1823 3630 1877 diu-

339 1900 666 1993 praeputium
710 1920 936 1990 justitize
965 1919 1352 1990 prtejudicaret
1389 1926 1480 1978 aut
1510 1916 1665 1985 fidei,
1698 1900 1795 1972 vel
1831 1914 1931 1970 ali-
1965 1909 2016 1970 Β
2044 1917 2185 1969 tttrni
2221 1915 2655 1981 laborisgmcrito
2702 1914 2982 1979 retinere;
3017 1927 3122 1967 non
3174 1910 3378 1967 fraudis
3423 1913 3627 1976 studio,

341 2008 836 2080 quidsuperﬂuum
861 2011 913 2064 in
930 2009 1148 2066 homine
1163 2010 1306 2066 Deus
1325 2019 1590 2071 creasset,
1616 2009 1756 2080 quod
1779 2015 1932 2078 post-

340 2116 412 2158 ea
452 2102 669 2172 juberet
705 2100 989 2164 abscindi;
1035 2101 1132 2156 sed
1177 2109 1236 2156 ut
1280 2101 1423 2164 inter
1459 2103 1594 2154 alias
1630 2110 1818 2170 gentes
1864 2099 1936 2153 si-

339 2193 580 2262 gnaculo
603 2193 849 2262 corporis
876 2192 1034 2248 electi
1071 2193 1168 2246 viri
1201 2191 1420 2250 soboles
1451 2200 1784 2246 nosceretur.

399 2282 602 2353 Itaque
627 2282 785 2353 plebs
817 2282 1007 2338 eadem
1031 2284 1109 2337 ob.
1136 2281 1371 2351 inopiam
1407 2297 1592 2337 earum
1617 2295 1750 2349 quas
1781 2279 1936 2335 inita-

299 2438 302 2440 γ
341 2375 866 2448 bitabatrcgionum
915 2376 1116 2432 transit
1152 2376 1206 2431 in
1249 2374 1546 2448 Egyptum
1590 2394 1605 2430 :
1645 2392 1750 2429 non
1793 2373 1938 2445 quod

341 2467 454 2546 Ιιῑδ
479 2467 618 2523 Deus
638 2481 983 2539 quocumque
1005 2467 1108 2522 loci
1133 2469 1397 2538 praestare
1421 2466 1804 2521 abundantiam
1830 2480 1936 2520 non

340 2556 582 2624 valeret;
614 2560 709 2614 sed
741 2569 796 2612 ut
828 2575 1040 2615 rursum
1064 2558 1362 2614 educturus
1389 2555 1454 2613 ex
1484 2558 1742 2630 Egypto,
1767 2573 1938 2639 quan-

340 2659 432 2705 tus
465 2662 608 2711 esset
640 2649 978 2714 mirabilibus
1024 2650 1302 2710 edoceret.
1347 2648 1431 2704 Fit
1471 2664 1720 2728 magnus‘
1744 2663 1808 2704 ex
1839 2649 1939 2702 bac

341 2741 604 2814 progenie
633 2742 885 2812 populus,
912 2751 966 2797 et
996 2756 1165 2812 usque
1192 2741 1545 2797 adcinvidiam
1579 2739 1939 2808 multitudinis

339 2835 588 2904 paucitas
613 2835 847 2901 crescit;
874 2835 1022 2890 itaut
1049 2850 1169 2888 cum
1201 2834 1302 2891 sibi
1337 2834 1713 2904 pravalituros
1735 2833 1940 2904 Egyp-

281 2916 284 2917 ⁷
341 2929 406 2983 tii
440 2927 814 2993 formidarent,
869 2938 1138 3005 tamquam
1172 2929 1366 2983 debita:
1390 2914 1644 2983 (subditos
1690 2927 1938 2983 servituti

300 3020 579 3089 -indignis
607 3018 868 3092 Operibu's
895 3018 1110 3087 afﬁcere
1157 3019 1483 3080 niterentur,
1530 3035 1672 3073 szrva
1719 3019 1941 3086 insuper

342 3109 513 3167 edicti
544 3110 796 3170 violentia
829 3110 1039 3165 virilem
1066 3124 1257 3165 sexum
1289 3108 1357 3164 ab
1388 3117 1544 3164 utero
1573 3111 1688 3164 neci
1717 3109 1937 3174 dabant,

344 3211 406 3255 ut
434 3202 697 3256 oriundos
725 3202 1013 3271 expositio,
1049 3202 1201 3255 labor
1232 3200 1446 3258 validos
1478 3213 1804 3257 assumeret.
1830 3201 1942 3257 Sub

343 3293 432 3348 bis
475 3292 856 3348 afﬂictionibus
903 3303 1178 3381 auctorem
1211 3293 1378 3348 Deum
1420 3293 1519 3347 sibi
1571 3310 1599 3346 a
1643 3294 1936 3363 majoribus
1963 3276 2007 3337 ί)

344 3383 605 3439 traditum
647 3384 933 3454 peregrina
966 3383 1122 3452 plebs
1149 3383 1421 3446 convenit,
1453 3394 1508 3438 et
1550 3384 1603 3438 in
1633 3385 1714 3439 sui
1747 3384 1939 3463 libera-

347 3476 553 3529 tionem
599 3476 802 3528 cultam
853 3489 951 3545 per
981 3485 1159 3544 patres
1193 3475 1365 3544 poscit
1415 3475 1794 3543 divinitatem;
1836 3493 1957 3543 qua-

345 3565 549 3619 factum
580 3577 660 3620 est
698 3574 966 3622 utcontra
1001 3568 1104 3621 vim
1135 3565 1370 3621 crudelis
1395 3567 1555 3622 edicti
1589 3568 1800 3638 Moyses
1832 3567 1939 3636 pri-

345 3670 497 3710 mum
546 3670 576 3706 a
629 3655 962 3723 parentibus
994 3655 1316 3712 educaretur
1377 3659 1616 3717 occulte;
1688 3657 1939 3710 inventus

341 3743 542 3799 deinde
587 3760 617 3798 a
670 3743 774 3798 tilia
809 3743 1129 3812 Pharaonis,
1183 3761 1303 3798 cum
1352 3746 1423 3798 ob
1452 3758 1649 3798 metum
1682 3746 1938 3815 praecepti

342 3845 495 3890 esset
519 3835 816 3904 expositus,
853 3836 1001 3888 Omni
1033 3833 1406 3905 Egypliorum
1439 3835 1823 3891 infm'tuaretur
1845 3853 1934 3892 sa-

342 3927 572 3999 pientia,
606 3935 769 3998 atque
793 3927 857 3980 ad
888 3925 1224 3981 liberandum
1255 3925 1349 3980 Dei
1384 3928 1637 3996 populum
1671 3939 1935 3998 prmcepta

339 4021 669 4091 susciperet,
705 4033 773 4073 ne
800 4018 885 4072 vel
916 4017 1166 4074 indoctus
1197 4019 1508 4086 casualiter,
1544 4020 1622 4075 vel
1651 4019 1934 4077 mediocris

341 4113 371 4153 δ
403 4113 706 4179 intellectu,
737 4109 781 4167 si
811 4110 1091 4166 institutus
1119 4113 1265 4166 omni
1317 4128 1502 4167 eorum
1537 4113 1794 4182 sapientia
1827 4130 1932 4168 non

341 4204 835 4271 fuisset,lincautns
862 4219 982 4273 qua:
1011 4213 1330 4273 susceperat
1352 4213 1411 4259 et
1441 4205 1736 4260 credidisse
1781 4208 1934 4263 vide-

340 4305 499 4352 retur
524 4309 577 4352 et
615 4309 828 4366 gerere.
859 4294 996 4352 Huic
1026 4310 1124 4365 per
1171 4295 1350 4366 ignem
1398 4297 1466 4351 de
1503 4297 1638 4352 rubo
1673 4299 1811 4354 Deus
1856 4300 1936 4355 lo-

339 4389 552 4460 quitur,
581 4399 637 4443 et
663 4389 892 4442 valitura
924 4387 978 4442 in
1019 4387 1306 4460 Egyptios
1348 4389 1500 4459 signa
1551 4389 1887 4450 demon3trat
1918 4411 1929 4447 :

339 4479 540 4551 quibus
569 4480 756 4550 utique
784 4488 838 4534 et
867 4477 922 4534 bl
962 4480 1253 4535 crederent
1280 4497 1507 4552 quorum
1543 4484 1775 4538 servitus
1825 4485 1936 4540 sol-

339 4573 596 4640 vehatur,
628 4579 686 4627 et
709 4573 799 4642 qni
827 4570 1065 4628 renisuri
1085 4583 1240 4627 erant
1266 4573 1693 4643 deterrerentur,
1728 4588 1932 4646 posset-

339 4679 454 4736 quo
477 4663 530 4719 in
561 4663 665 4718 hac
710 4661 1082 4734 prodigiorum
1130 4667 1496 4721 ostentatione
1531 4682 1666 4737 gens
1710 4680 1939 4740 utraque
1967 4656 2016 4718 θ

340 4754 586 4820 servari;
621 4768 743 4808 cmn
775 4747 873 4808 Dei
925 4768 1085 4829 manu
1117 4753 1399 4810 evidenter
1430 4760 1691 4827 inspecta,
1724 4769 1777 4814 et
1805 4775 1939 4816 con-

338 4843 484 4900 verti
512 4844 582 4900 ab
604 4842 882 4914 impietate
909 4859 1004 4900 sua
1031 4858 1378 4903 contumaces
1405 4847 1851 4918 admonerentur,
1883 4861 1938 4910 et

337 4935 711 5009 liberarentur
733 4933 942 4990 afflicti.
1749 4930 1755 4936 ’

416 5023 554 5079 Tum
586 5024 754 5097 Moysi
796 5025 1146 5084 emissionem
1191 5040 1505 5086 memorata:
1540 5033 1715 5102 plebis
1746 5051 1811 5090 ex
1847 5035 1938 5091 ltei

247 5137 259 5144 ο
339 5115 672 5172 auctoritate
726 5119 992 5186 poscenti,
1046 5134 1169 5195 cum
1224 5120 1504 5190 Pharaone
1555 5123 1936 5196 {Egyptiorum

338 5221 474 5276 rege
512 5206 653 5277 magi
697 5207 991 5275 resistunt,
1036 5209 1227 5266 fallere
1268 5212 1519 5268 eumdem
1569 5218 1936 5286 prodigiorum

342 5305 370 5334 α
394 5310 513 5366 qua.
538 5297 757 5354 fecisset
774 5299 1081 5356 imitatione
1107 5303 1343 5358 nitentes
1370 5322 1383 5360 :
1408 5319 1506 5360 nec
1528 5307 1672 5362 cedit
1694 5309 1939 5376 aliquan-

417 5435 576 5510 n:83_c
601 5437 727 5493 cod.
760 5437 910 5507 Lem.
933 5478 947 5503 ,
978 5455 1010 5494 e
1056 5456 1164 5509 quo
1196 5442 1359 5494 etiam
1406 5443 1540 5497 dura
1587 5447 1747 5510 paulo
1787 5447 1928 5502 infra

338 5505 966 5583 gestituintus,nam__in
1010 5505 1175 5583 editis
1218 5511 1305 5583 ltic
1349 5505 1651 5567 habebatur
1696 5521 1928 5583 ussisset,

339 5577 654 5657 deipdeque
679 5581 824 5632 clara
845 5578 1125 5657 _di_vinitas,
1159 5582 1311 5634 nullo
1339 5596 1522 5636 sensu.
1562 5583 1776 5640 Cretera
1812 5577 1930 5657 quae

339 5643 545 5704 lctiora
568 5643 732 5714 sunt,
750 5649 1068 5704 omittimus.

413 5713 562 5793 "lia
591 5713 794 5793 legitur
821 5720 1032 5793 incod.
1065 5719 1252 5787 Vind,
1283 5723 1461 5786 male;
1503 5723 1552 5776 in
1601 5726 1768 5793 priori
1817 5729 1934 5784 edi-

339 5787 496 5857 tione
525 5786 833 5857 intellectus,
868 5789 1153 5848 institutus.
1401 5835 1414 5849 .

421 5867 446 5896 α
487 5855 616 5914 Haec
645 5855 928 5916 etiam'est
955 5861 1079 5916 cod.
1110 5860 1273 5916 Vind.
1307 5862 1493 5931 lectio,
1515 5863 1684 5932 'quam
1733 5881 1933 5935 prmtu-

2041 2006 2136 2062 sed
2172 2006 2380 2070 honore
2409 2006 2698 2062 mercedis.
2738 2006 2774 2060 li
2807 2005 3004 2071 delusi,
3035 2019 3157 2058 cum
3181 2003 3357 2060 adhuc
3378 2005 3447 2059 de
3467 2019 3629 2072 epum

2040 2098 2344 2153 retentioue
2375 2096 2509 2152 nihil
2542 2099 2770 2162 scirent,
2799 2110 2935 2165 quos
2961 2095 3025 2150 ad
3079 2098 3184 2150 iter
3215 2107 3372 2149 oratu
3403 2110 3628 2164 compu-

2041 2191 2241 2256 lerattt,
2277 2191 2699 2245 recrudescente
2729 2189 2937 2244 matria
2979 2203 3101 2243 cum
3150 2188 3229 2242 ira
3277 2189 3634 2258 insequuntur

2040 2283 2293 2352 emissos,
2343 2292 2395 2338 et
2429 2283 2752 2340 imminente
2802 2283 3183 2352 [Egyptiortim
3215 2283 3457 2336 exercitu
3506 2295 3635 2348 spes

2041 2377 2305 2432 evadendi
2339 2377 2702 2432 metuentibus
2745 2377 2922 2442 deest,
2949 2390 3070 2431 cum
3117 2385 3170 2430 et
3208 2391 3239 2429 a
3268 2385 3422 2445 tergo
3451 2375 3635 2427 hostes

2040 2469 2372 2534 insisti-rent,
2407 2478 2462 2523 et
2489 2483 2637 2524 mare
2681 2484 2709 2522 a
2749 2467 2930 2523 fronte
2955 2469 3265 2538 oppositum
3298 2465 3628 2534 prohiberet.

2113 2559 2285 2614 Adest
2317 2561 2524 2615 territis
2559 2560 2725 2624 Deus,
2759 2569 2814 2615 et
2866 2559 2918 2612 in
2963 2574 3179 2614 summo
3221 2556 3632 2627 desperandum

2043 2660 2189 2708 metu
2221 2652 2447 2707 cmleste
2493 2661 2693 2722 pugnat
2721 2650 2984 2709 auxilium
3022 2669 3033 2704 :
3065 2651 3369 2718 interiecta:
3403 2649 3635 2716 primttm

2043 2758 2136 2814 per
2167 2745 2308 2799 diem
2345 2745 2584 2800 tenebrae
2625 2744 2776 2802 velut
2805 2744 3022 2814 objectu
3063 2742 3458 2813 impenetrabili
3491 2756 3632 2812 prac-

2041 2835 2298 2891 cedentes
2326 2835 2648 2903 defendunt,
2703 2846 2759 2891 et
2803 2851 2836 2892 a
2887 2835 3333 2905 persequentium
3386 2834 3630 2900 impetu,

2042 2939 2244 2982 mutata
2274 2928 2672 2983 elementorum
2704 2929 2842 2988 vice,
2897 2917 3076 2982 tu'etur
3123 2925 3369 3000 trepidos
3415 2925 3633 2981 subdita

2043 3018 2220 3071 noetis
2243 3015 2470 3071 infusio.
2506 3017 2666 3087 Virga
2695 3017 2897 3074 deinde
2925 3018 3143 3089 Moyses
3169 3026 3459 3086 percutere
3487 3015 3635 3085 pela—

2041 3125 2137 3173 gtts
2166 3109 2386 3178 jubetur
2414 3107 2763 3178 im’nteusum,
2788 3123 2951 3178 atque
2977 3108 3044 3163 ad
3080 3108 3426 3178 praebendam
3461 3116 3635 3161 trans»

2044 3202 2299 3256 euntibus
2328 3202 2469 3272 viam
2520 3200 2773 3272 profundi
2822 3217 2993 3272 aquas
3033 3201 3268 3271 imperio
3310 3214 3632 3265 removere;

2043 3294 2188 3348 celsa
2220 3294 2549 3357 altrinsecus
2594 3294 2870 3351 undarum
2893 3295 3042 3349 acies
3088 3294 3344 3363 erigitur,
3395 3302 3453 3347 et
3499 3301 3635 3348 tam-

2041 3403 2202 3458 quam
2235 3386 2303 3443 ad
2332 3389 2548 3458 signum
2581 3386 2762 3444 bellici
2794 3389 2964 3444 moris
2994 3387 3293 3457 dispositos
3310 3393 3466 3444 stare
3491 3385 3641 3443 dice—

2042 3496 2128 3534 res
2161 3479 2383 3548 lluctus,
2414 3495 2476 3534 ac
2505 3493 2653 3534 mare
2686 3481 2822 3534 muri
2847 3479 3220 3534 similitudine
3247 3478 3537 3534 solidatam
3556 3477 3642 3534 in-

2043 3561 2334 3642 telligentis
2356 3561 2623 3643 obsequio
2641 3572 2829 3626 dividi.
2859 3570 3123 3627 Panditur
3145 3571 3348 3626 siccum
3380 3572 3629 3640 gradien-

2043 3665 2185 3716 tibus
2215 3663 2413 3728 solttm,
2447 3671 2504 3718 et
2549 3660 2655 3716 ima
2685 3662 2857 3733 pelagi
2892 3664 3060 3717 ardua
3100 3663 3328 3717 laterum
3364 3663 3511 3719 mole
3543 3680 3636 3718 va-

2039 3762 2300 3812 cuantur;
2338 3753 2641 3822 potiuloque
2690 3753 2742 3807 in
2790 3753 2944 3808 littus
2992 3753 3479 3823 aliud.evadente,
3514 3768 3636 3810 cum

2039 3859 2426 3916 persequentes
2458 3846 2785 3901 abeuntibus
2819 3846 3188 3912 iuuninercnt,
3228 3848 3392 3902 ictum
3420 3847 3636 3923 simili-

2038 3945 2122 3990 ter
2155 3951 2250 4006 per
2277 3936 2496 4007 Moysen
2523 3952 2737 3991 rursum
2767 3937 2820 3991 in
2844 3951 2906 3992 se
2928 3937 3186 3993 convenit
3210 3953 3384 4002 mare;
3405 3922 3472 3993 stet
3498 3953 3634 3993 tam-

2038 4046 2195 4101 quam
2229 4030 2298 4083 ob
2327 4029 2422 4085 Dei
2456 4031 2706 4100 injuriam
2742 4030 3253 4088 viridic'trelementi
3291 4033 3635 4087 immensitas

2038 4135 2263 4176 recursu
2293 4121 2582 4176 tumidiore
2614 4119 2932 4186 ciiiiliueret,
2965 4119 3350 4174 innumerabili
3377 4136 3635 4177 curruum

2036 4223 2092 4268 ct
2113 4229 2371 4282 equorum
2403 4228 2524 4271 cum
2559 4214 2746 4268 electis
2775 4213 3159 4268 ascensoribus
3188 4213 3480 4267 multitudo
3509 4217 3610 4268 sub

2037 4307 2334 4375 mergitur;
2367 4304 2636 4375 mixtaque
2667 4306 2849 4360 arenis
2879 4305 3206 4360 bellatorum
3237 4287 3446 4368 madas,
3490 4314 3628 4359 tam-

2037 4413 2198 4468 quam
2234 4412 2339 4451 non
2367 4381 2573 4462 fuisset,
2608 4397 2822 4451 obtecta
2851 4406 2956 4454 est.

2113 4488 2203 4542 llis
2234 4489 2546 4558 primordiis
2570 4488 2636 4543 ab
2671 4488 2941 4544 Abraham
2975 4489 3160 4561 Moyse
3189 4487 3324 4542 duce
3358 4487 3514 4558 plebs
3543 4503 3626 4544 as-

2038 4592 2251 4650 sumpta
2281 4580 2595 4636 Judzeorum
2628 4591 2748 4645 est;
2785 4592 2839 4636 et
2872 4591 2991 4649 post
3022 4581 3310 4634 transitum
3345 4578 3512 4632 matis
3544 4594 3629 4632 us-

2043 4688 2147 4742 que
2179 4673 2242 4725 ad
2273 4688 2516 4727 eremum
2551 4673 2602 4727 in
2630 4688 2732 4743 qua
2765 4671 3117 4743 Quadraginta
3167 4672 3323 4724 anuis
3355 4683 3626 4734 mansere,

2050 4747 2300 4833 perducti.
2319 4773 2466 4818 sunt.
2504 4774 2526 4802 ί·
2564 4764 2674 4820 Hos
2701 4781 2796 4834 per
2818 4741 3301 4819 nocteinzolumna
3328 4761 3465 4816 lucis
3491 4769 3619 4814 tatu-

2045 4871 2204 4926 quam
2245 4857 2459 4912 itineris
2485 4858 2590 4912 dux
2626 4857 2850 4928 prteibat
2881 4874 2894 4912 :
2925 4857 3112 4912 eadem
3160 4857 3320 4910 etiam
3349 4870 3444 4925 per
3484 4853 3628 4908 diem

2044 4964 2113 5003 ne
2144 4947 2317 5003 fessos
2371 4947 2628 5004 lassitudo
2669 4948 2992 5010 conﬁceret,
3026 4947 3092 5006 in.
3135 4947 3275 5002 nube
3308 4946 3626 5017 praecedens

2047 5040 2114 5093 ab
2145 5050 2310 5094 aestus
2337 5039 2528 5110 injuria
2553 5040 2878 5102 vindicabat.
2932 5041 3011 5098 Ita
3058 5055 3284 5111 prorsus
3325 5040 3626 5093 famulanti-

2045 5131 2148 5187 bus
2178 5131 2464 5188 elementis
2499 5133 2591 5187 Dei
2623 5135 2826 5188 auxilio
2854 5135 2934 5195 tisi
2967 5143 3116 5200 sunt,
3146 5139 3198 5187 ut
3231 5131 3285 5186 in
3316 5131 3438 5199 ejus
3467 5131 3633 5185 bene-

1979 5288 1984 5294 ι
2048 5223 2189 5277 ficiis
2223 5238 2329 5278 non
2360 5225 2475 5280 sola
2522 5215 2765 5298 scelestis
2795 5225 3051 5296 potentiae
3084 5224 3428 5295 dignatione,
3457 5221 3550 5277 sed
3583 5230 3634 5276 et

2052 5325 2290 5382 paterna.-
2319 5317 2537 5387 pietatis
2570 5318 2900 5388 indulgentia
2929 5319 3238 5373 fruerentur
3262 5358 3276 5380 ,
3310 5326 3364 5371 et
3398 5329 3518 5369 cum
3550 5313 3632 5367 in-

2038 5451 2200 5525 limus
2225 5453 2413 5525 editae,
2447 5470 2561 5522 qua:
2581 5455 2839 5525 fecissent.

2110 5520 2136 5558 ιι
2157 5524 2270 5595 :_Sic.
2303 5525 2355 5578 in
2389 5520 2546 5580 Vind.
2581 5520 2639 5580 et
2669 5525 2857 5592 Letn.;
2888 5525 2940 5581 in
2969 5523 3153 5592 editis,
3183 5524 3426 5595 populum
3451 5521 3630 5574 inimi-

2039 5593 2273 5667 tabiligm
2301 5596 2567 5667 signarunt
2594 5595 2836 5662 intimam,
2873 5597 3125 5666 pessime.

2113 5677 2134 5698 ε
2178 5662 2373 5719 Totum
2403 5673 2545 5721 hunc
2576 5668 2753 5720 locnm
2785 5662 3121 5723 restituimus
3149 5680 3250 5733 ope
3279 5665 3438 5717 codd.
3468 5662 3627 5716 Υὶιιιξ.

2039 5745 2091 5790 ei
2125 5735 2380 5806 Lemovsi
2409 5739 2552 5792 ίαέάϐ
2577 5737 2628 5791 in
2664 5738 2831 5806 priori
2858 5739 3119 5803 editione,
3137 5739 3338 5805 [meper
3359 5745 3626 5787 "0610!"...

2040 5806 2149 5858 diu:
2171 5805 2236 5857 iis
2265 5808 2502 5875 prmibut.
