1925 3132
137 134 196 169 ιωθ

733 131 1046 163 CONSULTATIONUM
1065 132 1129 161 LIB.
1150 132 1171 161 ἰ.

1710 130 1834 180 ,,,,_

136 194 280 224 Judaorutn
310 198 461 222 contumax
481 192 556 221 natio
572 199 627 221 non
654 192 742 221 solum
758 193 858 228 corrigi
882 191 931 220 de-
943 192 971 224 Α
984 195 1025 218 est
1039 190 1142 219 tardari
1157 190 1287 218 debuisse
1299 178 1449 226 postrema,
1468 177 1605 226 finemque
1618 188 1736 223 dih‘erri,
1753 177 1784 220 tit

137 246 242 274 tractat,
273 241 324 269 sed
350 240 429 276 argui
465 239 644 276 dedignatur;
673 240 777 276 Deique
812 239 928 275 imperio

135 287 223 316 missos
237 287 390 324 prophetas
402 286 518 316 diversis
534 287 704 316 mulctavere
723 287 876 323 suppliciis,
901 291 931 314 ut

135 334 307 363 humanarum
315 334 548 371 superstitionum
570 334 682 363 traditio
696 330 871 371 praesumptis
883 333 932 361 ho-

134 381 238 411 noribus
260 389 317 410 non
332 385 455 416 careret,
470 381 619 409 intentiosa
634 381 770 417 pravitate
784 380 932 416 designans

135 428 178 458 Dei
190 436 219 457 se
230 427 352 457 forsitan
364 428 510 465 praesentia
525 427 718 463 corrigendos,
743 434 825 463 quem
841 431 932 454 tamen

134 481 220 512 postea
232 476 312 505 cruci
321 476 421 504 dantes
435 478 500 512 post
513 475 591 511 signa
597 479 679 511 atque
692 475 809 502 virtutes
820 473 934 503 credere

134 524 291 557 noluerunt,
314 530 380 552 cum
403 527 432 551 et
452 527 600 551 venturum
623 523 752 557 scissent,
778 525 806 550 et
826 521 934 550 venisse

134 575 339 608 cognoscerent.

430 617 545 647 CAPUT
563 617 635 646 XX].

134 665 163 695 Si
176 665 313 702 prteﬁnita
327 665 518 693 consummatio
531 668 574 699 sit,
591 673 626 692 an
641 664 706 692 ordo
719 664 836 693 exhibeat
845 664 935 699 ﬁnem.

133 736 136 738 .
166 713 268 741 Aron.
279 726 318 734 ——
331 712 361 741 Si
371 712 454 748 igitur
466 716 519 739 tant
533 711 704 740 necessarius
718 710 850 739 adventus
865 709 938 738 illius

133 759 190 794 fuit,
206 764 235 788 ut
250 767 301 796 per
313 767 345 788 se
360 758 475 787 formam
494 758 608 795 justitiae
629 758 792 794 prtebiturus
811 756 868 794 pali
887 765 938 793 pro

134 807 257 836 omnibus
273 814 330 835 non
343 811 496 841 recuSaret,
505 807 531 834 in
547 811 635 835 morte
650 808 759 841 propria
771 812 848 841 spem
858 812 939 833 novae

126 853 345 883 resurrectionis
360 853 509 882 ostendens
519 861 526 887 ;
539 861 588 881 cur
595 857 623 881 et
632 853 678 881 Dei
687 852 849 881 beneficium
857 857 884 881 et
895 847 951 880 sa?

983 236 1180 272 plenitudinem
1196 234 1471 271 justitize'plenitudo
1494 240 1647 271 temporum
1661 235 1784 264 custodi.

980 288 1034 318 ret,
1049 288 1077 311 et
1088 283 1159 311 inter
1173 282 1350 311 traditionem
1363 289 1395 310 ac
1412 274 1547 319 judicium
1564 290 1613 318 per
1636 281 1782 319 prolixita-

981 333 1037 358 tem
1049 329 1162 358 abolitio
1177 337 1230 357 non
1246 329 1380 365 auferret,
1396 328 1469 364 quod
1485 336 1582 364 magna
1599 328 1646 357 Dei
1659 328 1783 364 dignatio

983 368 1175 413 praestitisset?
1198 376 1228 405 Si
1254 375 1327 404 enim
1341 376 1384 404 vel
1399 368 1497 404 mediis
1508 375 1551 404 vel
1567 376 1785 412 quibuscumque

983 428 1047 452 ante
1074 422 1246 459 temporibus
1271 417 1397 451 Christus
1422 422 1553 455 venisset,
1573 422 1630 457 jam
1647 429 1702 450 non
1727 421 1785 449 soia

984 469 1081 498 abusio
1094 469 1187 504 (idem,
1202 469 1251 498 sed
1264 467 1326 498 cum
1341 469 1474 498 abusione
1489 468 1598 497 tulisset
1620 472 1649 497 et
1670 460 1786 502 oblivio,

985 515 1115 554 nullaque
1132 518 1337 555 justitite'cura
1370 518 1512 547 ltominum
1527 517 1611 546 corda
1632 517 1788 551 morderet;

985 566 1116 602 quoniam
1142 565 1282 595 difficilius
1295 566 1414 602 antiquis
1426 565 1593 595 credendum
1605 569 1679 595 esset
1692 573 1788 594 exem-

987 612 1051 648 ptis.
1063 620 1125 641 cum
1136 613 1181 641 vix
1194 613 1352 642 recentibus
1366 613 1434 642 fides
1444 609 1536 641 detur.
1551 613 1622 642 Ecce
1631 612 1723 641 adhuc
1736 613 1791 641 Do-

986 660 1098 689 minicae
1119 661 1210 689 crucis
1238 668 1272 689 ac
1300 661 1399 689 mortis
1413 660 1525 695 .indicia
1553 660 1646 689 felicis
1671 659 1791 696 sepulcri

988 709 1094 738 exuviae
1103 709 1258 744 continent,
1272 714 1299 737 et
1312 709 1436 745 signatus
1446 716 1461 737 a
1477 709 1605 745 presenti
1618 708 1793 737 multitudine

990 756 1067 786 locus
1082 761 1143 792 post
1158 757 1371 785 resurrectionis
1394 757 1483 785 visum
1508 756 1650 786 caelestem
1676 760 1794 786 testatur

988 812 1135 833 ascensum
1150 813 1158 834 :
1185 812 1255 841 pene
1268 804 1357 833 adhuc
1372 804 1430 833 solo
1445 803 1569 833 resident
1583 795 1683 839 pedum
1700 806 1794 840 presta

989 852 1116 889 vestigia,
1145 860 1178 880 ac
1198 844 1323 881 lustratae
1349 852 1479 888 operibus
1512 852 1640 889 regiones
1664 852 1795 880 virtutum

134 900 470 929 lushominumtantorum
479 906 631 935 temporum
638 899 770 927 dilatione
777 898 880 927 tardata
887 897 941 927 est?
956 901 980 932 Β
994 900 1119 936 exempla
1132 899 1343 929 demonstrant:
1358 905 1386 928 et
1396 907 1411 927 a
1425 899 1521 928 multis
1531 898 1658 928 Christus
1670 904 1718 927 aut
1732 899 1796 935 quia

169 948 272 977 ΖΑοαιι.
287 962 323 968 -
337 947 454 980 Grandi,
469 951 500 975 ut
517 946 656 983 inspicere
680 945 803 982 potuisti,
829 945 940 982 dispen-

130 995 241 1025 tatiune
256 994 486 1023 Dei'humanum
515 1001 531 1021 a
546 993 685 1030 principio
709 1000 797 1029 genus
822 997 940 1021 tutatum

136 1050 245 1078 semper
261 1046 306 1071 est
320 1047 403 1077 atque
425 1044 580 1075 servatum;
607 1045 635 1069 et
656 1040 681 1068 si
698 1040 821 1068 breviter
834 1046 942 1067 summa

136 1091 323 1127 perstringas,‘
340 1087 448 1117 videbis
463 1088 498 1116 ad
511 1087 566 1116 hoc
576 1087 677 1116 divinae
691 1087 873 1123 providentiae
897 1094 945 1115 or-

136 1137 227 1166 dinem
238 1136 427 1170 concurrisse,
442 1143 478 1163 ne
487 1135 563 1171 justo
573 1134 677 1170 judicio
685 1134 736 1163 Dei
746 1141 861 1162 necesse
871 1137 945 1162 esset

138 1183 267 1212 homines
291 1181 421 1211 aboleri:
438 1181 527 1218 potuit
541 1181 616 1209 enim
641 1181 739 1209 mortis
754 1181 892 1208 sententia
916 1180 945 1208 in

137 1231 224 1268 prima
236 1230 331 1258 statim
348 1228 566 1265 transgressione
576 1228 718 1263 compleri,
731 1232 760 1255 ut
769 1232 948 1255 temeratores

139 1280 307 1316 punirentur
325 1277 423 1311 edicti,
438 1281 467 1306 et
483 1280 575 1305 tamen
592 1284 643 1313 pro
656 1276 765 1304 ratione
779 1276 947 1312 paenitentiae

140 1328 253 1357 vivendi
287 1333 396 1362 tempus
431 1325 570 1355 indultum
612 1330 663 1353 est.
702 1324 948 1355 Subcrescentibus

140 1380 234 1412 postea
250 1374 406 1403 sceleribus
418 1377 493 1401 terra
503 1371 710 1409 corrumpitur;
724 1372 772 1400 sed
782 1372 820 1400 ita
836 1370 951 1407 pollutio

141 1423 242 1452 eluitur
256 1421 440 1454 elementi,ut
452 1428 501 1456 per
512 1419 571 1449 Noe
582 1420 694 1448 humani
707 1419 818 1455 generis
828 1418 951 1454 reliquias

142 1474 336 1500 reserventur.
350 1468 419 1497 Post
432 1467 566 1495 diluvium
579 1466 679 1495 valida'
690 1466 746 1502 jam
765 1470 794 1494 et
812 1465 952 1501 multiplex

141 1524 244 1547 manus
274 1516 303 1544 in
330 1514 545 1543 aediﬁcationem
567 1513 651 1542 turris
679 1513 814 1549 insurgit,
842 1517 870 1540 et
896 1519 952 1540 non

142 1564 333 1601 exstinguitur
345 1569 396 1600 pro
407 1562 577 1590 immanitate
586 1560 655 1594 ausi,
670 1560 718 1588 sed
729 1565 759 1588 ut
774 1559 876 1595 corrigi
890 1566 955 1595 pos-

992 948 1043 976 fuit
1051 952 1186 981 mortuus,
1199 948 1270 975 Deus
1278 954 1341 975 esse
1352 954 1407 975 non
1422 947 1592 981 aestimatur;
1607 951 1655 975 aut
1667 947 1797 982 quoniam

993 995 1016 1023 si
1032 995 1115 1029 Deus,
1138 994 1223 1023 fuisse
1241 999 1367 1022 mortuus
1382 998 1411 1022 et
1427 999 1490 1030 post
1513 998 1631 1023 mortem
1651 1002 1800 1032 resurgere

994 1043 1117 1080 potuisse
1131 1050 1185 1072 non
1200 1043 1340 1077 creditur;
1356 1050 1418 1071 cum
1437 1048 1540 1079 prater
1562 1047 1663 1072 caetera
1677 1047 1706 1072 et
1724 1051 1801 1072 mors

996 1090 1134 1120 hominem
1162 1092 1276 1127 probet,
1304 1096 1332 1119 et
1357 1091 1526 1120 resurrectio
1561 1091 1659 1120 Deum.
1684 1091 1802 1120 Exstant

997 1143 1130 1174 praeterea
1140 1137 1306 1173 Apostolicae
1313 1137 1534 1167 conversationis
1543 1142 1633 1171 actus,
1646 1142 1674 1166 et
1684 1137 1801 1167 formam

995 1185 1109 1222 iustitia:
1133 1185 1148 1205 ι)
1164 1185 1240 1221 sequi
1257 1192 1328 1221 pene
1342 1189 1402 1213 uta
1433 1185 1615 1220 praesentibus
1639 1185 1800 1219 edocemur,

999 1240 1060 1261 cum
1071 1240 1104 1261 ea
1123 1240 1185 1269 quae
1206 1232 1303 1261 fecisse
1317 1232 1435 1269 legimus
1460 1233 1549 1267 vivos,
1573 1233 1657 1261 etiam
1672 1237 1736 1261 ante
1756 1232 1805 1261 de-

1000 1279 1156 1309 functorum
1170 1279 1280 1309 cineres
1296 1280 1355 1308 ﬁeri
1374 1288 1448 1316 saepe
1462 1280 1614 1308 videamus.
1629 1279 1680 1308 Vix
1692 1281 1806 1317 propin-

1001 1327 1105 1363 quitate
1116 1326 1179 1354 finis
1193 1332 1222 1355 et
1237 1327 1367 1355 instantis
1382 1326 1519 1355 examinis
1541 1331 1649 1355 terrore
1663 1327 1808 1363 compelli-

1002 1381 1075 1408 mur,
1093 1374 1199 1402 relictis
1225 1373 1318 1407 idolis,
1339 1381 1434 1402 veram
1456 1373 1549 1402 colere
1571 1373 1760 1408 divinitatem;
1779 1379 1809 1402 et

1003 1421 1076 1450 inter
1092 1422 1210 1458 primatu
1225 1420 1307 1458 quem
1332 1422 1460 1451 novimus
1485 1429 1519 1451 ac
1539 1422 1690 1451 secundum
1704 1421 1809 1451 Christi

1004 1476 1086 1505 quem
1108 1473 1303 1505 exspectamus
1330 1469 1501 1503 adventum,
1527 1469 1663 1498 brevitate
1693 1469 1809 1499 salutari

1005 1519 1088 1552 atque
1104 1516 1171 1551 ipsis
1183 1521 1337 1552 temporum
1353 1520 1494 1545 arctamur
1504 1516 1649 1553 angustiis,
1672 1524 1724 1545 nec
1739 1516 1812 1546 obli-

1005 1563 1114 1592 vionem
1128 1564 1275 1592 admittere
1288 1568 1500 1600 praeceptorum,
1518 1571 1569 1592 nec
1582 1564 1730 1600 promissa
1744 1565 1812 1594 bea-

144 1612 263 1642 sitcum
283 1610 468 1639 admiratione
491 1608 670 1645 dispergitur.
697 1607 875 1636 Postmndum
899 1614 954 1635 non
968 1609 992 1642 C
1009 1610 1130 1638 titndinis
1154 1610 1304 1647 desperare
1332 1616 1508 1647 proventum.
1531 1610 1724 1640 Necessarium
1744 1619 1813 1649 ergo

143 1663 275 1689 cessante
288 1656 417 1695 perfidia,
436 1656 508 1685 sicut
522 1655 579 1684 Noe
589 1655 617 1683 in
630 1654 733 1683 diluvio
747 1653 784 1682 ob
798 1653 953 1690 generatio-

143 1714 220 1740 nem,
236 1708 276 1734 ita
291 1704 432 1734 Abraham
443 1703 478 1731 ad
489 1701 694 1739 propagandam
705 1700 786 1729 fidem
799 1701 827 1728 in
836 1699 953 1736 quadam

144 1754 282 1783 vitiorum
298 1750 479 1781 inundatione
491 1750 648 1779 secernitur
663 1757 669 1776 :
691 1747 889 1784 multiplicatus
906 1754 956 1782 per

143 1799 207 1836 eius
235 1797 400 1836 progeniem
423 1795 541 1833 populus
564 1794 758 1832 Egyptiorum
791 1792 957 1829 contagione

145 1848 284 1885 polluitur
299 1868 308 1881 ,
336 1850 365 1875 et
377 1844 417 1874 ’ad
431 1845 481 1873 Dei
496 1844 602 1873 cultum
618 1851 672 1872 non
686 1842 781 1879 iudicii
797 1842 956 1875 severitate.

145 1895 199 1926 sed
214 1893 364 1925 beneﬁciis
377 1892 520 1930 signisque
531 1897 677 1921 revocatur
691 1900 698 1919 :
712 1891 810 1920 iterum
824 1890 851 1918 in
865 1896 959 1919 eremo

146 1942 217 1972 deos
231 1940 381 1978 sculptiles
400 1939 529 1969 faciendo
544 1947 560 1967 a
573 1946 642 1968 vero
656 1942 782 1968 creatore
792 1937 938 1967 discedunt
951 1947 957 1966 :

146 1994 294 2027 tamquam
318 1992 384 2017 tunc
406 1987 529 2024 primum
557 1985 640 2015 factis
668 1986 839 2020 hominibus,
863 1991 910 2014 aut
931 1985 960 2014 in

145 2044 238 2068 censu
253 2044 311 2066 non
334 2035 499 2064 habentibus
513 2035 611 2071 legem,
624 2034 669 2063 lex
684 2034 734 2063 Dei
755 2041 883 2063 sermone
895 2041 961 2062 con-

147 2085 254 2122 scripta
265 2083 361 2121 lloyse
375 2082 519 2112 deferente
532 2081 742 2111 transmittitur.

185 2132 258 2161 Cum
272 2137 339 2160 vero
355 2130 537 2159 nihilominus
558 2129 686 2167 impietas
708 2134 846 2165 serperet,
860 2129 961 2165 praedi-

148 2182 226 2209 catio
241 2178 402 2215 adjungitur
416 2178 627 2214 prophetarum,
639 2182 667 2205 et
687 2177 842 2212 interiectis
857 2182 963 2213 tempo-

148 2227 233 2256 ribus
243 2230 258 2246 ι
272 2225 366 2254 divina
393 2223 549 2253 sollicitudo
564 2231 675 2260 semper
693 2224 720 2251 in
733 2223 913 2261 speculisraut
927 2224 963 2252 ab

150 2282 253 2305 errore
269 2273 409 2310 prohibet,
423 2276 471 2301 aut
485 2272 663 2300 mediocriter
676 2270 824 2300 vindicans
836 2272 963 2300 viventes

152 2323 182 2352 in
196 2329 295 2352 errore
307 2320 433 2356 castigat.
449 2317 512 2355 ipse
525 2319 559 2347 ad
570 2324 724 2348 extremum
741 2319 805 2348 caeli
827 2323 965 2354 terraeque
977 2318 1006 2349 D

150 2375 183 2400 et
195 2370 320 2399 hominis
343 2358 483 2401 condi-tor,
497 2367 570 2396 velut
587 2374 693 2402 magna
710 2366 823 2394 familiae
836 2365 964 2394 dominus

154 2416 288 2446 ﬁdelibus
302 2414 425 2444 ~famulis
445 2418 509 2442 ante
522 2413 687 2449 praemissis,
701 2413 832 2449 potentia:
844 2420 901 2441 suae
912 2412 967 2440 lar-

154 2463 233 2501 gitur
246 2462 413 2495 adventum,
425 2460 645 2497 assumptionem
659 2460 761 2488 terreni
776 2459 902 2496 corporis
918 2466 967 2494 pro

155 2509 304 2539 hominum
316 2508 406 2537 salute
417 2515 470 2536 non
482 2514 635 2542 spernens:
651 2510 734 2542 atque
747 2506 774 2534 in
786 2507 874 2542 ipsum
885 2512 966 2541 quem

157 2556 261 2589 induit,
276 2556 368 2584 crucis
381 2553 539 2591 passionem
553 2558 727 2589 mortemque
742 2558 919 2586 convertens,
940 2557 968 2580 et

157 2603 363 2642 plenitudinem
379 2600 448 2638 legis
462 2600 585 2629 exhibuit
598 2604 627 2628 et
640 2600 748 2628 salutis.

196 2651 376 2687 Quaeriseur
388 2653 452 2678 ante
474 2655 531 2677 non
547 2648 672 2676 venerit?
683 2647 782 2677 Nonne
798 2647 825 2676 in
840 2651 969 2684 promptu

161 2722 262 2758 magis
275 2721 378 2757 placuit
393 2728 473 2756 quam
490 2727 524 2748 ea
535 2728 596 2758 qum
606 2720 672 2758 olim
695 2720 767 2758 edita
782 2724 835 2752 est,
847 2718 971 2758 Merceri.

162 2755 243 2788 Ηπιῖά
257 2755 296 2786 ita
315 2755 408 2784 multo,
421 2762 499 2790 post,
526 2756 684 2793 trucidatum
697 2756 851 2793 legebatur.
869 2755 914 2783 ubi
939 2763 973 2782 ex

1005 1655 1084 1685 vides
1095 1656 1190 1690 fuisse,
1205 1661 1235 1685 ut
1250 1657 1445 1686 interclusione
1454 1657 1619 1687 saeculorum
1635 1665 1686 1687 nec
1700 1658 1814 1694 pericli-

1006 1704 1059 1732 tari
1070 1704 1152 1732 tinem
1166 1704 1270 1733 sineret
1284 1705 1476 1741 propinquitas
1495 1705 1630 1734 adventus
1644 1705 1772 1740 alterius,
1787 1710 1815 1735 et

1008 1751 1113 1779 servari
1140 1751 1274 1787 justitiam
1288 1751 1436 1780 imminens
1455 1751 1551 1788 judieii
1567 1756 1656 1781 terror
1673 1753 1814 1790 exigeret;

1002 1799 1147 1835 praecipue
1174 1806 1236 1827 cum
1252 1800 1371 1827 maxima
1396 1804 1471 1828 esset
1486 1804 1513 1828 et
1525 1792 1645 1835 perfecta
1659 1796 1815 1836 delaturos,

1009 1850 1038 1874 et
1056 1852 1117 1881 quae
1137 1844 1259 1881 perfecta
1279 1849 1343 1874 sunt
1368 1845 1422 1874 nisi
1442 1850 1581 1882 postrema
1603 1854 1666 1877 esse
1679 1855 1734 1876 non
1750 1855 1816 1884 pos-

1009 1892 1076 1921 sint.
1094 1892 1192 1921 Videto
1203 1893 1290 1927 enim,
1304 1898 1423 1929 quantos
1444 1894 1570 1922 anterior
1588 1894 1664 1929 illius
1680 1895 1818 1925 salvasset

1011 1940 1157 1974 adventus,
1173 1940 1266 1976 plures
1274 1945 1350 1969 certe
1364 1948 1445 1976 quam
1459 1935 1531 1971 nunc
1542 1941 1635 1977 faciet,
1652 1949 1715 1972 cum
1732 1951 1748 1971 a
1761 1942 1816 1972 ﬁde

1012 1987 1149 2015 invenerit
1172 1987 1287 2022 alienos,
1318 1988 1456 2023 posterior
1480 1987 1662 2024 perdidisset;
1684 1990 1816 2025 quoniam

1012 2041 1093 2070 quem
1109 2034 1204 2062 talium
1220 2033 1393 2062 curationum
1408 2033 1530 2063 remedia
1546 2042 1601 2064 non
1616 2036 1750 2070 sanarint,
1768 2036 1818 2065 de-

1013 2081 1132 2109 nuntiati
1147 2081 1281 2109 examinis
1294 2082 1363 2109 ordo
1383 2081 1540 2115 damnabit;
1557 2090 1660 2118 parque
1674 2082 1701 2111 in
1717 2083 1818 2120 despe-

1014 2129 1151 2157 rationem
1163 2129 1355 2164 perpetuitatis
1367 2130 1606 2165 esseeaspectatio
1617 2135 1719 2166 potest,
1732 2131 1818 2160 Deum

1015 2184 1064 2212 per
1079 2176 1167 2212 legem
1181 2175 1264 2210 scire,
1290 2181 1319 2204 et
1339 2175 1416 2204 nolle
1436 2176 1581 2212 justitiam,
1596 2185 1677 2213 quam
1691 2185 1723 2206 ea
1736 2185 1819 2213 agere

1015 2223 1199 2260 qumjttstitia:
1213 2222 1372 2257 videantur,
1398 2228 1426 2252 et
1451 2223 1537 2252 Deum
1565 2232 1614 2260 per
1637 2224 1724 2261 legem
1745 2226 1821 2256 nolle

1015 2277 1195 2307 cognoscere.

1331 2299 1426 2348 spur
1443 2317 1528 2348 xxn.

1106 2390 1137 2418 Si
1151 2398 1262 2427 corpora
1279 2392 1454 2426 reformentur
1466 2390 1494 2418 in
1512 2391 1735 2420 resurrectionem.

1057 2459 1160 2487 Areu.
1173 2474 1208 2479 -
1223 2458 1283 2486 Non
1296 2459 1584 2498 ignoramus-animas
1607 2459 1745 2496 depositis
1759 2467 1822 2489 cor-

1022 2506 1135 2542 poribus
1150 2505 1184 2534 ad
1195 2505 1293 2540 Deum,
1306 2505 1333 2534 id
1345 2509 1389 2534 est
1407 2506 1442 2534 ad
1455 2511 1599 2535 auctorem
1614 2507 1759 2543 proprium
1779 2515 1826 2537 re-

1022 2560 1131 2586 meare;
1146 2553 1195 2581 sed
1207 2553 1234 2581 in
1247 2552 1290 2581 his
1305 2553 1382 2588 prius
1393 2557 1565 2582 contractam
1578 2554 1706 2582 humanis
1719 2555 1827 2584 actibus

1023 2599 1114 2628 labem
1130 2600 1247 2628 atherio
1275 2599 1337 2636 igne
1350 2600 1473 2635 purgari,
1488 2604 1519 2628 ut
1529 2599 1587 2628 Deo
1606 2599 1707 2629 iterum
1722 2609 1757 2630 ex
1772 2593 1829 2637 quo

1023 2647 1120 2683 utique
1138 2652 1214 2681 sunt,
1244 2654 1322 2683 pura:
1336 2654 1370 2674 ac
1384 2646 1527 2682 simplices
1548 2644 1730 2676 misceantur.
1749 2647 1829 2677 Unde

1045 2722 1076 2781 Ida
1092 2718 1137 2760 Sic
1148 2725 1222 2755 saepe
1236 2717 1338 2746 laudati
1349 2716 1461 2747 codices
1477 2727 1485 2746 :
1510 2717 1539 2746 in
1550 2717 1645 2753 editis,
1661 2706 1752 2747 diuina
1768 2728 1830 2756 pra-

1045 2763 1050 2781 Ι
1071 2760 1150 2781 entia.
1483 2774 1486 2776 ν

1027 2760 1150 2782 viderunt.

160 2796 263 2825 iisdem
278 2793 360 2822 codd.
379 2792 547 2821 restitttitnus
564 2792 635 2819 cruci
650 2790 750 2820 dante}.
770 2792 880 2820 initium
901 2792 976 2827 capi-
1065 2790 1079 2810 δ
1090 2790 1199 2827 Optima
1213 2790 1516 2828 eorumdemcodicum
1532 2790 1615 2819 lectio
1630 2799 1638 2819 :
1656 2791 1733 2828 prior
1747 2791 1833 2821 editio

162 2832 201 2859 tis
215 2830 367 2866 sequentis,
384 2828 497 2866 eosdem
526 2828 742 2866 codices_secuti
757 2850 764 2861 ,
789 2828 872 2866 aliter
887 2826 977 2856 edidi-
1030 2828 1101 2864 sequi
1114 2826 1204 2866 prout,
1218 2828 1349 2863 pessime.
1364 2826 1443 2866 Quod
1468 2828 1603 2866 sequitur,
1618 2826 1666 2855 nisi
1679 2829 1836 2866 prppinquig

162 2875 242 2902 pas,
255 2863 338 2901 quam
348 2866 415 2897 olim
431 2864 566 2902 Acherins
580 2872 587 2891 :
599 2864 656 2902 sed
670 2873 731 2902 qua:
747 2865 977 2902 mutavimusnon
1033 2868 1095 2902 tale,
1110 2863 1271 2902 mendosum
1287 2868 1355 2902 est;
1365 2863 1464 2896 setLita
1479 2869 1510 2892 ut
1528 2863 1610 2892 facile
1619 2863 1794 2898 emendetur,
1812 2865 1836 2892 si

164 2899 305 2944 eiusde).
318 2905 397 2936 sunt,
412 2904 444 2929 ut
467 2900 503 2929 de
516 2900 632 2937 singulis
650 2899 785 2930 lectorem
813 2900 919 2930 moneri
934 2907 981 2929 ne—
1034 2899 1152 2936 legatur,
1168 2900 1206 2928 sic
1217 2899 1418 2937 propinquitate.
