3850 6264
457 351 470 358 σ

116 369 237 378 *ου-

1550 343 1875 407 ΖΑΟΟΗΔΞΙ
1912 335 2306 406 CBBISTIANI

3456 331 3600 400 1098

279 466 475 545 gabdia
504 482 604 527 sua
632 464 1011 543 unusquisque
1035 466 1120 526 sic
1148 463 1365 539 diligat,
1393 470 1455 521 ut
1502 462 1777 521 claritatis
1803 461 1886 517 di—
1911 463 1964 525 Α
1991 476 2097 517 non
2127 468 2342 528 carent,
2372 474 2436 518 ac
2464 459 2590 531 plus
2612 472 2777 533 quam
2834 457 3090 515 homines
3138 456 3319 514 sciant
3366 432 3601 513 necesse

280 567 540 622 stantiam
588 565 707 635 pari
735 562 1157 621 immortalitate
1183 568 1525 633 compenset.
1570 558 1733 616 Nulla
1774 569 1885 613 tum

280 658 597 731 interiectio
621 658 803 715 noctis
832 656 1257 715 continuitatem
1289 656 1402 712 diei
1434 655 1685 727 lucisque
1716 652 1888 708 viola.

282 752 365 811 bit
390 771 405 809 :
426 768 673 827 praesens
696 753 843 809 enim
865 751 1213 809 cernentium
1240 750 1451 807 visibus
1484 747 1650 830 Deus,
1676 742 1733 803 et
1762 744 1891 802 bea~

284 855 465 905 torum
495 846 700 904 lmtitite
728 860 953 919 semper
1008 846 1163 903 socia
1204 842 1467 900 divinitas
1497 839 1890 899 obscuritatem

284 942 523 1016 iugabit,
570 942 853 1014 diemque
876 940 1138 1013 iunctura
1165 948 1271 997 est.
1300 936 1419 994 Non
1452 937 1595 993 livor
1631 934 1890 1000 miseros,

286 1052 400 1094 non
424 1037 669 1108 suspicio
688 1036 911 1094 vexabit
933 1036 1207 1105 incautos,
1231 1033 1417 1090 nullus
1439 1018 1608 1089 animi
1634 1046 1700 1089 ac
1720 1031 1896 1087 visce—

286 1146 411 1189 rum
432 1129 625 1199 dolor;
659 1130 925 1203 nullaque
948 1128 1158 1202 peccati
1204 1126 1291 1183 vel
1321 1124 1649 1194 necessitas,
1688 1124 1776 1181 vel
1804 1137 1898 1179 oc-

289 1224 481 1294 casio,
510 1222 601 1281 vel
636 1222 898 1280 voluntas
936 1230 1174 1279 mortem
1204 1231 1297 1277 aut
1338 1221 1540 1277 mereri
1582 1217 1749 1274 faciet
1802 1226 1898 1273 aut

286 1319 471 1377 timeri
502 1336 518 1376 :
544 1317 865 1377 vernabunt
889 1325 1087 1376 cuncta
1118 1331 1243 1373 cum
1279 1314 1585 1382 fructibus,
1643 1302 1895 1368 omnium

286 1416 477 1487 specie
533 1415 691 1471 nulla
741 1426 1051 1488 temporum
1104 1413 1375 1471 varietate
1433 1419 1639 1467 mutata
1695 1425 1710 1464 :
1755 1407 1897 1465 odor

288 1523 414 1567 cum
442 1505 766 1567 amoenitate
795 1507 1034 1566 certabit
1065 1523 1081 1564 :
1114 1521 1223 1562 non
1270 1505 1384 1561 illic
1421 1505 1753 1577 importuna:
1799 1502 1897 1558 ob-

290 1602 656 1659 scuritatibus
682 1602 918 1675 pluviae,
952 1610 1047 1657 aut
1098 1599 1358 1673 perennis
1406 1615 1557 1657 aura:
1591 1599 1897 1654 libertatem

291 1696 447 1769 rigor
491 1697 755 1769 calorque
808 1694 1288 1768 corrumpetzsed
1335 1692 1584 1769 manebit
1631 1704 1898 1765 perpetuo

289 1786 490 1847 blanda
518 1788 816 1862 temperies
835 1829 853 1856 ,
883 1797 939 1845 et
970 1786 1370 1844 inaestimabilis
1391 1786 1551 1859 illius
1602 1783 1898 1843 beatitudi-

1991 563 2109 621 est,
2160 568 2393 625 quorum
2443 562 2497 610 et
2524 553 2733 611 creatio
2772 551 3062 610 sublimior
3088 558 3173 608 est
3197 592 3213 615 ,
3242 564 3345 607 nec
3372 558 3600 605 terreno

1990 660 2226 718 corpore
2255 662 2452 704 sensus
2498 645 2822 703 includitur.
2858 645 2927 701 Et
2952 660 3097 718 quae,
3143 658 3333 716 rogo,
3371 640 3601 698 illorum

1992 739 2256 798 divinatio
2283 744 2405 799 est?
2435 742 2631 800 Nonne
2654 740 2910 798 similiter
2946 754 3072 796 cum
3116 736 3431 824 hominibus
3461 746 3603 807 quos

1996 856 2093 913 per
2115 841 2245 897 vitia
2282 841 2575 910 ceperint,
2623 838 2829 897 Christi
2882 830 3227 894 invocatione
3274 829 3605 891 terrentur?

1995 933 2199 990 Volunt
2223 932 2471 1006 quaedam
2500 940 2697 1005 sponte
2724 930 3061 1003 praedicere,
3100 938 3155 985 et
3184 927 3255 984 de
3276 923 3601 983 absentibus

1994 1029 2081 1086 vel
2107 1027 2349 1094 futuris,
2378 1028 2535 1085 velut
2571 1026 2865 1083 manifesta
2914 1022 3279 1089 denuntiant,
3324 1019 3450 1076 dum
3506 1025 3605 1074 aut

1998 1122 2272 1180 medelam
2295 1121 2632 1179 cruciatibus
2660 1130 2919 1192 sperant,
2975 1126 3068 1173 aut
3097 1115 3458 1189 prmdicturos
3483 1113 3607 1169 imi-

1997 1226 2186 1273 tantur
2210 1224 2271 1272 ut
2293 1215 2505 1271 fallant.
2558 1212 2750 1270 Omnis
2797 1225 2978 1269 tamen
3009 1208 3300 1267 divinandi
3326 1205 3608 1264 simulatio

1998 1311 2067 1368 de
2099 1310 2265 1367 rebus
2290 1308 2614 1379 actibusque
2640 1306 2875 1364 terrenis
2896 1315 2984 1363 est
3018 1324 3031 1361 :
3061 1302 3199 1360 nihil
3225 1311 3352 1358 ante
3372 1300 3604 1369 factum,

1966 1436 1973 1451 ς
1998 1406 2146 1479 quod
2176 1404 2251 1462 sit
2279 1405 2372 1461 Dei
2395 1403 2447 1469 ι»,
2477 1401 2814 1476 prmvident;
2845 1400 2981 1458 nihil
3006 1398 3159 1473 prius
3186 1412 3348 1469 quam
3379 1394 3607 1452 videant

1998 1498 2227 1556 caeleste
2256 1506 2561 1562 noverunt;
2593 1507 2644 1553 et
2674 1495 2819 1568 quod
2846 1495 3020 1566 magis
3042 1493 3263 1560 mirere,
3299 1506 3367 1546 ne
3399 1488 3611 1560 cogita-

2002 1593 2181 1649 tiones
2208 1590 2429 1663 quidem
2462 1590 2517 1645 in
2546 1588 2807 1645 cordibus
2852 1588 3130 1644 hominum
3163 1581 3609 1656 deprehendunt.

2072 1684 2171 1764 His
2195 1700 2327 1756 ergo
2352 1682 2654 1755 non‘pudet
2690 1682 2901 1738 cultum
2932 1695 3077 1736 verae
3106 1675 3408 1735 divinitatis
3433 1674 3615 1731 ascri-

2000 1776 2167 1848 bere,
2221 1779 2309 1835 his
2337 1775 2505 1833 vitam
2555 1774 2795 1833 hominis
2840 1789 3108 1848 spemque
3155 1770 3455 1836 committi,
3484 1770 3613 1841 qui-

290 1880 380 1940 nis
431 1883 627 1955 gaudia
680 1881 1086 1955 prateritorum
1117 1880 1434 1938 recordatio
1462 1879 1614 1936 nulla
1642 1878 1895 1945 vexabit;
1926 1874 1979 1939 B
2006 1874 2106 1931 bus
2154 1872 2647 1930 circumscribendi
2696 1887 2916 1942 semper
2937 1867 3099 1926 dolus
3148 1875 3265 1937 est,
3297 1874 3355 1923 et
3380 1864 3613 1923 fallendi

290 1975 366 2033 ita
398 1968 461 2033 ut
488 1977 783 2049 praesentis
806 1976 993 2034 mundi
1034 1991 1198 2033 usum
1225 1975 1443 2032 etiamsi
1468 1975 1699 2033 abolitio
1719 1974 1899 2032 futura

293 2086 405 2129 non
429 2070 673 2141 tolleret,
706 2072 983 2137 transisse
1012 2066 1197 2153 tamen
1223 2070 1531 2141 gauderent
1551 2070 1686 2143 justi
1716 2070 1901 2141 potius

290 2180 456 2240 quam
481 2165 756 2224 dolerent.

853 2258 1087 2319 CAPUT
1125 2257 1345 2316 XXVII.

296 2354 361 2411 Si
403 2352 543 2411 Deus
591 2354 738 2410 solus
784 2355 1001 2411 debetur
1037 2356 1325 2426 honorari,
1369 2371 1527 2427 quare
1573 2354 1903 2427 etrltomines

366 2427 717 2494 honorantur,
742 2436 792 2483 et
812 2428 1068 2502 imagines
1105 2426 1417 2499 scalpuntur
1459 2430 1513 2481 in
1545 2426 1681 2483 uasis
1705 2426 1825 2483 Dei.

363 2519 565 2579 APOLL.
593 2551 670 2562 --
696 2520 889 2593 Magna
942 2529 1048 2584 est,
1088 2521 1235 2576 sicut
1262 2520 1435 2587 dicis,
1477 2518 1789 2576 adhortatio
1816 2519 1905 2576 fu-

295 2621 569 2684 turorum,
601 2613 700 2672 sed
730 2614 974 2671 nondum
1010 2615 1186 2685 patuit
1223 2614 1510 2686 gentilium
1544 2624 1571 2652 ιι
1591 2629 1785 2671 vanam
1808 2630 1900 2673 re-

296 2707 583 2779 ligionem,
614 2716 711 2763 aut
734 2722 904 2765 vacua
932 2707 1147 2764 honore
1174 2706 1483 2764 divinitatis
1514 2708 1738 2763 numina
1764 2723 1905 2764 nun-

296 2806 531 2878 cupari;
576 2802 805 2877 quando
832 2812 891 2861 et
928 2815 1082 2861 certa
1116 2818 1182 2860 ex
1226 2802 1410 2877 adytis
1452 2818 1718 2876 responsa
1762 2818 1906 2876 prte-

293 2910 545 2970 stantur,
572 2909 629 2958 et
653 2898 833 2957 futura
867 2909 1176 2957 noscuntur
1219 2899 1272 2955 in
1313 2899 1536 2969 templis
1566 2916 1581 2953 :
1618 2914 1742 2970 quas
1771 2900 1815 2953 si
1848 2905 1906 2955 et

293 3010 425 3054 vera
447 3004 579 3052 sunt
604 3003 663 3052 et
680 2995 1060 3067 quaerentibus
1089 3003 1345 3066 prosunt,
1374 2991 1580 3050 frustra
1608 2992 1902 3049 Christiani

296 3088 586 3149 destruere
608 3089 888 3147 conamini
916 3089 1065 3160 quod
1096 3088 1317 3160 eripere
1340 3103 1448 3145 non
1478 3088 1733 3159 potestis.

364 3189 574 3248 Zaccu.
595 3220 669 3233 —
695 3190 824 3247 Haec
844 3187 1065 3261 quidem
1111 3202 1233 3259 quae
1272 3189 1327 3243 in
1352 3183 1577 3258 templis
1612 3183 1905 3241 ostendere

2006 1983 2106 2042 pro
2142 1968 2485 2025 divinatione
2510 1966 2825 2025 subtilitas?
2857 1966 2952 2022 llis
2984 1967 3150 2021 etiam
3180 1962 3470 2019 simulacra
3513 1968 3615 2017 aut

1992 2063 2113 2136 'igni
2138 2071 2363 2119 excocta
2393 2063 2755 2133 componitis,
2780 2071 2875 2117 aut
2908 2060 2961 2115 in
2997 2058 3146 2130 ligno
3192 2057 3282 2115 vel
3335 2055 3615 2127 sculptili-

2003 2152 2104 2214 bus
2131 2156 2413 2214 adoranda
2437 2155 2723 2229 praebetis,
2756 2172 2828 2213 ex
2856 2155 3054 2229 quibus
3092 2154 3139 2210 is
3193 2150 3350 2210 vobis
3379 2165 3614 2207 venera-

2002 2251 2170 2309 bilior
2193 2252 2331 2307 deus
2356 2263 2461 2321 est,
2485 2250 2579 2323 qui
2610 2250 2842 2306 artificis
2874 2266 3036 2305 manu
3069 2248 3269 2306 melius
3294 2246 3611 2317 expolitus;

2002 2354 2058 2399 et
2084 2344 2189 2399 hoc
2207 2344 2467 2400 divinitas
2482 2345 2708 2413 clarior,
2734 2343 2948 2413 pictura
2974 2344 3019 2397 si
3042 2340 3360 2414 pulchrior:
3391 2354 3494 2396 nec
3524 2354 3616 2396 re-

2002 2436 2253 2509 quirendi
2292 2435 2611 2493 Creatorem
2665 2435 2905 2492 studium
2966 2444 3083 2501 est,
3135 2442 3227 2489 aut
3274 2432 3612 2506 agnoscendi

2005 2529 2178 2585 Deum
2206 2544 2395 2585 verum
2450 2543 2650 2585 sensus
2694 2529 3015 2599 apponitur.
3060 2525 3253 2583 Nonne
3302 2523 3614 2582 manifesta:

2003 2621 2301 2679 dementia:
2325 2631 2430 2687 est,
2464 2620 2550 2677 his
2576 2622 2734 2694 quasi
2765 2621 2878 2677 Deo
2906 2620 3183 2677 hominem
3236 2619 3440 2690 subjici
3470 2632 3616 2689 quos

2004 2716 2104 2775 tibi
2135 2716 2313 2789 possis
2335 2716 2508 2773 Deum
2540 2714 2818 2773 credendo
2846 2715 3146 2786 subjicere,
3190 2723 3247 2771 et
3275 2714 3344 2771 ab
3370 2712 3460 2769 his
3483 2715 3616 2771 vita:

2004 2810 2207 2866 auxilia
2258 2810 2537 2881 postulare
2581 2823 2721 2881 quos
2768 2811 2823 2865 in
2873 2818 3030 2865 reatu
3059 2821 3185 2865 esse
3225 2819 3339 2864 non
3380 2805 3614 2863 dubium

2004 2903 2129 2961 est?
2155 2902 2307 2973 Quos
2335 2902 2382 2958 si
2411 2901 2733 2973 profuturos
2759 2910 2921 2975 putas
2941 2942 2960 2970 ,
3006 2910 3062 2958 et
3106 2900 3233 2957 ideo
3259 2899 3464 2972 placari
3516 2899 3615 2957 de-

2004 2999 2137 3058 bere
2158 2997 2422 3065 confidis;
2456 2996 2775 3069 profuturos
2820 2996 3072 3068 cuiquam
3105 2993 3272 3053 crede
3313 2993 3611 3067 propitios,

1986 3093 2050 3149 .si
2077 3092 2248 3164 spreti
2275 3106 2306 3147 a
2331 3090 2591 3148 fidelibus
2620 3100 2843 3154 nocent,
2872 3088 2920 3146 si
2969 3089 3053 3145 bis
3082 3101 3115 3143 a
3138 3084 3344 3161 quibus
3380 3095 3617 3157 propter

2007 3188 2181 3245 Deum
2229 3194 2659 3243 contemnuntur
2708 3183 2976 3241 ofﬁciunt.
3021 3180 3157 3239 Cum
3204 3196 3339 3254 ergo
3388 3194 3488 3238 nos
3545 3181 3619 3238 ti-

294 3291 547 3342 extorum
595 3282 869 3353 inspectio
899 3282 1073 3349 solet,
1105 3288 1163 3337 et
1190 3295 1258 3336 ex
1286 3278 1472 3352 adytis
1523 3278 1675 3335 velut
1719 3275 1897 3335 futura
1927 3285 1978 3352 α
2007 3291 2213 3350 meant,
2254 3293 2277 3321 ο
2312 3281 2465 3339 vobis
2491 3290 2751 3353 praesunt.
2787 3278 2857 3337 Et
2880 3278 3004 3337 vide
3031 3279 3266 3351 qualiter
3297 3277 3487 3335 haberi
3520 3275 3617 3335 de-

274 3366 670 3452 Vportendere,
729 3392 833 3435 nec
883 3391 1107 3449 semper
1148 3390 1282 3433 vera
1324 3382 1482 3446 sunt,
1515 3383 1574 3431 et
1601 3374 1736 3431 nulli
1776 3390 1898 3432 um-

294 3487 487 3545 quam,
520 3478 583 3527 ut
607 3470 867 3539 arbitror,
915 3476 1190 3543 prosunt;
1237 3467 1363 3541 quia
1392 3469 1438 3523 si
1465 3467 1700 3524 adversa
1749 3476 1897 3537 sunt,

292 3573 351 3622 et
376 3564 447 3622 ad
467 3565 868 3623 correctionem
898 3580 966 3620 ex
996 3563 1112 3621 Deo
1129 3563 1381 3631 veniunt,
1414 3562 1518 3619 nisi
1546 3566 1616 3621 ab
1645 3565 1765 3635 ipso
1790 3578 1901 3621 non

288 3642 510 3734 queunt
533 3660 836 3717 immutari.
867 3657 1274 3717 Etdenuntiata
1298 3659 1474 3716 scisse
1499 3658 1627 3732 quid
1652 3659 1901 3731 prodest,

282 3746 341 3812 si
372 3753 535 3812 vitari
561 3753 828 3825 praedicta
856 3767 966 3810 non
992 3762 1221 3825 possunt
1243 3752 1329 3809 isi
1357 3762 1539 3810 autem
1562 3768 1629 3811 ex
1653 3753 1771 3812 Deo
1792 3770 1900 3811 non

293 3855 454 3916 sunt,
495 3861 599 3906 nec
626 3846 769 3904 bona
799 3854 1033 3920 possunt
1056 3861 1182 3905 esse
1207 3861 1313 3905 nec
1341 3862 1500 3916 vera,
1520 3856 1574 3905 et
1598 3848 1743 3905 sicut
1760 3848 1903 3907 haud

290 3943 571 4013 ofﬁciunt,
602 3944 678 4000 ita
698 3942 841 3999 nihil
871 3949 1105 4015 prosunt
1136 3960 1152 4000 :
1185 3942 1282 4001 sed
1311 3940 1429 4000 sive
1457 3951 1586 4001 sunt
1616 3941 1780 4014 falsa,
1803 3958 1903 4003 seu

291 4047 443 4097 certe
466 4054 533 4097 ex
566 4046 844 4112 proventu
885 4037 1094 4096 habent
1130 4037 1335 4109 aliquid
1385 4039 1664 4105 veritatis;
1720 4040 1901 4096 omnis

292 4136 553 4208 ﬁgmenta
576 4142 705 4191 sunt
728 4132 1044 4191 daemonum
1064 4174 1080 4200 ,
1108 4133 1201 4205 qui
1222 4143 1283 4190 et
1304 4134 1516 4204 sperari
1549 4149 1577 4189 a
1605 4146 1668 4191 se
1687 4133 1902 4203 volunt,

292 4238 350 4288 et
367 4237 657 4302 sperantes
693 4228 955 4301 decipere
982 4239 1428 4297 consueverunt;
1474 4236 1535 4285 ut
1583 4243 1707 4287 cum
1738 4245 1771 4285 a
1801 4229 1902 4287 Dei

292 4322 441 4379 cultu
465 4321 718 4379 homines
745 4321 1153 4392 abstraxerint,
1180 4323 1349 4380 etiam
1378 4322 1666 4380 beneficiis
1702 4332 1906 4381 exuant

290 4422 459 4488 atque
486 4416 559 4471 ab
582 4415 705 4489 ejus
726 4415 977 4475 booitate
1007 4417 1348 4490 disjungant.
1381 4417 1443 4473 lli
1485 4419 1772 4489 gentilium
1799 4421 1901 4477 ob-

290 4507 475 4566 sident
498 4509 731 4582 templa,
763 4509 818 4565 hi
841 4510 948 4567 sub
972 4521 1317 4573 mortuorum
1350 4509 1640 4567 hominum
1667 4512 1903 4569 nomini-

278 4594 402 4691 :bus
415 4600 607 4661 sedem
637 4602 693 4659 in
722 4603 927 4660 vestris
953 4602 1135 4677 adytis
1160 4603 1537 4673 collocarunt;
1566 4616 1621 4662 et
1641 4606 1764 4679 quia
1793 4607 1901 4663 illis

2010 3379 2195 3445 beant,
2219 3378 2311 3449 qui
2342 3392 2443 3434 nec
2471 3376 2732 3449 prodesse
2762 3390 3021 3447 umquam
3059 3380 3448 3446 possunt,nec
3465 3386 3619 3429 sem-

2004 3488 2103 3545 per
2127 3487 2349 3541 nocere,
2368 3488 2494 3529 cum
2520 3481 2574 3529 et
2595 3472 2668 3529 sit
2688 3470 2929 3538 facilius,
2955 3480 3009 3526 et
3030 3468 3179 3526 velle
3200 3481 3307 3525 non
3329 3466 3613 3524 desinant.

2550 3564 2783 3623 CAPUT
2806 3562 3046 3621 XXVIII.

2262 3659 2439 3728 Quare
2460 3657 2750 3717 Christiani
2778 3661 2947 3728 {stum
2968 3672 3071 3713 non
3089 3654 3332 3712 credunt.

2078 3755 2371 3812 AroLL.-
2398 3741 2580 3810 liabet
2610 3752 2832 3825 quidem
2858 3752 3097 3823 speciem
3134 3750 3383 3807 veritatis
3422 3749 3618 3822 objur-

2005 3847 2156 3921 gatio
2197 3856 2315 3915 tua,
2361 3846 2459 3904 sed
2492 3856 2676 3920 potest
2706 3847 3122 3904 recurrentibus
3160 3844 3456 3903 confutari.
3502 3844 3618 3902 Nos

2006 3942 2154 4000 enim
2184 3956 2377 3997 eorum
2407 3940 2702 3999 simulacra
2726 3941 2814 3998 vel
2838 3940 3103 4013 imagines
3126 3940 3449 4011 adoramus,
3472 3954 3617 4012 quos

2006 4037 2091 4094 vel
2123 4052 2255 4094 vera
2300 4037 2569 4110 religione
2608 4037 2745 4095 deos
2786 4037 3086 4105 credimus,
3137 4036 3228 4093 vel
3258 4036 3615 4108 antiquorum

2008 4129 2392 4187 traditionibus
2418 4128 2445 4168 ά
2494 4130 2642 4187 docti
2689 4130 2824 4187 deos
2863 4146 2974 4187 non
3005 4144 3132 4188 esse
3159 4130 3475 4188 nescimus:
3516 4145 3617 4187 vos

2006 4238 2137 4280 vero
2162 4223 2367 4297 quibus
2394 4222 2540 4281 istud
2571 4224 2915 4282 abominatio
2938 4234 3044 4294 est,
3081 4239 3180 4281 cur
3209 4224 3481 4295 imagines
3510 4225 3618 4281 IIO-

2005 4319 2215 4375 minum
2264 4318 2352 4375 vel
2401 4318 2546 4376 ceris
2585 4319 2791 4392 pictas,
2834 4321 2922 4379 vel
2961 4320 3199 4378 metallis
3234 4319 3467 4379 delictas
3511 4320 3617 4379 sub

2006 4429 2196 4486 regum
2227 4414 2535 4472 reverentia
2567 4413 2735 4471 etiam
2768 4415 2984 4487 publica
3015 4414 3337 4493 adoratione
3372 4429 3617 4473 venera-

2005 4510 2161 4582 mini,
2206 4518 2351 4567 etut
2394 4509 2496 4581 ipsi
2547 4510 2857 4583 praedicatis
2903 4510 3019 4568 Deo
3071 4519 3285 4567 tantum
3339 4510 3619 4585 honorem

2005 4603 2246 4661 debitum
2285 4604 2450 4660 etiam
2494 4604 2806 4661 hominibus
2836 4603 3023 4661 datis?
3066 4604 3225 4675 Quod
3256 4606 3303 4662 si
3350 4614 3412 4664 et
3449 4603 3618 4662 illici-

276 4686 561 4780 Lnusquam
591 4707 859 4770 praeterea
900 4697 1241 4755 consistendi
1291 4698 1349 4753 in
1401 4707 1547 4756 terra
1596 4700 1750 4757 locus
1791 4712 1876 4759 est

2060 4686 2389 4773 int-legique
2432 4700 2766 4756 contrarium
2815 4710 2921 4771 est,
2952 4716 3053 4759 cur
3096 4699 3204 4759 hoc
3228 4700 3408 4759 facitis
3448 4701 3615 4759 ειπερ

290 4803 477 4847 aerem
502 4791 610 4847 sub
637 4790 879 4847 nubibus
910 4790 1224 4863 praccipites
1246 4792 1551 4862 incursant,
1581 4794 1904 4868 volucrique

280 4868 547 4967 Tdiscursu
576 4885 762 4940 omnia
787 4892 1201 4955 perscrutantes
1219 4926 1235 4954 ,
1273 4894 1368 4942 aut
1406 4886 1518 4958 jam
1548 4892 1663 4943 visa
1690 4887 1900 4946 denun-

292 4976 474 5044 tiant,
520 4985 617 5035 aut
642 4994 672 5033 a
704 4992 766 5034 se
792 4978 1049 5051 nequiter
1077 4979 1329 5036 faciunda
1382 4981 1541 5051 quasi
1574 4991 1630 5035 ut
1661 4998 1903 5039 cavean-

290 5078 404 5141 tur,
425 5069 657 5129 adversa
692 5070 1023 5143 praedicunt.
1049 5072 1183 5129 Nam
1208 5073 1340 5130 licet
1363 5090 1599 5145 nequam
1624 5086 1680 5132 et
1703 5076 1902 5135 incerti

264 5165 402 5223 sint
427 5166 678 5238 spiritus,
708 5168 971 5238 omnique
1006 5166 1241 5223 crimine
1268 5175 1533 5240 reatuque
1558 5169 1750 5241 polluti
1772 5188 1789 5239 ;
1815 5172 1896 5228 in-

282 5250 597 5331 corporalis
647 5268 854 5327 tamen,
886 5257 1117 5331 ejusque
1144 5258 1468 5317 substantiae
1518 5262 1674 5333 cujus
1721 5264 1897 5337 digni-

283 5360 452 5409 tatem
482 5350 724 5410 amisere
747 5365 877 5408 cum
898 5351 1064 5423 curio,
1092 5364 1307 5411 naturae
1322 5353 1593 5413 beneficio
1618 5365 1675 5414 et
1704 5358 1896 5431 vigore

358 5525 385 5553 ι
414 5514 631 5587 Optima
660 5513 871 5572 codicis
910 5512 1077 5588 Vind.
1111 5514 1278 5572 lectio
1312 5532 1325 5569 :
1357 5516 1412 5573 in
1442 5516 1612 5588 priori
1642 5517 1891 5579 editione

280 5597 542 5659 corrupte
562 5588 794 5663 nondum
814 5587 1086 5663 gentilium
1101 5589 1268 5663 potuit
1288 5604 1438 5663 rana
1449 5587 1728 5663 religione.
1765 5593 1888 5649 Alia

281 5668 421 5733 sunt
438 5674 560 5733 qua:
579 5674 685 5732 ope
712 5659 958 5731 ejusdem
982 5659 1191 5733 codicis
1215 5659 1414 5733 deinde
1441 5659 1888 5733 emendavimus;

276 5730 384 5801 sed
409 5730 790 5801 leviora‘sunt,
806 5746 967 5800 quam
982 5731 1269 5801 utsingula
1290 5732 1531 5790 indicare
1544 5750 1769 5792 necesse
1792 5730 1884 5792 sit.

356 5800 387 5840 ι)
415 5801 615 5877 'l_‘otu_m
670 5804 774 5859 hoc
811 5801 883 5859 de
923 5800 1462 5877 rerumgcmlestium
1510 5808 1823 5877 cognitione
1853 5823 1886 5866 e

287 5872 534 5953 margine
556 5873 611 5928 iu
640 5879 850 5929 textum
879 5874 1279 5957 revocavimus.
1324 5875 1483 5943 illud,
1508 5872 1648 5949 quod
1670 5878 1737 5933 sit
1758 5876 1883 5962 Dei,

289 5942 531 5997 vixtem
558 5950 776 6012 potest;
809 5942 993 6013 itaque
1022 5944 1260 6002 hbenter
1286 5946 1477 6019 legero
1495 5989 1510 6016 ,
1542 5949 1681 6019 quod
1725 5951 1889 6008 soluts

760 5984 776 6007 ,
810 5984 993 6013 ΙΙυῚυυ
1026 5984 1252 6002 μυνιιῑνι
1286 5984 1510 6016 ινδυιν,

2001 4792 2187 4860 stiani,
2241 4802 2335 4849 aut
2362 4808 2464 4849 cur
2490 4790 2597 4849 hoc
2644 4796 2817 4850 vestri
2862 4810 2973 4853 non
3002 4794 3300 4867 prohibent
3342 4794 3612 4853 sacerdo.

2004 4894 2123 4953 tes,
2165 4898 2238 4943 ne
2288 4883 2343 4941 id
2395 4884 2543 4958 quod
2596 4885 2977 4958 ignorantibus
3024 4886 3187 4945 nobis
3237 4901 3339 4959 pro
3377 4886 3614 4945 sacrile-

2001 4980 2089 5051 gio
2154 4977 2471 5048 ascribitis,
2524 4979 2788 5041 scientes
2855 4978 2960 5037 sub
3017 4979 3185 5038 olficii
3250 4980 3615 5040 excusatione

2000 5073 2247 5131 subeatis
2267 5073 2299 5133 1
3162 5126 3167 5131 ,
3254 5136 3271 5153 ί

2074 5168 2281 5226 Ζλοεπ.
2308 5198 2380 5209 --
2405 5168 2558 5226 Istud
2597 5167 2823 5241 quidem
2876 5181 2977 5224 nec
3005 5165 3183 5225 debeo
3227 5156 3471 5238 probare
3505 5181 3612 5226 nec

2002 5279 2249 5338 possum,
2275 5264 2401 5335 quia
2436 5262 2787 5321 evidentibus
2815 5261 2913 5319 Dei
2956 5261 3115 5319 dictis
3145 5276 3259 5319 non
3296 5262 3604 5333 elementa,

2001 5375 2109 5416 non
2142 5358 2406 5431 Angelos,
2437 5374 2542 5417 nec
2565 5357 2845 5430 quoslibet
2863 5356 2994 5416 cali
3022 5372 3089 5414 ac
3114 5367 3291 5416 terra
3324 5355 3418 5416 vel
3460 5358 3611 5417 seris

1996 5528 2071 5577 est
2092 5517 2211 5574 Dei.
3446 5515 3465 5570 ε

2075 5604 2098 5632 ε
2131 5592 2222 5650 Sic
2267 5588 2433 5662 codd.
2486 5586 2649 5646 Vind.
2699 5596 2757 5644 et
2786 5585 3011 5643 Lemov.
3067 5583 3414 5661 emendate;
3447 5586 3602 5662 prior

1998 5663 2189 5729 editio,
2218 5660 2359 5719 vobis
2382 5670 2629 5733 prosunt,
2653 5669 2934 5733 corrupte.

2068 5734 2096 5773 ἀ
2116 5728 2359 5807 Uterque
2376 5728 2580 5807 codex,
2596 5732 2763 5807 ducti,
2788 5728 3025 5807 fortasse
3045 5730 3245 5807 melius
3261 5728 3443 5791 :baud
3464 5730 3603 5807 mula

1998 5817 2056 5865 to
2078 5816 2208 5881 post
2236 5803 2409 5881 iidem
2427 5804 2679 5881 codices,
2709 5804 2801 5861 ubi
2832 5805 3033 5881 legitur
3062 5803 3343 5881 nobis?"
3386 5803 3602 5863 ,σα-ξιο-

1995 5873 2097 5956 εῄᾰ
2113 5879 2393 5948 ascribitis,
2426 5876 2632 5934 habent
2662 5873 2875 5933 tantum
2890 5873 3045 5933 nobis
3067 5873 3322 5949 objicitis.
