3850 6264
88 254 205 321 ηοε
1266 270 1898 338 οοΝβυιτΑποκυκ
1938 280 2073 339 LIB.
2120 282 2157 340 Ι.
3246 300 3415 361 ιιθσ

86 375 299 475 membra
341 390 709 453 patuerunt;
756 394 814 445 et
842 387 946 445 nisi
991 388 1286 446 molestum
1328 405 1555 449 vererer
1580 393 1680 450 ali-
1702 399 1761 468 Α
1854 395 2010 466 Quod
2064 413 2195 467 vero
2244 402 2486 461 nondum
2534 407 2664 465 boni
2718 411 2804 468 vel
2857 414 2987 471 mali
3038 416 3294 474 conscios
3325 419 3404 475 in-
3446 398 3451 409 ἱ

84 468 191 580 quid
214 480 504 581 tamquam
540 478 601 535 in
622 481 906 538 cumulum
931 483 1199 581 prastitte
1219 480 1492 581 hactenus
1511 499 1677 581 expo:
1784 487 1949 549 fanda
2004 489 2316 553 dmmonum
2370 508 2533 555 vexat
2568 499 2778 558 insania
2802 546 2818 572 ,

84 567 270 625 sitiouis
297 567 599 643 adjicere,
647 590 759 631 non
798 590 1145 646 supervacue
1174 577 1515 651 inquirerem
1547 578 1681 653 quid

83 661 170 720 hoc
211 665 319 730 sit,
389 667 555 738 quod
614 668 875 727 vitiorum
937 673 1003 728 ac
1058 680 1411 745 peccatorum
1461 675 1681 747 penitus

84 758 217 815 inscii
246 761 503 818 diversis
554 765 716 821 malis
760 759 1082 823 afficiuntur
1117 767 1392 838 infantes,
1433 784 1501 827 ac
1544 784 1683 827 non-

82 867 353 923 numquam
366 870 448 913 ex
476 866 648 916 utero
660 858 999 930 prodeuntes
1025 868 1121 917 aut
1140 860 1398 919 debilitas
1418 871 1679 937 occupat,

81 945 226 1001 autad
246 959 495 1005 mortem
526 947 827 1007 immatura
851 953 934 1008 vis
958 942 1235 1025 praripit;
1260 955 1407 1026 quod
1430 968 1577 1013 saeva
1595 957 1683 1013 inc

80 1042 248 1099 noxius
269 1052 443 1101 vexat
466 1047 716 1115 insania,
734 1062 838 1105 nec
851 1047 1162 1120 maiestatis
1188 1049 1412 1108 indubie
1426 1050 1600 1124 pietas
1618 1061 1682 1123 et

75 1136 258 1205 iustitia
287 1138 570 1196 omnibus
592 1152 845 1213 prompta
871 1146 1164 1200 succurrit.
1186 1142 1344 1202 Unde
1363 1143 1434 1212 si,
1460 1153 1518 1202 ut
1537 1145 1677 1215 dixi,

80 1229 277 1287 mdium
300 1247 418 1290 non
431 1244 533 1291 est
550 1277 569 1301 ,
583 1234 833 1293 breviter
846 1244 1045 1293 cuncta
1057 1224 1378 1296 ostensurus
1394 1239 1677 1313 eloquere.

136 1325 334 1385 ZACCI.
375 1359 456 1373 --
497 1330 760 1403 Amplius
782 1332 1010 1404 quidem
1042 1333 1292 1406 postulas
1326 1350 1491 1407 quam
1522 1334 1683 1393 sufﬂ-

77 1438 187 1482 cere
199 1426 378 1495 possit
393 1426 699 1499 credenti,
722 1436 778 1484 ct
791 1429 1122 1486 necessaria
1138 1430 1387 1487 scientia:
1413 1433 1682 1489 terminos

75 1520 423 1594 inquisitione
453 1531 487 1562 ι
519 1524 980 1598 pratergrederis
1026 1541 1042 1579 :
1079 1524 1176 1581 sed
1212 1540 1282 1582 ne
1318 1525 1373 1583 in
1402 1525 1531 1583 fidei
1557 1542 1681 1585 sus-

78 1615 335 1689 ceptione
357 1633 432 1689 ex
477 1617 672 1689 aliquo
705 1620 949 1677 incertus
979 1628 1140 1675 nutes
1172 1630 1268 1675 aut
1300 1620 1513 1679 haereas
1535 1662 1554 1691 ,
1594 1630 1679 1679 at-

74 1725 166 1782 que
190 1721 249 1767 ut
289 1713 346 1769 in
374 1712 547 1771 nullo
565 1714 636 1770 de
668 1712 767 1770 Dei
790 1712 1003 1787 iustitia
1033 1713 1344 1780 infidelium
1372 1715 1677 1789 disputatio

1781 587 1878 644 sed
1909 586 2247 648 distantibus
2275 591 2457 650 modis
2488 609 2654 653 causa
2677 608 2762 655 est
2788 616 2803 654 :
2833 600 2882 655 si
2913 601 3087 674 iniqui
3113 612 3264 672 sunt,
3290 620 3395 664 nec

1784 679 2063 751 pradictis
2090 682 2181 739 vel
2209 685 2484 743 similibus
2527 674 2982 761 castigationibus
3005 696 3393 767 emendantur,

1781 773 1951 832 etiam
2022 778 2377 835 innocentum
2434 794 2661 839 suorum
2720 788 3285 857 arguuntur'exitiis.
3327 789 3395 849 Hi

1779 880 1965 927 autem
1998 872 2199 943 quibus
2236 879 2592 935 conversatio
2638 889 2811 943 recta,
2839 892 2945 951 est,
2973 892 3034 940 et
3062 898 3164 956 per
3190 900 3251 943 se
3280 903 3397 943 ma-

1783 964 1958 1021 litiam
2012 959 2340 1026 diabolicam
2391 983 2679 1044 superant,
2737 976 2905 1032 etiam
2962 986 3145 1035 tamen
3202 980 3401 1037 talibus

1780 1055 2077 1131 fatigantur
2107 1061 2352 1130 insidiis;
2385 1079 2563 1132 neque
2591 1080 2624 1121 a
2665 1066 2955 1125 tmdiorum
2989 1069 3259 1128 exercitio
3297 1086 3393 1128 va-

1780 1166 1929 1220 cant,
1958 1156 2159 1227 quibus
2199 1172 2402 1216 nocere
2447 1159 2611 1218 aliter
2657 1161 2747 1217 vis
2793 1163 2986 1220 dolosa
3035 1181 3147 1223 non
3191 1182 3398 1239 praeva-

1780 1245 1881 1317 let,
1912 1245 1982 1305 ad
2013 1246 2118 1307 hoc
2147 1252 2418 1309 malorum
2467 1256 2767 1312 versutia
2814 1271 3040 1330 semper
3079 1260 3392 1330 involvens,

1781 1349 1842 1397 ut
1868 1341 1984 1399 sive
2006 1342 2078 1399 ob
2110 1344 2264 1413 vitia,
2293 1360 2391 1403 seu
2414 1356 2645 1418 propter
2672 1348 2865 1421 fidem,
2894 1352 2998 1407 ista
3029 1354 3358 1424 proveniant
3376 1393 3396 1425 ,

1779 1442 1883 1511 aut
1921 1436 2170 1509 iniquum
2227 1448 2323 1495 aut
2382 1440 2753 1513 negligentem
2810 1444 3009 1515 Deum,
3041 1456 3065 1487 ο
3096 1448 3143 1503 si
3194 1448 3399 1519 quibus

1780 1520 1924 1585 forte
1949 1526 2188 1588 suadere
2216 1534 2415 1603 possit,
2448 1537 2708 1593 affirmet.
2737 1537 2846 1595 Sed
2879 1539 3128 1609 qualibet
3155 1553 3277 1598 arte
3304 1545 3397 1600 vel

1778 1622 2049 1695 parvulus
2074 1624 2305 1697 cruciet,
2338 1627 2429 1684 vel
2459 1638 2715 1699 parentes
2744 1671 2759 1697 ,
2795 1631 2890 1689 Dei
2918 1631 3133 1703 iustitia
3166 1636 3219 1691 in
3249 1647 3397 1693 utro-

1778 1730 1887 1788 que
1916 1730 2024 1773 non
2048 1718 2204 1776 deest
2235 1737 2251 1775 :
2286 1735 2413 1776 nam
2462 1732 2519 1779 et
2564 1722 2871 1783 infantibus
2915 1728 3206 1785 translatio
3234 1730 3394 1788 n‘ialls

76 1805 233 1862 locum
263 1816 462 1865 teneat
490 1826 507 1873 ;
536 1808 668 1881 quid
692 1807 889 1865 sentiri
910 1808 1109 1866 debeat
1136 1809 1390 1869 adverte.
1417 1812 1520 1886 (Ex
1545 1828 1679 1879 qua-
1784 1811 2102 1871 vitai-istius
2128 1814 2327 1872 melior
2355 1815 2521 1873 etiam
2562 1816 2667 1875 hoc
2711 1828 2958 1891 prmstat,
2991 1836 3067 1880 ne
3092 1825 3397 1897 eximpro.

78 1912 185 1955 tuor
213 1900 527 1958 elementis
558 1902 836 1959 hominem
860 1901 1005 1960 Deus
1025 1902 1179 1973 fecit,
1208 1904 1393 1973 siccis,
1416 1905 1675 1973 humidis,

76 1991 270 2063 calidis,
299 1982 668 2067 frigidisque.
696 1995 754 2052 ln
786 1996 979 2068 splene
1002 1998 1221 2069 frigida.
1252 1996 1432 2054 calida
1460 2012 1678 2070 ponun-

80 2101 153 2145 tur
176 2089 228 2146 in
260 2088 436 2158 felle,
470 2090 532 2148 in
566 2090 837 2166 sanguine
875 2091 1099 2149 humida
1119 2134 1138 2163 ,
1180 2093 1326 2150 sicca
1355 2103 1681 2166 reputantur

80 2184 127 2240 in
146 2184 387 2257 ossibus,
416 2184 700 2259 miraque,
722 2196 785 2243 ut
805 2187 1092 2261 intelligis,
1108 2189 1447 2261 conspiratio
1468 2189 1589 2248 haec
1608 2205 1675 2249 ex

82 2280 358 2338 contrariis
414 2280 650 2340 factoris
704 2296 843 2356 opus
898 2284 953 2338 in
1005 2282 1228 2341 homine
1269 2293 1584 2353 conservat,
1622 2295 1679 2343 et

83 2371 260 2431 divina
280 2375 425 2434 artis
457 2376 691 2451 ingenio
710 2418 726 2447 ,
759 2380 1201 2451 praestantiorem
1228 2380 1466 2454 speciem
1494 2382 1677 2439 socia-

84 2480 127 2525 ta
150 2470 549 2531 demonstrant
573 2490 737 2547 quam
769 2474 826 2531 in
849 2487 1028 2533 semet
1056 2476 1207 2549 prius
1229 2476 1443 2551 singula
1472 2479 1679 2535 retine-

84 2563 219 2622 bant.
256 2565 355 2625 Sic
394 2568 488 2625 ire
515 2582 739 2642 semper
765 2569 821 2626 iu
852 2570 1048 2628 melius
1073 2570 1342 2643 quidquid
1370 2587 1400 2628 a
1432 2580 1679 2631 creatore

87 2674 411 2735 renovatur,
475 2673 727 2737 apparet.
780 2665 910 2724 Haec
962 2681 1099 2741 ergo
1149 2667 1205 2724 in
1258 2670 1678 2741 conceptionem

86 2758 239 2829 aquis
268 2761 534 2831 partibus
563 2759 885 2831 conﬂuunt,
921 2773 1085 2835 atque
1119 2763 1190 2821 ita
1219 2778 1285 2820 ex
1308 2764 1458 2819 omni
1496 2764 1678 2820 visce-

90 2864 191 2907 rum
228 2854 466 2927 regione
507 2855 879 2927 conveniunt,
920 2868 983 2912 ut
1026 2857 1081 2911 in
1119 2855 1275 2913 nullo
1312 2857 1678 2929 aequalitatem

89 2946 311 3015 germina
344 2946 638 3006 Creatoris
664 2947 973 3016 excedant;
1008 2949 1106 3005 sed
1141 2948 1283 3007 hanc
1311 2950 1573 3020 nascendi
1598 2952 1683 3006 in-

93 3039 387 3110 tegritatem
442 3050 541 3098 aut
581 3043 919 3114 parsimonia
970 3052 1066 3100 aut
1112 3043 1375 3101 nimietas
1412 3051 1683 3117 temperat

1781 1906 1868 1963 bis
1894 1907 2067 1980 geniti
2095 1908 2309 1967 similes
2350 1911 2681 1984 quandoque
2705 1912 3011 1973 efficiantur
3037 1918 3393 1987 auctoribus;

1781 2011 1839 2059 et
1866 2001 2079 2060 hisdem
2110 2004 2205 2077 qui
2230 2016 2541 2077 genuerunt
2578 2021 2680 2078 pro
2707 2006 2980 2065 beelicio
3024 2011 3391 2083 reputantium

1781 2107 1887 2167 est,
1904 2098 2066 2169 quod
2096 2100 2435 2171 temporario
2461 2110 2791 2158 vexatorum
2820 2101 3020 2163 dolore
3046 2112 3143 2161 aut
3192 2119 3390 2177 pecca-

1782 2194 1852 2249 tis
1881 2202 2172 2264 eruuntur,
2205 2203 2261 2252 et
2290 2193 2418 2253 boni
2448 2204 2577 2253 sunt
2602 2238 2618 2265 ,
2645 2206 2739 2254 aut
2769 2196 2987 2256 meritis
3014 2202 3303 2273 augentur,
3335 2211 3393 2260 et

1780 2287 1837 2345 in
1861 2286 1971 2372 fide
1998 2301 2279 2348 crescunt.

1850 2381 2031 2441 Habes
2062 2397 2196 2457 ergo
2249 2385 2755 2459 interrogationum
2805 2396 3023 2446 tuarum
3067 2404 3264 2448 causas
3288 2431 3304 2458 ,
3334 2399 3393 2449 et

1778 2477 2026 2533 omnium
2078 2477 2493 2551 ambiguitatum
2544 2480 2889 2539 intellectum
2943 2491 3243 2555 patentem.
3289 2484 3396 2541 ita-

1779 2585 1887 2642 que
1926 2571 2041 2642 jam
2094 2572 2347 2629 subditus
2401 2574 2513 2631 Deo
2569 2576 2900 2647 promissam
2952 2579 3193 2635 cencilio
3225 2579 3389 2636 fidem

1779 2663 1974 2733 redde,
1991 2664 2314 2737 abjectaque
2326 2666 2429 2723 hac
2451 2668 2637 2725 mundi
2650 2670 3091 2741 sapientia,verae
3108 2673 3393 2743 sapientia:

1781 2757 2040 2816 affatibus
2088 2761 2283 2828 crede;
2331 2771 2389 2818 et
2418 2778 2668 2833 quaerere
2711 2778 2741 2820 a
2772 2774 2828 2820 te
2854 2764 3053 2821 altiora
3079 2764 3384 2839 desiste‘ns,

1781 2858 2055 2911 rationem
2096 2856 2402 2913 caelestium
2434 2865 2773 2914 secretorum
2802 2856 3059 2917 Auctoris
3100 2860 3183 2915 sui
3212 2860 3393 2916 scien-

1781 2949 1875 3005 tia:
1901 2947 2241 3021 consilioque
2266 2949 2541 3020 permitte.
2593 2950 2730 3007 Nam
2764 2951 2894 3008 licet
2934 2967 3079 3008 nunc
3113 2953 3265 3023 plura
3297 2968 3391 3009 co-

1780 3042 2061 3114 gnoveris,
2109 3051 2163 3098 et
2189 3040 2260 3098 de
2287 3042 2640 3099 interioribus
2670 3042 2801 3100 tldei
2826 3043 3029 3117 aliqua
3060 3030 3386 3118 supersint;

91 3137 315 3206 parentis
341 3139 618 3209 alterius,
648 3150 705 3198 et
726 3140 890 3213 [quod
924 3141 1065 3199 male
1113 3142 1467 3214 praevaluerit
1493 3142 1679 3199 coale-
1784 3153 1893 3194 non
1925 3147 2109 3195 tamen
2139 3148 2301 3211 putes
2354 3139 2541 3195 omnia
2569 3138 2847 3195 hominem
2876 3139 3025 3196 scire
3054 3154 3218 3211 posse
3270 3155 3394 3212 qum

90 3232 243 3288 tcenti
270 3231 422 3289 intra
449 3236 691 3304 uterum,
716 3234 805 3291 vel
829 3251 955 3293 mox
985 3251 1054 3293 ex
1085 3249 1240 3294 utero
1266 3237 1555 3309 prodeunti
1582 3247 1679 3294 aut
1707 3222 1755 3288 C
1786 3232 1882 3289 Dei
1904 3239 2061 3300 sunt,
2092 3231 2196 3288 nisi
2224 3246 2347 3305 qua;
2390 3242 2485 3289 aut
2534 3232 2683 3289 scire
2712 3232 2992 3290 hominem
3038 3233 3159 3304 ipse
3196 3232 3395 3306 perdo-

92 3322 423 3385 valetndines
452 3327 629 3403 gignit
663 3336 759 3385 aut
783 3318 1291 3402 mortes:gemiiiai
1317 3331 1465 3387 enim
1494 3330 1552 3392 in
1582 3331 1679 3388 lto-
1782 3326 1920 3393 cuit.
1978 3336 2075 3382 aut
2123 3327 2434 3399 intelligere
2486 3326 2671 3382 divina
2727 3326 3064 3399 aspiratione
3116 3329 3387 3399 permisit.

96 3415 225 3475 mine
250 3434 406 3478 vena:
433 3429 567 3478 sunt
590 3465 607 3491 ,
649 3436 773 3494 qua:
797 3422 1136 3495 praecipuum
1164 3422 1313 3480 inter
1341 3438 1535 3481 omnes
1567 3426 1680 3494 spi-

94 3510 298 3570 raminis
342 3529 412 3572 ac
461 3515 748 3587 sanguinis
786 3516 1036 3573 obtinent
1085 3518 1477 3590 principatum,
1510 3525 1567 3574 et
1608 3517 1680 3573 ab

96 3602 194 3673 ipsa
236 3606 372 3665 sede
417 3606 671 3681 vitalium
702 3609 918 3681 exiguis
947 3610 1224 3666 meatibus
1252 3622 1464 3682 sparsa:
1505 3618 1677 3666 totum

97 3709 279 3769 corpus
306 3700 631 3769 illustrant,
668 3700 927 3771 notisque
952 3700 1297 3757 discursibus
1326 3702 1677 3773 exploratum

99 3790 205 3849 vita
236 3794 343 3852 iter
371 3811 440 3852 ac
471 3796 720 3868 pervium
764 3804 1028 3863 servant;
1067 3811 1299 3876 quarum
1345 3797 1390 3852 si
1441 3798 1677 3853 alteram

100 3882 159 3941 de
178 3887 452 3958 [indictis
479 3892 563 3947 vis
598 3890 780 3960 aliqua
812 3890 1179 3961 praecluserit,
1212 3890 1511 3962 perniciem
1535 3890 1678 3947 haud

103 3976 260 4040 dubiae
289 3986 597 4044 debilitatis
614 4001 682 4043 ac
713 3989 909 4043 mortis
934 3996 1199 4058 operatur
1228 4006 1240 4041 :
1266 3987 1415 4044 unde
1439 3986 1680 4044 infantes

101 4080 383 4148 sepissime
409 4090 506 4138 aut
537 4084 701 4138 totius
738 4081 878 4137 lucis
905 4081 1224 4138 efficiuntur
1254 4091 1558 4152 expertes.
1588 4090 1682 4136 aut

104 4173 368 4234 confestim
399 4176 666 4248 parvulos
698 4179 990 4233 immatura
1020 4192 1169 4233 mors
1202 4175 1507 4249 praeripit.)
1530 4174 1681 4231 Non-

105 4282 374 4342 numquam
396 4271 544 4340 et,ob
564 4271 887 4328 eorumdem
915 4280 1205 4343 parentum
1230 4272 1315 4327 vel
1341 4279 1570 4343 peccata
1596 4270 1679 4325 vel

108 4364 300 4431 merita,
344 4366 618 4424 infantum
658 4369 802 4423 citus
850 4367 977 4424 linis
1013 4377 1137 4433 est;
1186 4366 1313 4438 quia
1355 4367 1681 4422 dilectorum

108 4452 353 4519 ablatione
399 4458 708 4534 probantur
752 4460 914 4528 boni,
990 4462 1292 4532 puniuntur
1336 4460 1567 4531 iniusti;
1626 4466 1682 4515 et

111 4552 185 4621 qui
221 4570 279 4612 se
307 4558 463 4630 argui
504 4557 795 4614 doloribus
842 4550 997 4624 aliis,
1036 4558 1362 4623 damnisque
1401 4573 1510 4613 non
1552 4566 1704 4612 sen-‘

1783 3422 1899 3495 Age
1923 3436 2082 3495 ergo,
2111 3430 2169 3477 et
2212 3420 2375 3478 fidem
2426 3421 2609 3477 cordis
2651 3418 3010 3503 simplicitate
3038 3430 3348 3494 susceptam
3370 3464 3389 3491 ,

1779 3512 1811 3554 δ
1832 3516 2017 3572 devoti
2046 3516 2162 3572 oris
2191 3513 2805 3581 cnnfessione‘testare,
2846 3529 2952 3571 nec
2999 3518 3155 3587 gravi
3184 3528 3397 3587 prace-

1784 3621 2000 3680 ptorum
2042 3625 2215 3667 onere
2241 3610 2505 3668 terrearis
2537 3628 2553 3668 :
2583 3609 2724 3667 levis
2751 3617 2836 3666 est
2861 3609 3099 3667 servitus
3148 3610 3284 3679 Dei,
3338 3618 3397 3667 et

1782 3706 1929 3764 intra
2003 3705 2345 3761 voluntatem
2400 3704 2637 3761 hominis
2696 3713 2809 3760 tota
2858 3703 3167 3761 necessitas
3221 3704 3391 3776 legis,

1782 3813 1947 3872 quam
1994 3814 2117 3854 cum
2147 3798 2367 3871 penitus
2407 3797 2707 3855 revelatam
2738 3797 3101 3868 compereris,
3164 3796 3245 3853 ita
3268 3796 3393 3867 ejus

1784 3892 2066 3965 agnitione
2093 3890 2380 3964 gaudebis,
2412 3900 2472 3947 ut
2519 3894 2645 3948 licet
2691 3888 2933 3949 stimulet
2982 3890 3054 3948 de
3098 3899 3230 3948 ante
3266 3901 3393 3947 acto

1784 4000 1977 4045 errore
2022 3988 2369 4058 poenitentia,
2419 3987 2597 4057 major
2638 3994 2819 4043 tamen
2847 3985 3035 4043 veniat
3077 3984 3149 4043 de
3173 3984 3393 4044 confes~
3440 4036 3443 4039 .

1785 4082 1944 4139 sione
1970 4080 2287 4153 gratulatio.

2108 4178 2111 4179 ⁷
2324 4175 2552 4233 CAPUT
2578 4175 2849 4233 XXXVII.

1790 4270 1919 4339 Qui:
1936 4271 2001 4325 sit
2022 4270 2295 4345 plenitudo
2315 4269 2464 4344 legis,
2489 4270 2747 4343 confessio
2767 4269 3091 4325 credulitatis
3112 4269 3181 4323 ad
3202 4266 3393 4327 Deum.

1860 4364 2061 4423 APOLL.
2093 4394 2164 4406 --
2192 4364 2329 4420 iam.
2362 4364 2567 4420 dudum
2639 4363 2892 4421 voluntas
2935 4379 3101 4436 quam
3155 4368 3388 4435 expetis,

1790 4470 2041 4533 prompta
2086 4471 2212 4517 est:
2259 4459 2357 4516 sed
2410 4460 2556 4515 velut
2594 4458 2816 4531 Oppleta
2868 4458 3160 4516 ruderibus
3202 4456 3399 4514 funda-

1789 4567 2102 4609 mentorum
2134 4554 2279 4618 loca,
2306 4554 2379 4607 ita
2410 4561 2651 4608 mentem
2681 4550 3055 4608 dubietatibus
3080 4551 3396 4620 emundari,

111 4643 263 4717 tiunt,
301 4655 465 4708 etiam
518 4652 847 4707 orbitatibus
890 4648 1206 4722 affliguntur
1240 4668 1253 4705 :
1278 4652 1463 4723 justas
1495 4661 1681 4707 autem
1714 4632 1768 4695 D
1796 4657 1819 4686 ο
1850 4648 2209 4719 ignorantiam
2233 4646 2458 4701 scientia
2487 4645 2731 4715 oportuit
2762 4643 2966 4712 imbui;
3012 4653 3073 4700 ut
3115 4651 3398 4730 patentem

111 4738 263 4811 maior
284 4741 410 4801 fidei
437 4744 587 4817 ignis
608 4744 918 4808 examinat,
952 4760 1079 4800 cum
1106 4744 1160 4800 in
1192 4744 1491 4801 levioribus
1513 4745 1675 4801 Stabi—

112 4826 177 4888 les
192 4838 345 4894 etiam
369 4838 679 4895 amissione
698 4835 727 4877 ι’
761 4837 1071 4907 probantur
1091 4835 1407 4896 aﬂ'ectuum.

173 5024 197 5054 ⁸
218 5017 302 5078 Sic
327 5019 602 5097 Acherius
627 5022 745 5097 ipse
774 5024 831 5079 in
857 5024 1109 5097 margine
1136 5024 1352 5080 monuit
1379 5023 1485 5097 legi
1516 5038 1681 5093 opor-

115 5092 214 5167 tere
235 5135 251 5160 ,
273 5108 411 5167 _cunt
441 5094 501 5150 in
530 5092 788 5150 omnibus
826 5092 1457 5165 codicibus‘reperiSSet'
1474 5092 1689 5167 progre-

122 5159 254 5234 deris.
272 5164 414 5222 Infra
441 5208 458 5233 ,
489 5168 629 5222 utin
653 5167 826 5234 nullo,
851 5159 1296 5223 restituimns'ex
1328 5159 1490 5224 codd".
1530 5159 1687 5224 Vind.

121 5240 165 5311 εει
188 5230 347 5305 Lem.;
378 5230 508 5295 nam
538 5246 700 5295 antea
727 5230 1013 5311 legebatur
1037 5252 1091 5295 att
1120 5242 1347 5297 nultum.
1376 5241 1514 5308 Quat-
1534 5242 1690 5297 dein-

124 5299 180 5397 ξε
202 5299 500 5397 parenthesi
548 5312 764 5397 inclusa
783 5299 992 5397 ’Σευηιῶ
1017 5311 1136 5397 huic
1164 5315 1218 5367 in
1241 5299 1506 5397 omnibus
1524 5314 1685 5397 codd.

124 5386 450 5456 Praemium
478 5385 534 5439 in
563 5398 679 5438 uno
698 5383 754 5437 S.
782 5382 1017 5467 Amuli},
1047 5384 1269 5441 desunt.
1297 5385 1442 5468 Ideni
1471 5383 1529 5439 S.
1549 5384 1683 5441 Arn.

125 5448 300 5541 (gfx,
332 5453 436 5541 ubi
450 5455 603 5541 legis
628 5455 972 5541 quidsentm
1018 5457 1231 5541 debeat,
1270 5458 1489 5527 plenius
1531 5460 1693 5514 habet

128 5518 226 5587 {id
246 5518 364 5595 usus
383 5518 679 5582 etten'tioris
705 5527 827 5582 rita;~
851 5529 1104 5584 docuerit.
1221 5518 1228 5525 ’
1273 5518 1285 5527 ’

132 5596 161 5673 ρ
182 5589 209 5632 ³
491 5598 681 5668 Vittd.,
712 5601 1013 5673 emendate
1034 5617 1048 5655 ;
1072 5602 1224 5671 prior
1254 5600 1440 5667 editio,
1468 5601 1694 5673 proban-

129 5667 466 5743 tur_s[ectui_n,
514 5682 793 5741 corrupte.
817 5671 969 5727 Haud
1002 5667 1277 5728 ita—inulto
1306 5667 1583 5743 postfubi
1629 5689 1697 5729 ex

131 5733 287 5796 “eis
313 5733 506 5799 codice
526 5733 848 5814 scripsimus
879 5756 1171 5815 arguuntur
1200 5733 1389 5813 eaitiia,
1419 5733 1701 5817 legebatur

132 5818 386 5875 «rm
402 5814 572 5875 exitu.
600 5815 780 5875 minus
804 5826 975 5873 recte.

402 5820 572 5883 exitu,
600 5820 780 5897 minus
804 5826 975 5873 recte.
1086 5886 1097 5900 .
1453 5888 1467 5901 .

214 5878 319 5945 llic
342 5886 510 5945 etiam
537 5884 667 5945 cod.
697 5883 861 5944 Vind.
892 5896 1270 5945 auctoritatem
1295 5899 1490 5955 secuti.
1514 5904 1701 5947 emen-

352 6126 371 6149 f
386 6146 413 6151 ,-

1795 4742 1919 4801 fidei
1955 4742 2163 4797 aditum
2210 4751 2460 4796 veterum
2517 4740 2772 4811 purgatio
2817 4737 2977 4794 firma
3032 4738 3396 4811 prospiceret.

1795 4837 1974 4907 Unde,
2003 4838 2129 4911 quia
2159 4837 2493 4908 occupatiori
2522 4836 2729 4893 dudum
2758 4835 2922 4909 plena
2952 4836 3091 4909 legis
3138 4850 3246 4901 non
3296 4850 3400 4909 po—

1794 5026 2045 5081 davimus
2076 5022 2129 5080 id
2162 5024 2304 5097 quod
2328 5022 2477 5093 prius
2492 5022 2803 5097 legebatur,
2830 5020 2881 5097 si
2908 5021 3024 5097 quis
3050 5026 3202 5097 forte.
3232 5022 3403 5091 Infra,

1795 5113 1857 5153 ex
1890 5098 2080 5152 eodem
2114 5090 2221 5151 et'e
2250 5090 2405 5151 Lem.
2436 5090 2710 5149 edidimus
2734 5090 2890 5147 malis
2910 5090 3062 5162 vita;
3081 5092 3205 5151 nam
3231 5090 3410 5153 Ache-

1794 5170 1912 5225 rius
1930 5171 2227 5238 scripserat
2254 5185 2320 5224 ea:
2343 5166 2496 5221 malis
2518 5167 2656 5222 vita.

1870 5240 1895 5279 ἀ
1927 5242 2141 5310 Optima
2174 5242 2300 5297 cod.
2333 5242 2483 5295 Lem.
2520 5242 2685 5295 lectio
2740 5239 2886 5307 quod
2930 5238 3085 5311 prius
3130 5238 3415 5311 legebatur

1793 5315 2078 5369 devotionis
2098 5313 2445 5385 confessione,
2468 5314 2649 5367 minus
2666 5312 2939 5382 placebat.
2962 5310 3146 5385 Infine
3161 5310 3301 5385 idem
3320 5328 3417 5370 co-

1794 5388 1897 5442 dex
1929 5398 1983 5441 et
2012 5384 2175 5441 Vind.
2200 5382 2216 5453 ζ
2263 5387 2327 5439 de
2367 5386 2690 5454 confessione
2716 5402 2737 5441 :
2767 5385 2922 5457 prior
2949 5382 3119 5439 editio
3143 5427 3158 5449 ,
3192 5384 3256 5440 de
3285 5400 3413 5441 con-
3502 5452 3505 5455 _

1798 5474 2049 5513 ηενδτοηε.

1875 5539 1898 5567 ε
1926 5530 2018 5586 Sic
2048 5528 2104 5583 in
2128 5529 2253 5586 cod.
2281 5530 2504 5584 Lemov.
2524 5546 2540 5594 ;
2564 5527 2619 5584 in
2650 5528 2839 5595 editis,
2861 5528 3211 5600 ignorantiam
3244 5531 3415 5584 scien-

1803 5604 1953 5657 tiam.
1983 5602 2130 5657 infra
2159 5600 2469 5657 Christianis
2501 5602 2643 5669 ﬁdei,
2685 5601 2833 5668 quod
2866 5603 3169 5670 reperimus
3201 5600 3252 5654 in
3282 5601 3409 5658 cod.

1807 5673 1997 5739 Vind.,
2031 5680 2206 5745 magis
2241 5674 2447 5745 placuit
2485 5688 2645 5744 quam
2687 5673 2833 5744 quod
2868 5676 3016 5741 prior
3046 5675 3218 5728 editio
3249 5671 3417 5729 habet

1805 5746 2108 5802 christiana
2131 5744 2276 5815 ﬁdei.
2306 5744 2459 5801 Haud
2486 5748 2557 5801 ita
2586 5745 2755 5801 multo
2780 5756 2904 5817 post
2931 5746 3018 5801 ubi
3046 5745 3094 5798 si
3124 5746 3407 5809 consolari,

1802 5817 1926 5889 lego
1956 5830 2003 5873 et
2032 5818 2316 5874 consolari.
